4020 5864
505 335 571 405 552
841 310 1196 386 nurtnotoetn
1225 315 1324 388 ano
1352 317 1455 389 ιιι.
1479 319 1561 390 nto

469 466 600 528 tetur:
631 440 696 527 sed
712 466 861 558 quanto
877 445 1061 558 spinosius
1089 440 1277 559 quodque
1295 473 1403 551 esse,
1438 472 1482 530 ac
1497 443 1579 559 plus
1601 442 1748 531 habere
1770 439 1926 531 difficul-

468 560 554 646 tatis
579 560 837 678 intelligebat,
862 587 974 649 tanto
990 562 1199 677 cupidius
1190 592 1228 647 tn
1260 563 1336 648 hoc
1366 561 1645 679 studiosiusque
1662 564 1928 653 incumbebat.

465 679 625 796 Itaque
615 710 653 763 ιιι
668 681 885 767 scholastica
912 682 1148 798 theologia,
1172 710 1261 767 cum
1289 709 1502 797 ceterorum
1528 713 1707 799 quoque
1727 683 1926 800 theologo

466 826 551 889 rum
570 798 781 885 doctrinam
798 800 1081 915 perdiscendam
1097 800 1164 885 sibi
1181 802 1394 908 statuisset,
1422 802 1522 887 Scoti
1548 828 1682 887 tamen
1713 802 1922 918 aenigmata

466 943 555 1006 ante
571 919 699 1004 omnia
717 919 1006 1037 pervestiganda
1023 920 1090 1006 sibi
1107 921 1332 1035 proposuit,
1363 947 1499 1035 putans
1524 919 1700 1004 videlicet
1717 919 1759 1005 id
1776 981 1790 1024 ,
1819 924 1917 1036 quod

466 1036 622 1145 evenit,
647 1040 719 1124 hac
736 1038 841 1127 velut
864 1040 1022 1156 sphinge
1050 1064 1253 1153 superata,
1281 1039 1371 1124 nihil
1397 1065 1475 1124 tam
1505 1036 1656 1123 difficile
1673 1036 1799 1142 fore,
1827 1038 1921 1154 quod

272 1207 303 1264 ,ι
317 1145 455 1270 Μξιμ,
418 1155 583 1252 ωιιοιι”
603 1188 674 1243 suo
703 1157 856 1275 ingenio
872 1188 916 1243 ac
941 1157 1153 1273 diligentiae
1177 1185 1441 1243 concessurum
1462 1185 1541 1242 esse
1573 1157 1790 1244 videretur.
1817 1157 1925 1268 Cuius

464 1274 642 1362 victoriae
670 1305 829 1392 compos
862 1273 1012 1383 factus,
1038 1305 1163 1392 quem
1181 1306 1260 1361 non
1278 1275 1337 1361 ille
1361 1275 1453 1391 legit
1478 1274 1797 1361 scholasticorum
1821 1277 1923 1362 theo·

463 1391 666 1532 logotum?
692 1424 815 1511 quam
841 1424 922 1481 non
948 1395 1210 1511 quaestionem
1238 1395 1316 1483 vel
1315 1395 1500 1510 publice,
1531 1393 1594 1482 vel
1621 1393 1810 1509 privatim
1842 1423 1925 1479 cum

461 1514 548 1600 viris
571 1514 788 1605 doctissimis
777 1513 1054 1650 disputavit?
1066 1513 1176 1631 quod
1194 1543 1332 1598 munus
1347 1539 1385 1599 et
1401 1511 1669 1616 libentissime,
1697 1538 1739 1599 et
1757 1540 1847 1598 cum
1861 1514 1926 1599 ad·

460 1633 660 1720 miratione
682 1634 855 1720 omnium
876 1633 1093 1746 usurpabat.
1124 1631 1229 1715 Nihil
1248 1632 1348 1717 enim
1377 1630 1635 1746 illiusingenio
1653 1630 1808 1734 actius,
1838 1631 1924 1716 ιιιιιιι

460 1754 718 1866 praesentius,
747 1752 798 1837 nil
814 1751 978 1889 denique
1005 1748 1271 1866 perspicacius,
1300 1775 1347 1836 ut
1363 1749 1544 1837 sermonis
1570 1748 1749 1864 leporem
1790 1778 1831 1835 ac
1857 1781 1922 1837 vo

460 1870 513 1956 cis
529 1872 831 1960 moderationem
855 1872 1063 1975 omittam,
1096 1869 1234 1986 quibus
1261 1867 1334 1956 dici
1363 1898 1449 1956 non
1481 1891 1609 1983 potest
1634 1891 1833 1986 quantum
1865 1868 1926 1956 sibi

461 1991 693 2078 audientium
710 1991 857 2076 animos
872 1989 1098 2075 conciliaret.

521 2113 629 2207 XIV.
689 2114 774 2194 Nec
802 2109 939 2194 mitum
959 2108 1198 2223 ingeniosum
1226 2133 1265 2195 et
1293 2108 1515 2227 diligentem
1539 2089 1789 2196 hominem
1775 2139 1811 2194 ιιι
1843 2137 1920 2194 eam

460 2223 657 2317 doctrinae
671 2227 973 2363 magnitudinem
989 2228 1172 2334 evasisse,
1198 2227 1265 2343 qui
1280 2255 1426 2344 semper
1452 2228 1587 2313 habuit
1608 2228 1771 2314 domi
1737 2257 1834 2314 utros
1848 2233 1921 2312 lta·

285 2413 288 2419 .
418 2436 420 2441 s
461 2345 558 2432 liae
548 2378 587 2432 tn
603 2347 708 2433 omni
702 2375 862 2483 genere
879 2346 1085 2433 litterarum
1104 2345 1370 2451 doctissimos,
1398 2346 1537 2462 quibus
1555 2347 1696 2461 partim
1717 2373 1927 2463 praecepto

463 2466 592 2574 ribus,
618 2467 753 2580 partim
769 2465 873 2551 sociis
889 2464 1102 2553 studiorum
1126 2465 1176 2551 ad
1193 2463 1386 2550 litteratias
1411 2464 1703 2552 exercitationes
1735 2490 1921 2550 uteretur:

464 2614 632 2701 quorum
648 2581 751 2671 fuere
769 2583 890 2670 Aldus
906 2584 1135 2689 Manutius,
1162 2583 1358 2719 Tryphon
1390 2583 1624 2697 Byzantius,
1661 2583 1822 2669 Marcus
1845 2587 1923 2669 Mu·

466 2734 601 2810 sutus,
606 2704 699 2791 viri
720 2703 931 2820 utriusque
942 2703 1094 2818 linguae
1116 2702 1339 2819 cognitione
1366 2728 1621 2816 praestantes,
1655 2707 1795 2789 Petrus
1822 2707 1925 2788 Pom

465 2825 643 2939 ponatius
669 2848 889 2938 praeceptor
907 2852 1042 2925 meus,
1071 2823 1250 2936 Joannes
1246 2821 1502 2911 Monsdocus
1518 2820 1790 2937 Hispalensis,
1803 2819 1928 2906 summi

467 2941 537 3028 viri
553 2942 591 3027 in
617 2941 788 3028 doctrina
802 2941 1073 3058 Peripateticae,
1100 2969 1267 3078 quotum
1283 2938 1345 3026 ille
1376 2940 1609 3047 Bononiae,
1630 2939 1697 3026 hic
1713 2939 1928 3075 theologiae

460 3087 628 3177 quoque
651 3060 870 3179 cognitione
894 3083 1112 3175 praestans,
1129 3060 1217 3148 Pisis
1249 3085 1366 3176 atque
1395 3059 1540 3149 Patavii
1559 3059 1734 3146 maximis
1770 3057 1932 3177 praemiis

468 3181 617 3296 publice
649 3181 875 3298 propositis,
901 3179 1178 3298 philosophiam
1211 3179 1458 3269 docuerunt.
1486 3180 1658 3270 Andreas
1686 3185 1833 3269 Battus
1855 3206 1930 3263 ma·

351 3392 353 3397 ,
469 3328 568 3435 gnus
583 3299 675 3387 item
704 3299 976 3416 philosophus:
1007 3302 1058 3389 ad
1076 3303 1169 3390 haec
1191 3305 1396 3391 Gratianus
1409 3301 1607 3388 Brixiensis
1626 3299 1771 3411 ,cujus
1795 3320 1924 3386 castam

443 3447 444 3450 ‘
472 3418 511 3505 in
526 3425 684 3508 Scotum
698 3421 1002 3523 commentaria,
1033 3422 1244 3507 monachus
1272 3421 1565 3522 Franciscattus,
1601 3418 1782 3505 Valerius
1803 3413 1927 3503 Eremi-

472 3562 540 3646 ta,
571 3538 640 3625 viri
671 3538 887 3657 theologiae
917 3566 1182 3654 sacratumque
1210 3536 1418 3623 litteratum
1451 3536 1686 3652 peritissimi,
1725 3564 1776 3624 ut
1802 3534 1932 3622 multos

473 3657 566 3742 alios
595 3681 825 3774 praeteream
849 3658 1000 3773 egregia
1026 3655 1250 3743 doctrina
1214 3685 1344 3762 viros,
1370 3683 1459 3740 cum
1484 3655 1645 3771 quibus,
1662 3654 1856 3772 quidquid
1873 3653 1935 3740 otii

474 3804 519 3860 ac
542 3777 721 3892 temporis
739 3806 762 3862 a
779 3776 934 3891 publicis
951 3775 1110 3889 negotiis
1135 3774 1327 3879 dabatur,
1355 3772 1615 3888 disputando,
1642 3801 1688 3858 ac
1719 3774 1774 3860 de
1808 3772 1931 3860 studio

474 3893 681 3980 litterarum
694 3897 916 4030 ,rebusque
925 3891 1188 3979 honestissimis
1203 3890 1464 4006 colloquendo
1479 3890 1718 3977 libentissime
1734 3918 1931 3978 consume-

470 4013 631 4120 bat,
595 4041 651 4101 vtt
667 4034 747 4098 non
761 4013 995 4100 institutione
1011 4033 1193 4117 tantum,
1217 4011 1284 4096 sed
1313 4034 1448 4097 natura
1464 4039 1623 4127 quoque
1649 4010 1699 4095 ab
1729 4010 1843 4097 omni
1871 4039 1936 4096 vo·

474 4132 542 4247 lup
542 4150 622 4218 tate
649 4131 887 4263 libidineque
905 4128 1155 4219 alienissimus.
1201 4128 1325 4223 Quod
1341 4129 1442 4214 enim
1460 4132 1591 4215 otium
1618 4125 1882 4216 adolescentes
1895 4155 1937 4213 ea

478 4166 657 4337 fortuna
648 4279 931 4367 iuvenesque
894 4249 953 4334 alii
984 4233 1108 4352 ludo,
1139 4247 1321 4350 canibus,
1352 4272 1419 4333 aut
1436 4247 1578 4334 Veneri
1595 4246 1685 4333 dare
1711 4249 1846 4334 solent
1865 4309 1877 4351 ,
1897 4245 1934 4331 id

479 4369 656 4457 Albettus
671 4370 757 4456 Pius
784 4370 944 4472 litteris,
972 4395 1017 4452 ac
1033 4309 1373 4451 horiestissimatum
1400 4394 1526 4452 rerum
1554 4364 1768 4502 cognitioni
1795 4366 1934 4452 tribue·

480 4489 559 4574 bat
591 4492 643 4571 Et
670 4513 750 4573 erat
774 4482 900 4574 forma
928 4486 1081 4602 orisque
1097 4484 1309 4602 dignitate,
1346 4512 1392 4568 ac
1420 4485 1562 4600 reliqua
1588 4482 1735 4598 proceri
1770 4484 1935 4602 corpori

483 4603 735 4709 habitudine,
767 4630 808 4693 et
832 4603 1180 4721 suaviloquentia,
1211 4630 1300 4687 cum
1315 4632 1398 4719 quo
1413 4602 1475 4691 vel
1500 4602 1623 4689 nullus
1649 4629 1783 4718 posset
1797 4604 1840 4690 in
1874 4609 1930 4691 lta

471 4725 565 4857 lia,
592 4720 653 4816 vel
693 4724 805 4843 pauci
832 4723 1046 4814 admodum
1076 4720 1307 4907 comparari:
1336 4750 1387 4809 ne
1416 4721 1517 4842 quis
1515 4719 1625 4809 forte
1646 4744 1763 4839 putet
1791 4746 1933 4845 praeter

1847 4866 1936 4957 0ιίς
