4192 5880
503 367 643 440 neo.
679 366 1090 439 nsuouuosrr
1125 363 1238 439 aru.
1262 367 1291 436 1.
1539 377 1582 454 25

154 494 288 612 „belli
305 482 437 613 ipsum
452 493 518 584 sibi
543 493 650 581 licere
666 514 815 611 putasse
830 521 840 577 ε
856 517 957 608 quae
966 489 1288 598 viterbiensibus,
1304 516 1421 607 quam
1436 487 1606 579 Urbeve·

157 619 296 729 ,tanis
312 641 421 705 tanto
447 614 565 736 magis
581 611 689 701 fuisse
705 612 975 699 extimescenda
992 673 1003 716 ,
1019 637 1167 725 quanto
1195 609 1320 724 justius
1336 609 1474 695 bellum
1493 612 1606 729 Aegi·

160 738 286 847 „dius
312 762 481 858 gereret,
510 766 629 853 quam
655 735 823 849 Joannes
854 731 981 816 Vicus.
1016 731 1101 816 Tibi
1130 732 1256 837 enim,
1276 729 1421 846 inquit,
1440 730 1607 842 Joannes

159 917 187 964 „
204 858 321 964 Vice,
338 859 522 973 quoniam
546 854 633 941 huic
653 850 857 955 concioni,
873 880 990 965 quam
1013 878 1084 934 nos
1116 851 1166 937 ad
1200 851 1384 965 populum
1399 851 1605 936 Viterbien·

159 1037 186 1085 „
203 1006 282 1062 sem
297 977 477 1094 Aegidius
505 975 642 1059 habere
672 972 771 1084 jussit
787 1033 799 1076 ,
816 971 1013 1074 interesse,
1032 998 1100 1054 nec
1125 970 1232 1055 nobis
1266 968 1412 1074 invitis,
1429 968 1600 1078 voluisti,

160 1154 187 1204 „
203 1095 327 1211 aliqua
344 1115 430 1181 sunt
446 1093 631 1180 audienda
653 1091 803 1177 minime
818 1090 973 1205 quidem
1002 1085 1155 1174 fortasse
1188 1088 1337 1173 auribus
1366 1088 1438 1172 tuis
1472 1086 1604 1199 jucun·

156 1268 187 1322 ‹„
204 1214 255 1299 da
277 1215 371 1319 ,sed
394 1245 483 1303 vera
502 1241 619 1328 usque
644 1209 768 1315 adeo,
786 1231 830 1294 ut
858 1234 966 1295 netu
988 1208 1143 1324 quidem
1160 1207 1272 1322 possis
1303 1204 1472 1291 inficiati.
1508 1209 1602 1297 Situ

160 1391 188 1442 „
204 1332 305 1416 enim
323 1335 415 1448 ,qui
432 1336 480 1420 de
496 1331 631 1416 miseris
644 1327 891 1417 Urbevetanis
908 1390 920 1433 ,
937 1328 1045 1443 quod
1076 1328 1208 1413 urbem
1220 1357 1329 1412 suam
1344 1326 1408 1410 tibi
1424 1354 1503 1410 non
1521 1357 1603 1442 pro·
1674 1346 1681 1376 s

161 1508 188 1558 ‚,
202 1450 358 1556 derent,
376 1452 468 1538 dum
488 1450 553 1535 sibi
576 1479 660 1534 eam
687 1478 731 1533 ac
756 1477 907 1533 summo
924 1444 1094 1532 Pontifici
1111 1476 1330 1534 conservare
1352 1470 1602 1556 conarentur,

162 1569 309 1683 „quod
327 1566 446 1656 facere
468 1569 574 1657 omni
591 1569 668 1682 jure
690 1568 917 1653 tenebantur
932 1627 944 1670 ,
960 1589 1038 1650 tam
1055 1595 1187 1684 graves
1205 1596 1344 1681 poenas
1356 1593 1506 1650 sumere
1521 1597 1602 1656 non

162 1747 187 1796 „
201 1717 318 1803 grave
342 1690 478 1804 putasti
494 1751 506 1794 ,
521 1688 589 1804 qui
602 1712 664 1772 tot
679 1687 717 1770 in
741 1687 840 1772 cives
855 1688 1051 1770 Romanos
1078 1685 1224 1771 dudum
1245 1684 1425 1771 cruciatus
1442 1685 1601 1794 edebas,

161 1806 430 1924 „quicumque
454 1811 672 1923 imperatam
698 1836 721 1890 a
752 1830 790 1892 te
818 1805 1014 1918 pecuniam
1048 1804 1160 1909 dare,
1178 1828 1244 1888 aut
1268 1831 1376 1919 posse
1395 1864 1406 1908 ,
1424 1827 1490 1887 aut
1507 1804 1602 1892 velle

162 1981 187 2030 „
203 1950 422 2041 negassent,
437 1951 504 2010 aut
524 1924 733 2042 quidquam
750 1920 871 2008 faeere
897 1923 947 2008 ad
964 1947 1100 2008 nutum
1116 1948 1225 2009 tuum
1248 1922 1471 2025 renuissent,
1488 1922 1518 2005 si
1535 1947 1577 2008 tu
1586 1986 1600 2033 ,

163 2040 355 2158 „inquam
375 2107 387 2150 ,
403 2045 469 2160 qui
495 2045 614 2129 modo
631 2045 789 2128 deorum
805 2070 879 2157 ope
894 2103 907 2147 ,
922 2043 1058 2156 quibus
1086 2042 1247 2128 adversis
1269 2041 1408 2127 bellum
1424 2041 1601 2158 gerebas,

161 2217 186 2266 „
200 2184 241 2244 et
257 2163 403 2279 Aegidii
429 2163 565 2250 virtute
597 2192 641 2247 ac
670 2162 867 2277 prudentia
893 2161 1011 2248 victus
1031 2160 1152 2274 jaces,
1171 2161 1268 2244 hanc
1291 2162 1426 2245 urbem
1453 2158 1602 2247 devicis-

160 2335 185 2383 „
200 2307 254 2363 ses
272 2341 284 2384 ,
301 2282 496 2398 victorque
525 2282 705 2398 ingressus
735 2280 956 2365 concionem
984 2279 1228 2366 advocasses:
1262 2309 1343 2396 quo
1367 2278 1495 2363 animo
1523 2309 1600 2367 cre³

162 2395 324 2503 „dimus
347 2399 416 2485 hos
446 2431 589 2504 omnes¹
606 2396 713 2485 fuisse
730 2408 1004 2485 conventuros?
1035 2403 1148 2484 Certe
1170 2399 1259 2485 alios
1291 2429 1378 2482 cum
1407 2398 1600 2487 bonorum

160 2572 184 2622 „
198 2515 447 2628 publicatione
476 2519 623 2623 exsilia,
641 2518 730 2602 alios
752 2517 862 2631 capiti
888 2541 1130 2622 metuentes,
1160 2518 1310 2601 minime
1342 2540 1469 2601 autem
1509 2546 1600 2604 eon·

160 2690 185 2735 „
204 2633 296 2718 scios
313 2696 325 2739 ,
341 2637 583 2753 relegationes
604 2661 751 2721 tantum
777 2661 963 2749 sperantes
979 2696 991 2739 ,
1006 2661 1072 2721 aut
1096 2635 1334 2751 quantamvis
1354 2635 1598 2750 pecuniarum

158 2806 184 2857 „
199 2752 400 2838 mulctam.
434 2757 515 2841 Vos
541 2780 668 2846 autem
683 2815 695 2858 ,
710 2753 779 2840 uiri
794 2753 1067 2859 Viterbienses,
1096 2756 1275 2872 Aegidius
1300 2755 1421 2841 victor
1437 2785 1506 2868 pto
1531 2785 1597 2844 sua

157 2927 183 2974 „
196 2868 391 2957 elementia
419 2902 463 2956 ac
480 2872 764 2959 mansuetudine
788 2901 941 2958 omnem
961 2897 1103 2958 metum
1135 2872 1271 2989 gaudio
1299 2873 1510 2988 laetitiaque
1541 2875 1597 2985 ju·

155 3042 182 3094 ‚,
196 2987 261 3072 bet
286 2990 475 3078 ⁴hodierno
506 2993 565 3079 die
595 3004 859 3077 commutare:
891 3014 931 3075 et
967 2992 1065 3075 banc
1096 2991 1288 3077 victoriam
1314 3021 1392 3076 non
1425 3017 1502 3076 tam
1530 2992 1597 3108 ipsi

155 3162 181 3210 „
195 3106 441 3225 Pontificique
468 3173 479 3216 ,
510 3141 626 3225 quam
659 3110 765 3195 vobis
796 3135 941 3223 partam
968 3138 1124 3222 putare:
1151 3110 1357 3196 libertatem
1392 3110 1511 3195 modo
1534 3141 1595 3198 ve·

156 3250 310 3328 „stram
333 3228 467 3333 vobis,
486 3229 681 3343 otiumque
709 3251 931 3342 perpetuum
948 3288 959 3331 ,
976 3228 1005 3310 si
1035 3230 1137 3312 bona
1168 3253 1290 3313 vestra
1320 3230 1593 3344 cognoveritis,

156 3344 335 3446 „restitui
362 3346 586 3431 existimate.
615 3345 768 3430 Nullam
795 3345 900 3429 vobis
921 3346 1161 3459 pecuniarum
1189 3346 1346 3461 imperat
1372 3347 1445 3432 vim
1463 3411 1474 3455 ,
1492 3349 1594 3435 nulla

156 3460 325 3576 „iniqua
359 3465 496 3549 tributa
521 3465 712 3579 imponere
730 3487 873 3549 vestrae
888 3462 1026 3548 civitati
1040 3463 1201 3579 cogitat.
1234 3471 1403 3549 Tantum
1432 3496 1454 3549 a
1484 3466 1593 3553 vobis

159 3633 184 3681 ‚,
198 3581 291 3690 petit
308 3643 319 3684 ,
336 3581 443 3697 quod
470 3614 539 3670 vos
570 3582 710 3667 eunctis
726 3582 846 3685 votis,
864 3580 891 3664 si
913 3581 1061 3695 sapitis,
1078 3610 1254 3696 exoptare
1280 3584 1444 3687 debetis,
1460 3611 1592 3696 pacem

157 3750 182 3798 „
197 3698 324 3783 ametis
355 3725 572 3817 perpetuam
590 3762 601 3805 ,
617 3700 738 3784 otium
769 3697 939 3814 quietum
964 3697 1140 3816 diligatis.
1180 3703 1290 3795 Quas
1320 3730 1376 3784 res
1405 3700 1480 3784 hoc
1510 3731 1591 3788 uno

155 3816 336 3931 „assequi
368 3820 547 3933 potestis,
576 3818 604 3901 si
633 3815 747 3903 fidem
778 3817 948 3901 ecclesiae
972 3838 1016 3901 ac
1047 3849 1196 3902 summo
1224 3816 1392 3903 Pontifici
1423 3820 1591 3907 debitam

153 3987 179 4035 ‚,
197 3959 376 4048 perpetua
390 3936 598 4023 constantia
622 3935 862 4022 observabitis
879 3964 890 4037 3
911 3946 950 4020 et
971 3965 1036 4019 eos
1052 3936 1191 4049 patriae
1214 3935 1416 4045 judicabitis
1438 3937 1589 4047 hostes,

152 4081 292 4165 „quos
324 4053 434 4140 rebus
450 4055 558 4144 novis
582 4056 733 4140 studere
757 4052 1009 4171 cognoscetis.
1042 4055 1156 4148 Quae
1185 4076 1228 4138 ut
1259 4050 1423 4159 faciatis,
1443 4056 1509 4141 viri
1527 4058 1592 4141 Vi·

152 4225 178 4273 „
190 4171 413 4279 terbienses,
429 4204 507 4259 non
526 4172 641 4290 magis
664 4171 772 4260 vobis
787 4169 878 4258 fides
894 4172 995 4286 ipsa,
1011 4201 1110 4286 quae
1139 4197 1193 4257 est
1222 4174 1391 4257 omnium
1409 4174 1592 4260 virtutum

152 4282 482 4390 „fundamentum
503 4317 570 4398 ,et
592 4291 719 4377 divina
742 4291 985 4406 humanaque
1014 4289 1093 4403 jura
1110 4290 1272 4406 ,quibus
1297 4292 1381 4377 estis
1415 4293 1592 4410 obligati,

151 4462 178 4510 „
193 4432 310 4517 quam
334 4412 482 4526 propria
499 4438 619 4500 vestra
646 4438 689 4494 ac
719 4409 913 4525 peculiaria
937 4409 1141 4495 commoda
1172 4411 1391 4526 persuadere
1425 4412 1591 4499 debent.

149 4583 175 4631 „
190 4527 249 4606 Ea
276 4552 369 4609 vero
398 4553 497 4644 quot
527 4551 746 4646 quantaque
775 4529 848 4614 sint
878 4527 915 4613 in
949 4557 1041 4643 pace
1072 4529 1323 4647 degentibus,
1354 4555 1446 4615 tunc
1478 4529 1594 4647 magis

149 4701 177 4749 „
190 4642 438 4758 perspicietis,
467 4678 553 4733 cum
576 4647 820 4735 incommoda
844 4671 883 4732 et
911 4647 1159 4752 detrimenta,
1183 4679 1281 4765 quae
1314 4648 1451 4733 bellum
1481 4648 1593 4734 comi·

149 4778 317 4867 „tantur
333 4825 345 4869 ‚
364 4764 440 4850 alta
468 4793 594 4852 mente
609 4792 648 4852 et
664 4765 811 4853 intentis
838 4765 954 4850 oculis
984 4762 1120 4851 fueritis
1145 4767 1407 4881 contemplati.
1441 4771 1502 4852 De
1518 4767 1597 4885 qui·

150 4878 261 4985 „bus
285 4882 405 4969 multa
422 4885 513 4971 mihi
530 4886 606 4972 hoc
630 4887 670 4970 in
695 4886 783 4972 loco
807 4908 929 4972 essent
945 4881 1107 4984 fortasse,
1129 4885 1286 4974 dicenda
1302 4947 1314 4993 ,
1330 4885 1397 4972 nisi
1424 4911 1509 4973 satis
1540 4916 1598 4970 su-

174 5030 177 5056 ¹
205 4998 388 5088 TomoW·
1117 5009 1158 5092 D
1482 5064 1509 5112 n
1522 5030 1603 5120 per.
