4006 5850
699 426 958 499 LIBERI
1426 432 1498 518 469

82 578 153 684 qur
139 550 296 637 dume
325 545 513 635 mentibus
543 545 742 635 hominum
771 549 989 684 religionem
1017 546 1268 634 Christianam
1295 576 1529 667 omnemque

81 667 154 753 Dei
170 668 313 754 cultum
344 665 471 752 nititur
494 667 636 752 cunctis
662 667 867 753 rationibus
899 667 1081 772 abolere,
1111 666 1347 752 certissimam
1377 697 1457 754 rem
1489 694 1529 755 et

81 785 288 901 principum
304 810 386 872 tum
404 783 748 899 philosophorum,
777 810 861 871 tum
889 784 1159 917 theologorum
1183 785 1407 871 auctoritate
1434 816 1528 872 con·

78 901 288 989 firmatam
279 933 317 988 ιιι
334 902 491 989 dubium
521 930 701 991 revocare
724 927 886 990 tentaret
911 911 1025 988 tanto
1047 901 1174 987 studio
1203 925 1242 986 et
1268 905 1528 1013 contentione,

77 1045 122 1106 ut
140 1026 186 1104 de
199 1048 312 1104 servo
333 1014 493 1106 arbitrio
509 1019 674 1126 librum,
704 1022 772 1132 qui
798 1022 876 1136 ipsa
906 1020 1028 1107 statim
1058 1019 1301 1132 inscriptionis
1333 1021 1529 1109 insolentia

79 1138 186 1231 simul
201 1138 362 1225 auctoris
379 1137 625 1224 temeritatem
643 1135 854 1251 praeferat,
883 1137 1014 1223 simul
1004 1137 1157 1253 impiam
1176 1137 1458 1254 arrogantiam,
1490 1141 1529 1226 in

83 1262 281 1342 Erasmum
300 1257 601 1341 Roterodamum
620 1256 804 1362 ediderit,
820 1273 908 1341 cum
923 1256 984 1341 hic
1010 1259 1056 1338 de
1067 1258 1184 1340 libero
1206 1260 1367 1342 arbitrio
1391 1258 1529 1344 librum

82 1373 196 1460 docte
211 1401 249 1460 et
276 1374 493 1489 eleganter,
521 1400 565 1456 ac
587 1373 742 1487 perinde
764 1373 931 1490 religiose
957 1373 1254 1486 conscripsisset,
1276 1404 1359 1489 quo
1387 1377 1530 1463 Lurhe-

83 1518 217 1576 tanum
240 1492 341 1576 hunc
358 1520 523 1576 errorem
541 1549 554 1595 ,
572 1519 617 1575 ac
646 1490 771 1605 potius
796 1487 966 1577 fraudem
989 1515 1028 1576 et
1054 1490 1309 1576 malitiosam
1300 1493 1529 1608 impietatem

81 1610 237 1694 scienter
253 1608 313 1693 ille
336 1607 493 1723 quidem
509 1633 547 1694 ιι
566 1632 773 1721 peracute,
799 1607 889 1694 sed
881 1634 978 1742 justo
994 1632 1122 1692 tamen
1137 1609 1368 1714 modestius,
1397 1639 1446 1696 ne
1474 1612 1529 1697 di-

82 1754 166 1811 cam
183 1726 327 1841 parcius
342 1750 383 1811 et
396 1722 612 1829 timidius,
603 1750 814 1811 insectatur.
840 1726 962 1819 Qui
936 1755 964 1810 ιι
980 1749 1102 1812 totam
1118 1753 1267 1810 causam
1289 1724 1414 1813 fuisset
1425 1757 1530 1814 com·

82 1844 239 1959 plexus,
258 1872 327 1928 nec
340 1843 483 1928 bonam
500 1867 648 1956 partem
664 1842 841 1928 intactam
856 1841 1087 1959 reliquisset,
1113 1842 1414 1930 consuluisset
1378 1875 1436 1931 vrr
1451 1849 1529 1932 ιΙο

84 1989 206 2077 quens
235 1985 274 2046 et
301 1960 465 2047 eruditus
495 1960 612 2045 labori
634 1989 722 2045 meo
738 1990 910 2075 ,meque
926 1960 1032 2077 gravi
1061 1961 1134 2045 hoc
1163 1961 1343 2046 scribendi
1369 1994 1528 2051 munere

81 2077 279 2165 liberasset.
308 2082 424 2162 Nunc
443 2105 530 2162 cum
547 2079 770 2164 sententiam
785 2108 889 2164 suam
906 2078 1120 2163 testimoniis
1132 2078 1328 2164 dumtaxat
1342 2108 1528 2169 sacrarum

81 2195 286 2282 litterarum
305 2193 528 2280 confirmare
553 2220 782 2298 contentus,
811 2197 904 2281 dum
933 2195 1017 2281 satis
1040 2194 1262 2308 religioni
1235 2225 1284 2279 ιιι
1315 2193 1527 2283 factum
1487 2232 1528 2287 ιιι

83 2338 261 2426 putaret,
291 2311 385 2427 quid
402 2336 536 2397 natura
551 2340 677 2396 rerum
693 2313 936 2441 humanaque
953 2311 1048 2397 ratio
1063 2336 1200 2424 poscat
1223 2312 1410 2401 omiserit:
1439 2304 1529 2402 ofli-

86 2429 133 2515 cii
162 2458 239 2517 esse
263 2427 679 2544 duxi,quaestionem,
708 2457 811 2541 curus
844 2429 1048 2514 discrimine
1066 2429 1226 2514 maxima
1241 2455 1279 2516 ιι
1308 2462 1459 2518 ιιιοιιιιιι
1485 2458 1525 2522 et

82 2547 272 2664 religionis
289 2571 486 2633 momenta
517 2569 742 2650 versantur,
774 2546 889 2660 paulo
918 2546 1025 2631 altius
1048 2547 1270 2658 repetitam,
1293 2546 1400 2635 latius
1415 2551 1528 2637 etiarn

86 2667 296 2781 explicare,
323 2688 367 2750 ut
390 2663 609 2751 Lutherano
625 2659 768 2767 furori,
794 2664 861 2778 qui
890 2691 993 2750 nova
1018 2689 1184 2749 monstra
1200 2664 1307 2749 nullo
1331 2695 1412 2753 non
1433 2692 1527 2756 tem

82 2811 182 2898 pore
196 2781 484 2869 comminiscitur
502 2842 515 2886 ,
533 2808 603 2867 nec
618 2804 734 2867 cessat
750 2779 918 2915 religioni
933 2781 1209 2895 perniciosiores
1220 2782 1364 2869 insidias
1381 2787 1528 2872 machi·⁴

82 2902 192 3007 nari,
220 2899 313 2985 hac
306 2920 343 2985 ιιι
329 2897 613 3036 quaestione,
640 2929 739 3016 quae
755 2927 836 2987 nou
853 2899 974 2984 minus
987 2898 1263 3015 philosophos,
1284 2930 1400 3015 quam
1415 2903 1525 2991 theo.

82 3015 194 3154 logos
209 3018 385 3154 attingit,
417 3017 559 3104 ιιιιιιιίι
574 3018 808 3125 rationibus,
840 3043 1027 3135 quantum
1042 3017 1168 3104 studio
1185 3045 1223 3104 et
1239 3018 1368 3106 labore
1391 3049 1527 3109 conse-.-

83 3136 152 3271 qui
168 3136 377 3252 possimus,
397 3164 649 3225 occurramus.
682 3136 797 3222 Simul
813 3165 884 3242 ne,
900 3164 988 3221 cum
1001 3159 1124 3222 cetera
1139 3135 1217 3247 ejus
1228 3136 1340 3250 impia
1364 3162 1403 3223 et
1419 3136 1527 3226 nefa

80 3253 138 3341 ria
154 3253 388 3370 dogmata
353 3284 421 3341 vrrr
409 3255 620 3390 singulari
649 3280 733 3341 tum
766 3255 938 3342 doctrina
969 3280 1052 3339 rum
1082 3254 1194 3339 etiam
1220 3255 1401 3369 gravitate
1417 3257 1528 3343 multi
1625 3293 1628 3300 ·

81 3370 230 3488 singula
255 3371 352 3458 libris
367 3372 471 3459 editis
501 3373 762 3477 cohibuerint,
791 3371 894 3478 hoc,
909 3372 1018 3487 quod
1048 3399 1128 3456 non
1158 3370 1280 3471 solum
1294 3362 1527 3458 Christianae

77 3488 285 3604 religioni,
310 3489 378 3577 sed
396 3488 502 3576 omni
518 3489 649 3576 divino
665 3488 783 3575 cultui
800 3548 819 3593 ,.
840 3489 999 3574 libertati
1014 3488 1243 3595 hominurn,
1271 3488 1410 3574 cunctis
1435 3490 1527 3605 legi·

78 3604 156 3695 bus
167 3607 339 3694 humanis
354 3605 456 3742 juxta
470 3629 510 3692 et
525 3606 656 3694 divinis
676 3607 832 3692 latenter
848 3605 1071 3711 insidiatur,
1097 3634 1233 3721 campo
1258 3605 1425 3691 liberiore
1453 3609 1524 3693 de-

78 3721 313 3830 bacchetur,
341 3722 370 3808 si
385 3725 508 3810 minus
521 3723 729 3810 multorum
743 3722 1011 3811 testimonioet
1025 3723 1162 3838 scriptis
1177 3719 1375 3808 refellatur.

142 3845 187 3926 11.
250 3840 376 3938 Quod
403 3871 500 3957 opus
528 3867 572 3929 ut
598 3840 648 3927 ad
678 3867 718 3928 ιι
747 3902 760 3947 ,
786 3841 953 3954 Joannes
977 3839 1192 3945 Toletanc,
1222 3838 1434 3948 mitterem,
1461 3871 1524 3929 me

82 3957 296 4077 complures
311 3958 567 4072 eaedemque
558 3958 769 4072 justissimae
784 3986 917 4044 ιιιιιιι
936 3955 1210 4072 compulerunt.
1254 3957 1421 4044 anum
1433 3961 1524 4073 quia

82 4072 139 4161 las
153 4101 220 4163 ιιι
234 4106 298 4166 me
320 4077 526 4164 Cordubae
554 4076 654 4162 urbis
680 4078 876 4210 alumnum
891 4075 957 4161 tibi
981 4072 1147 4189 pontifici
1177 4074 1443 4179 Cordubensi,
1474 4101 1521 4160 ur

83 4216 290 4280 ceterarum
306 4191 491 4330 frugum,
521 4193 582 4282 sic
598 4193 707 4310 hujus
724 4193 867 4311 generis
891 4190 1193 4278 lucubrationum
1208 4189 1381 4304 primitias
1396 4193 1520 4278 libare.

80 4305 223 4395 demde
235 4340 448 4425 quomam
465 4339 552 4396 cum
576 4335 621 4398 tu
634 4311 891 4449 philosophiae
906 4337 951 4393 ac
974 4308 1202 4443 theologiae
1199 4306 1326 4392 studio
1349 4337 1428 4395 non
1444 4309 1522 4396 sine

85 4447 154 4511 tua
169 4455 307 4542 magna
321 4427 437 4515 laude
451 4425 562 4515 luetis
577 4458 601 4513 a
616 4429 771 4545 pueritia
788 4428 967 4531 desitus,
997 4424 1063 4510 tibi
1079 4424 1309 4538 potissimum
1325 4454 1413 4541 ,qur
1403 4427 1525 4512 hanc

86 4543 345 4658 quaestionem
376 4571 540 4632 sumtam
573 4577 623 4632 ex
651 4547 775 4633 media
803 4570 968 4659 utraque
985 4541 1219 4657 philosophia
1239 4543 1390 4656 optimc
1423 4544 1524 4632 vale·

77 4662 142 4747 ‹bis
168 4661 404 4772 dijudicare,
422 4664 637 4777 hujusmodi
655 4663 919 4748 munusculum
949 4658 1152 4745 convenire
1184 4660 1405 4746 videbatur:
1441 4685 1524 4747 tum

88 4779 177 4912 quia
192 4779 318 4867 idem
309 4810 347 4866 ιιι
364 4780 593 4916 privatarum
605 4780 914 4914 publicarumque
936 4806 1068 4863 rerum·
1086 4776 1402 4884 administratione
1416 4838 1430 4884 ,
1442 4805 1526 4892 per·

84 4894 176 4988 inde
197 4927 243 4989 ac
246 4899 297 4992 in
313 4899 420 4989 omni
434 4898 572 4993 vitame
597 4898 807 5015 pietateque
823 4924 862 4984 et
878 4896 1056 5015 relrgtouc
1068 4894 1255 5003 colenda
1273 4918 1311 4982 te
1339 4894 1390 4982 ita
1415 4896 1525 5012 geris,

1480 5039 1524 5104 ut
