4034 5858
579 378 583 390 ”
616 368 820 441 LIBER
867 369 948 437 111.'
983 371 1008 426 'T
1418 380 1492 468 '313'

65 497 237 589 »nobilem
262 491 416 585 militem
438 491 586 608 blittrias
606 491 828 600 condonare
844 501 856 575 ἓ
872 496 970 590 dtr.
989 491 1178 580 Nimirum
1193 490 1376 612 quoniam
1392 497 1431 585 id
1447 502 1515 587 mi*
1527 485 1707 607 pal‘alllll

63 618 157 706 litari
187 618 313 706 virtuti
338 614 567 702 contrarium
599 640 676 696 esse
709 635 864 725 putatur
880 671 893 715 ‚
909 634 948 695 et
973 611 1075 699 laudi
1099 612 1288 701 inimicum
1303 680 1317 724 ‚
1333 645 1423 703 nam
1438 619 1514 707 hoe
1527 610 1694 664 “¹¹¹¹“‘'¹⁶¹¹'

64 767 223 855 quoque
239 799 251 842 ,
268 762 314 824 ut
336 735 452 822 video
473 792 484 837 ,
501 731 552 816 ad
582 728 740 846 gloriam
766 726 888 815 referri
911 728 1031 815 solet.
1063 737 1166 817 Dan.
1196 734 1305 830 Quid
1323 735 1402 820 ita?
1418 766 1512 827 non·

61 883 112 942 ne
140 856 301 966 militaris
336 854 453 940 virtus
483 846 772 935 fortitudiniset
794 848 1107 966 magnanimitatis
1135 852 1281 938 ratione
1305 851 1510 943 definurr

62 979 157 1062 Art.
174 980 288 1061 Certe
304 1033 320 1078 ‚
336 972 365 1056 si
386 996 487 1057 recte
506 998 578 1054 vos
600 991 689 1054 ante
706 1028 717 1073 ,
734 990 779 1051 ut
803 967 897 1051 mihi
915 967 1075 1081 quidem
1096 968 1298 1076 videmini,
1314 970 1364 1056 de
1389 974 1510 1062 militis

59 1093 203 1181 virtute
224 1088 421 1178 statuistis.
457 1095 557 1174 Dm.
593 1090 647 1171 At
671 1116 734 1170 ma
787 1084 900 1170 animi
914 1086 1107 1200 proprium
1126 1116 1209 1173 esse
1221 1088 1419 1177 docuimus
1432 1155 1445 1199 ,
1460 1090 1511 1180 fa

60 1209 131 1297 cile
147 1273 159 1316 ,
176 1212 205 1296 si
224 1207 372 1326 quidin
394 1235 434 1292 se
464 1202 704 1291 commissum
774 1202 842 1289 erit
857 1215 871 1308 ‚'
887 1205 1073 1290 remittere
1090 1267 1102 1310 ,
1119 1229 1159 1291 et
1182 1235 1229 1291 ex
1244 1206 1420 1295 omnibus
1444 1212 1510 1298 mi·

61 1328 166 1414 nime
204 1328 388 1422 malorum
405 1320 650 1410 meminisse:
677 1321 716 1408 id
741 1322 853 1439 igitur
879 1347 1064 1437 praestare
1098 1352 1179 1408 non
1204 1347 1260 1410 est
1281 1352 1414 1412 contra
1444 1328 1508 1414 mi·

63 1442 135 1534 litis
163 1443 353 1531 officium.
378 1448 477 1530 *Aia
506 1440 692 1557 Argutiae
717 1464 805 1525 sunt
833 1438 933 1524 istae·
952 1440 1263 1556 philosophorum
1278 1503 1291 1549 ,
1306 1471 1419 1559 quae
1436 1445 1510 1534 ὥς.

62 1563 321 1650 sentientibus«
335 1561 521 1648 silentium
548 1554 710 1645 fortassis
738 1559 933 1671 imponere
961 1557 1136 1665 valeant,
1162 1563 1384 1676 persuadere
1408 1588 1509 1659 certe

60 1680 157 1770 nihil·
179 1682 320 1796 possint
348 1704 483 1764 contra
506 1700 695 1789 receptam
721 1669 877 1761 fortium
905 1674 1104 1761 hominum
1128 1706 1173 1763 ac
1198 1678 1445 1767 inveteratam
1464 1713 1510 1768 o-

61 1799 275 1912 pinionem.
309 1803 410 1881 Dm.
437 1802 502 1881 An
531 1816 662 1912 potest
681 1793 936 1907 imperitontm
966 1794 1168 1880 hominum
1198 1797 1418 1893 existimatio
1434 1860 1448 1906 ,
1463 1824 1510 1888 ut
1591 1861 1601 1873 -

62 1916 243 2001 nebulam
266 1913 474 2031 quamdam
506 1907 700 1996 effundere
726 1910 873 1997 veritati
889 1969 904 2017 ,
919 1909 970 1996 sic
991 1913 1070 2026 ejus
1096 1912 1174 1999 vim
1202 1914 1333 2001 tollere
1349 1978 1363 2023 ‚
1380 1917 1510 2032 'splen-

61 2033 202 2121 dorem
231 2033 377 2148 penitus
407 2029 545 2116 exstin
654 2037 667 2111 ἒ
708 2033 797 2114 Am.
826 2033 925 2115 Non*
947 2029 1078 2116 audeo
1096 2030 1146 2118 id
1169 2030 1326 2147 quidem
1354 2033 1510 2144 dicere,

61 2142 247 2240 sedtum
278 2149 400 2266 agitur
429 2147 478 2234 de
501 2057 867 2262 gitiriit3plurimum
883 2144 984 2235 valet
1005 2148 1206 2235 hominum
1233 2151 1387 2265 opinio.
1414 2153 1511 2241 uol-

64 2266 101 2369 le
123 2266 323 2354 hominum
347 2264 656 2353 existimationem
672 2265 903 2381 :quomodo
918 2267 1059 2381 poterit
1073 2267 1193 2383 gloria
1208 2308 1221 2373 ,
1239 2267 1289 2355 de
1304 2299 1511 2386 quequae

62 2385 183 2492 titur,
198 2386 449 2502 contingere?
478 2410 579 2501 quae
603 2411 671 2498 per
698 2409 738 2470 te
762 2411 921 2501 quoque
947 2383 1152 2498 injudicio
1173 2385 1407 2504 vocibusque
1436 2387 1510 2476 ho·

62 2503 211 2592 minum
236 2505 360 2620 posita
386 2525 466 2588 est.
513 2506 614 2586 Dan.
647 2506 708 2588 De
739 2501 923 2587 stabiliet
952 2502 1071 2589 solida
1099 2502 1218 2622 gloria
1246 2505 1508 2618 disputamus,

63 2623 221 2710 nonde
245 2621 346 2709 fluxa
373 2645 413 2706 et
437 2617 566 2723 inani,
589 2617 684 2708 illius
712 2647 842 2707 autem
864 2615 1156 2707 fundamentum
1174 2651 1246 2708 res
1277 2623 1395 2709 solida
1421 2649 1509 2730 cett

61 2738 463 2857 praestansque'virtus
478 2800 490 2844 ‚
507 2767 588 2852 qua
609 2736 784 2843 sublata,
808 2737 931 2854 siquid
957 2767 1062 2826 secus
1088 2740 1263 2825 *homines
1286 2741 1509 2850 existiment,

62 2856 174 2944 error*
188 2858 230 2945 id
254 2856 428 2975 appellari
444 2853 557 2946 debet
572 2918 586 2963 ‚
601 2884 682 2941 non
705 2855 856 2971 opinio.
885 2861 998 2942 Tunc
1023 2857 1137 2974 igitur
1155 2857 1273 2974 gloria
1294 2884 1395 2945 recte
1411 2888 1510 2946 nun·

62 2975 262 3089 cupabintr
276 3036 289 3082 ‚
304 3006 393 3064 cum
417 3003 584 3090 expressa
611 2973 866 3090 excellensque
887 2975 1005 3061 virtus
1030 2975 1170 3088 judicio
1192 2999 1232 3061 et
1261 3004 1357 3062 voce
1380 2977 1511 3063 bono&

63 3120 152 3178 rum
177 3119 216 3179 et
242 3091 484 3209 prudentium
505 3091 673 3180 virorum
700 3091 968 3207 approbabitur
984 3153 997 3197 ‚
1012 3093 1080 3208 qui
1101 3093 1150 3179 de
1175 3093 1315 3180 virtute
1340 3094 1510 3207 junon-

62 3234 121 3301 tes
146 3240 226 3299 rem
247 3215 365 3325 ipsam
389 3235 557 3327 spectant
572 3273 586 3318 ‚
601 3239 683 3297 non
698 3210 794 3326 quid
810 3209 897 3296 vani
920 3235 960 3296 et
983 3210 1139 3327 imperiti
1157 3209 1329 3297 homines
1342 3212 1511 3329 ¹*loquan-

64 3349 151 3416 tur.
183 3335 239 3417 Et
263 3330 433 3448 alioquin
454 3325 687 3444 magnanimi
710 3352 790 3433 est,
806 3357 892 3414 rem
919 3352 1086 3444 spectaoe
1114 3355 1171 3415 ac,
1184 3327 1386 3417 veritatem
1412 3331 1510 3419 cole·

63 3472 135 3551 te,
163 3449 387 3537 conscientia
421 3472 521 3534 recte
554 3443 643 3534 facti
673 3469 929 3551 contentum,
959 3473 1130 3533 rumores
1157 3447 1357 3561 populares
1386 3479 1509 3536 vanos

64 3564 219 3678 quidem
234 3599 309 3682 pro
325 3566 445 3655 nihilo
462 3566 628 3672 ducere,
644 3594 755 3654 veros
778 3588 819 3649 et
839 3561 976 3650 laudes·
994 3592 1076 3650 non
1088 3564 1228 3682 magni
1241 3561 1385 3651 facere:
1404 3569 1509 3651 Mihi
1525 3617 1548 3656 ι.
1563 3560 1660 3662 cmi:

66 3690 162 3774 enim
177 3683 193 3797 (
208 3684 354 3774 dicebat
376 3683 638 3803 magnanimus
664 3679 830 3796 Paulus)
849 3700 925 3791 pro
945 3689 1099 3767 minimo
1119 3697 1208 3787 est,
1225 3699 1308 3768 uta
1332 3684 1511 3795 vobisjra

63 3803 172 3886 dicer
190 3862 203 3908 ,
220 3817 287 3886 aur
312 3806 548 3888 albamara
576 3809 661 3887 die.
691 3798 931 3886 Condonare
945 3800 1057 3917 igitur
1089 3798 1265 3914 niurias,
1284 3811 1431 3909 utest,
1458 3803 1510 3891 sic

62 3948 143 4006 esse
169 3921 402 4038 magnanimi
427 3951 552 4037 opus,
570 3919 664 4007 boni
691 3944 730 4006 et
748 3917 934 4032 ,sapientes
958 3918 1193 4006 existimant.
1217 3921 1510 4033 loquelarum

65 4038 313 4127 condonatio·
330 4038 419 4126 nihil
446 4040 572 4131 obstat
587 4054 602 4147 ‚⁷
615 4054 698 4156 quo
726 4036 849 4124 minus
876 4035 985 4125 liccat
1009 4061 1049 4124 et
1070 4036 1219 4123 bonurn
1244 4035 1398 4126 militem
1421 4067 1511 4147 esse,

68 4157 343 4274 etreligiosum
375 4157 656 4245 Christianum.
824 4238 825 4242 t
912 4173 926 4204 ³
1010 4222 1047 4238 ,,
1155 4164 1198 4235 -s
1429 4210 1432 4213 ,

126 4274 268 4362 XXXI.
328 4281 418 4364 An.
448 4281 530 4364 Cur
555 4277 694 4395 igitur,
710 4277 869 4365 obsecro
888 4336 902 4384 ‚
918 4298 1118 4391 tantopere
1146 4271 1305 4361 invaluit
1327 4275 1395 4362 isra
1418 4276 1515 4364 inter
1613 4385 1616 4390 .

65 4388 199 4476 milites
231 4394 388 4508 opinio,
405 4424 576 4511 quorum
608 4394 715 4483 mttlti
739 4425 779 4482 et
803 4397 898 4482 boni
914 4394 994 4481 'viri
1018 4417 1056 4478 et
1078 4390 1280 4508 prudentes
1307 4393 1513 4502 habentur,
1630 4419 1632 4425 ·

66 4532 112 4594 ut
140 4508 269 4595 timori
296 4514 406 4601 denu
435 4543 480 4600 ac
511 4515 683 4632 ignaviae
700 4514 770 4620 ,si
793 4513 878 4630 quis
901 4510 1048 4624 iniurias
1071 4538 1204 4627 aequo
1237 4508 1706 4620 animoferatioarqnnn.

66 4625 345 4746 impunitasque
377 4631 563 4749 relinquat
577 4642 600 4716 ?v
617 4630 799 4748 quoniam
819 4658 900 4719 tam
923 4629 1167 4749 inveteratam
1190 4638 1349 4743 'tamque
1370 4629 1515 4718 insitam
1528 4611 1708 4732 'cli-’cdlll

67 4743 245 4832 militibus
277 4747 497 4862 opinionem
526 4751 672 4867 penints
694 4778 832 4837 vanam
861 4777 939 4836 esse
971 4747 1093 4836 dicere
1125 4746 1215 4833 nihil
1242 4747 1357 4834 habet
1383 4751 1517 4864 proba·-
1532 4731 1654 4855 {Ziillu‘
1671 4731 1696 4783 ¹⁹

66 4860 224 5069 r‚bilitptis
248 4871 390 5073 ..uem
418 4872 566 4987 Magna
590 4868 762 4960 videlicet
786 4865 958 4957 ratione:
983 4868 1052 4988 qui
1077 4865 1179 4959 enirn
1204 4892 1229 4953 a
1253 4863 1376 4958 mains
1403 4866 1523 4955 crimi-

180 5010 248 5074 om.
321 5045 333 5071 .
865 4989 920 5074 Rr
1470 4986 1526 5078 ni·
