<?xml version="1.0" encoding="UTF-8"?>
<!DOCTYPE html PUBLIC "-//W3C//DTD XHTML 1.0 Transitional//EN"
    "http://www.w3.org/TR/xhtml1/DTD/xhtml1-transitional.dtd">
<html xmlns="http://www.w3.org/1999/xhtml" xml:lang="en" lang="en">
 <head>
  <title>
</title>
<meta http-equiv="Content-Type" content="text/html;charset=utf-8" />
  <meta name='ocr-system' content='tesseract 3.04.00' />
  <meta name='ocr-capabilities' content='ocr_page ocr_carea ocr_par ocr_line ocrx_word'/>
</head>
<body>
  <div class='ocr_page' id='page_1' title='image "./joannisgenesiis01sepgoog/joannisgenesiis01sepgoog_0014.png"; bbox 0 0 4192 5880; ppageno 0'>
   <div class='ocr_carea' id='block_1_1' title="bbox 746 418 1636 520">
    <p class='ocr_par' dir='ltr' id='par_1_1' title="bbox 746 418 1636 520">
     <span class='ocr_line' id='line_1_1' title="bbox 746 418 1636 520; baseline -0.006 -30"><span class='ocrx_word' id='word_1_1' title='bbox 746 418 1123 494; x_wconf 81' lang='grc' dir='ltr'>ιιιιιιιιο.</span> <span class='ocrx_word' id='word_1_2' title='bbox 1621 449 1636 520; x_wconf 75' lang='lat'>3</span> 
     </span>
    </p>
   </div>
   <div class='ocr_carea' id='block_1_2' title="bbox 179 540 1712 5088">
    <p class='ocr_par' dir='ltr' id='par_1_2' title="bbox 191 540 1662 1858">
     <span class='ocr_line' id='line_1_2' title="bbox 206 540 1662 660; baseline 0.004 -28"><span class='ocrx_word' id='word_1_3' title='bbox 206 573 334 634; x_wconf 85' lang='lat' dir='ltr'>catum</span> <span class='ocrx_word' id='word_1_4' title='bbox 372 542 526 649; x_wconf 90' lang='lat' dir='ltr'>studio,</span> <span class='ocrx_word' id='word_1_5' title='bbox 546 541 693 659; x_wconf 89' lang='lat' dir='ltr'>inquo</span> <span class='ocrx_word' id='word_1_6' title='bbox 721 540 953 658; x_wconf 81' lang='lat' dir='ltr'>aliquamdiu</span> <span class='ocrx_word' id='word_1_7' title='bbox 980 547 1146 632; x_wconf 88' lang='lat' dir='ltr'>versatus</span> <span class='ocrx_word' id='word_1_8' title='bbox 1175 571 1285 650; x_wconf 90' lang='lat' dir='ltr'>sum,</span> <span class='ocrx_word' id='word_1_9' title='bbox 1313 542 1534 660; x_wconf 85' lang='lat' dir='ltr'>impendere</span> <span class='ocrx_word' id='word_1_10' title='bbox 1560 547 1662 638; x_wconf 92' lang='lat' dir='ltr'>sole-</span> 
     </span>
     <span class='ocr_line' id='line_1_3' title="bbox 205 661 1661 797; baseline 0.005 -47"><span class='ocrx_word' id='word_1_11' title='bbox 205 664 334 769; x_wconf 91' lang='lat' dir='ltr'>bam,</span> <span class='ocrx_word' id='word_1_12' title='bbox 364 662 452 748; x_wconf 90' lang='lat' dir='ltr'>huic</span> <span class='ocrx_word' id='word_1_13' title='bbox 484 693 590 797; x_wconf 79' lang='lat' dir='ltr'>open</span> <span class='ocrx_word' id='word_1_14' title='bbox 579 662 819 751; x_wconf 86' lang='lat' dir='ltr'>destinavi.</span> <span class='ocrx_word' id='word_1_15' title='bbox 855 661 1011 770; x_wconf 92' lang='lat' dir='ltr'>Quod,</span> <span class='ocrx_word' id='word_1_16' title='bbox 1032 663 1228 751; x_wconf 91' lang='lat' dir='ltr'>Ludovice</span> <span class='ocrx_word' id='word_1_17' title='bbox 1257 665 1411 752; x_wconf 90' lang='lat' dir='ltr'>Carrille</span> <span class='ocrx_word' id='word_1_18' title='bbox 1432 668 1661 779; x_wconf 89' lang='lat' dir='ltr'>Albornoti,</span> 
     </span>
     <span class='ocr_line' id='line_1_4' title="bbox 197 781 1658 907; baseline 0.005 -36"><span class='ocrx_word' id='word_1_19' title='bbox 197 783 264 872; x_wconf 88' lang='lat' dir='ltr'>tibi</span> <span class='ocrx_word' id='word_1_20' title='bbox 300 783 533 898; x_wconf 89' lang='lat' dir='ltr'>potissimum</span> <span class='ocrx_word' id='word_1_21' title='bbox 550 782 651 897; x_wconf 77' lang='lat' dir='ltr'>justis</span> <span class='ocrx_word' id='word_1_22' title='bbox 678 783 726 869; x_wconf 93' lang='lat' dir='ltr'>de</span> <span class='ocrx_word' id='word_1_23' title='bbox 749 781 865 867; x_wconf 88' lang='lat' dir='ltr'>causis</span> <span class='ocrx_word' id='word_1_24' title='bbox 891 781 1077 890; x_wconf 89' lang='lat' dir='ltr'>dicamus,</span> <span class='ocrx_word' id='word_1_25' title='bbox 1111 811 1193 871; x_wconf 92' lang='lat' dir='ltr'>non</span> <span class='ocrx_word' id='word_1_26' title='bbox 1216 785 1271 870; x_wconf 95' lang='lat' dir='ltr'>ob</span> <span class='ocrx_word' id='word_1_27' title='bbox 1294 784 1333 871; x_wconf 91' lang='lat' dir='ltr'>id</span> <span class='ocrx_word' id='word_1_28' title='bbox 1357 809 1531 896; x_wconf 87' lang='lat' dir='ltr'>tantum,</span> <span class='ocrx_word' id='word_1_29' title='bbox 1548 793 1658 907; x_wconf 92' lang='lat' dir='ltr'>quod</span> 
     </span>
     <span class='ocr_line' id='line_1_5' title="bbox 196 901 1656 1040; baseline 0.006 -52"><span class='ocrx_word' id='word_1_30' title='bbox 196 903 353 1019; x_wconf 89' lang='lat' dir='ltr'>quidem</span> <span class='ocrx_word' id='word_1_31' title='bbox 387 933 569 1040; x_wconf 83' lang='lat' dir='ltr'>magnum</span> <span class='ocrx_word' id='word_1_32' title='bbox 599 928 693 1007; x_wconf 91' lang='lat' dir='ltr'>est,</span> <span class='ocrx_word' id='word_1_33' title='bbox 724 901 879 1018; x_wconf 90' lang='lat' dir='ltr'>quod</span> <span class='ocrx_word' id='word_1_34' title='bbox 869 926 967 988; x_wconf 88' lang='lat' dir='ltr'>mter</span> <span class='ocrx_word' id='word_1_35' title='bbox 1005 901 1187 1020; x_wconf 83' lang='lat' dir='ltr'><strong>principes</strong></span> <span class='ocrx_word' id='word_1_36' title='bbox 1213 903 1438 1021; x_wconf 85' lang='lat' dir='ltr'>Hispanos</span> <span class='ocrx_word' id='word_1_37' title='bbox 1428 933 1480 996; x_wconf 91' lang='lat' dir='ltr'>tta</span> <span class='ocrx_word' id='word_1_38' title='bbox 1512 909 1656 1027; x_wconf 89' lang='lat' dir='ltr'>generis</span> 
     </span>
     <span class='ocr_line' id='line_1_6' title="bbox 193 1019 1656 1130; baseline 0.007 -22"><span class='ocrx_word' id='word_1_39' title='bbox 193 1021 360 1111; x_wconf 79' lang='lat' dir='ltr'>claritate</span> <span class='ocrx_word' id='word_1_40' title='bbox 384 1049 424 1110; x_wconf 90' lang='lat' dir='ltr'>et</span> <span class='ocrx_word' id='word_1_41' title='bbox 462 1023 570 1110; x_wconf 91' lang='lat' dir='ltr'>omni</span> <span class='ocrx_word' id='word_1_42' title='bbox 604 1022 744 1108; x_wconf 89' lang='lat' dir='ltr'>virtute</span> <span class='ocrx_word' id='word_1_43' title='bbox 773 1019 864 1108; x_wconf 91' lang='lat' dir='ltr'>nulli</span> <span class='ocrx_word' id='word_1_44' title='bbox 897 1050 1063 1109; x_wconf 86' lang='lat' dir='ltr'>cessurus</span> <span class='ocrx_word' id='word_1_45' title='bbox 1094 1021 1260 1130; x_wconf 89' lang='lat' dir='ltr'>excellis,</span> <span class='ocrx_word' id='word_1_46' title='bbox 1290 1046 1335 1109; x_wconf 95' lang='lat' dir='ltr'>ut</span> <span class='ocrx_word' id='word_1_47' title='bbox 1363 1027 1414 1110; x_wconf 93' lang='lat' dir='ltr'>ad</span> <span class='ocrx_word' id='word_1_48' title='bbox 1438 1026 1656 1118; x_wconf 87' lang='lat' dir='ltr'>illustranda</span> 
     </span>
     <span class='ocr_line' id='line_1_7' title="bbox 193 1139 1654 1263; baseline 0.005 -36"><span class='ocrx_word' id='word_1_49' title='bbox 193 1143 328 1259; x_wconf 88' lang='lat' dir='ltr'>scripta</span> <span class='ocrx_word' id='word_1_50' title='bbox 358 1167 487 1230; x_wconf 88' lang='lat' dir='ltr'>nostra</span> <span class='ocrx_word' id='word_1_51' title='bbox 514 1170 657 1228; x_wconf 90' lang='lat' dir='ltr'>nomen</span> <span class='ocrx_word' id='word_1_52' title='bbox 695 1168 806 1229; x_wconf 91' lang='lat' dir='ltr'>tuum</span> <span class='ocrx_word' id='word_1_53' title='bbox 843 1169 979 1257; x_wconf 90' lang='lat' dir='ltr'>perse</span> <span class='ocrx_word' id='word_1_54' title='bbox 1006 1141 1091 1229; x_wconf 89' lang='lat' dir='ltr'>satis</span> <span class='ocrx_word' id='word_1_55' title='bbox 1122 1139 1204 1231; x_wconf 87' lang='lat' dir='ltr'>fore</span> <span class='ocrx_word' id='word_1_56' title='bbox 1236 1142 1435 1251; x_wconf 87' lang='lat' dir='ltr'>videatur,</span> <span class='ocrx_word' id='word_1_57' title='bbox 1453 1146 1518 1232; x_wconf 92' lang='lat' dir='ltr'>sed</span> <span class='ocrx_word' id='word_1_58' title='bbox 1536 1148 1654 1263; x_wconf 87' lang='lat' dir='ltr'>quia,</span> 
     </span>
     <span class='ocr_line' id='line_1_8' title="bbox 192 1258 1653 1381; baseline 0.004 -35"><span class='ocrx_word' id='word_1_59' title='bbox 192 1289 284 1347; x_wconf 92' lang='lat' dir='ltr'>cum</span> <span class='ocrx_word' id='word_1_60' title='bbox 312 1288 356 1348; x_wconf 94' lang='lat' dir='ltr'>tu</span> <span class='ocrx_word' id='word_1_61' title='bbox 383 1262 428 1348; x_wconf 90' lang='lat' dir='ltr'>sis</span> <span class='ocrx_word' id='word_1_62' title='bbox 444 1262 691 1349; x_wconf 87' lang='lat' dir='ltr'>Albomotiae</span> <span class='ocrx_word' id='word_1_63' title='bbox 705 1258 865 1348; x_wconf 85' lang='lat' dir='ltr'>familiae</span> <span class='ocrx_word' id='word_1_64' title='bbox 879 1261 1078 1379; x_wconf 78' lang='lat' dir='ltr'>princeps,</span> <span class='ocrx_word' id='word_1_65' title='bbox 1102 1291 1147 1348; x_wconf 90' lang='lat' dir='ltr'>ac</span> <span class='ocrx_word' id='word_1_66' title='bbox 1170 1262 1330 1379; x_wconf 85' lang='lat' dir='ltr'>proinde</span> <span class='ocrx_word' id='word_1_67' title='bbox 1345 1262 1486 1381; x_wconf 89' lang='lat' dir='ltr'>gloriae</span> <span class='ocrx_word' id='word_1_68' title='bbox 1508 1294 1553 1350; x_wconf 91' lang='lat' dir='ltr'>ac</span> <span class='ocrx_word' id='word_1_69' title='bbox 1572 1265 1653 1353; x_wconf 89' lang='lat' dir='ltr'>lau</span> 
     </span>
     <span class='ocr_line' id='line_1_9' title="bbox 193 1378 1651 1519; baseline 0.004 -52"><span class='ocrx_word' id='word_1_70' title='bbox 193 1379 292 1467; x_wconf 91' lang='lat' dir='ltr'>dum</span> <span class='ocrx_word' id='word_1_71' title='bbox 321 1381 469 1499; x_wconf 86' lang='lat' dir='ltr'>Aegidii</span> <span class='ocrx_word' id='word_1_72' title='bbox 504 1378 689 1500; x_wconf 88' lang='lat' dir='ltr'>legitimus</span> <span class='ocrx_word' id='word_1_73' title='bbox 725 1383 858 1487; x_wconf 87' lang='lat' dir='ltr'>heres,</span> <span class='ocrx_word' id='word_1_74' title='bbox 877 1379 981 1469; x_wconf 83' lang='lat' dir='ltr'>nefas</span> <span class='ocrx_word' id='word_1_75' title='bbox 1012 1381 1102 1469; x_wconf 86' lang='lat' dir='ltr'>duxi</span> <span class='ocrx_word' id='word_1_76' title='bbox 1117 1382 1359 1519; x_wconf 85' lang='lat' dir='ltr'>,quidquam</span> <span class='ocrx_word' id='word_1_77' title='bbox 1385 1412 1410 1467; x_wconf 90' lang='lat' dir='ltr'>a</span> <span class='ocrx_word' id='word_1_78' title='bbox 1440 1412 1502 1469; x_wconf 89' lang='lat' dir='ltr'>me</span> <span class='ocrx_word' id='word_1_79' title='bbox 1525 1413 1651 1473; x_wconf 88' lang='lat' dir='ltr'>rerum</span> 
     </span>
     <span class='ocr_line' id='line_1_10' title="bbox 191 1444 1649 1639; baseline 0.003 -52"><span class='ocrx_word' id='word_1_80' title='bbox 191 1524 384 1639; x_wconf 80' lang='lat' dir='ltr'>gestarum</span> <span class='ocrx_word' id='word_1_81' title='bbox 414 1501 524 1616; x_wconf 78' lang='lat' dir='ltr'>hujus</span> <span class='ocrx_word' id='word_1_82' title='bbox 555 1502 732 1590; x_wconf 89' lang='lat' dir='ltr'>divini</span> <span class='ocrx_word' id='word_1_83' title='bbox 695 1503 765 1589; x_wconf 84' lang='lat' dir='ltr'>vrri</span> <span class='ocrx_word' id='word_1_84' title='bbox 791 1502 996 1588; x_wconf 85' lang='lat' dir='ltr'>memoriae</span> <span class='ocrx_word' id='word_1_85' title='bbox 1022 1444 1158 1620; x_wconf 87' lang='lat' dir='ltr'>prodi,</span> <span class='ocrx_word' id='word_1_86' title='bbox 1175 1502 1268 1617; x_wconf 91' lang='lat' dir='ltr'>quin</span> <span class='ocrx_word' id='word_1_87' title='bbox 1291 1501 1362 1587; x_wconf 91' lang='lat' dir='ltr'>sub</span> <span class='ocrx_word' id='word_1_88' title='bbox 1390 1526 1462 1589; x_wconf 90' lang='lat' dir='ltr'>tuo</span> <span class='ocrx_word' id='word_1_89' title='bbox 1488 1504 1649 1619; x_wconf 81' lang='lat' dir='ltr'>patroci-</span> 
     </span>
     <span class='ocr_line' id='line_1_11' title="bbox 192 1617 1650 1741; baseline 0.008 -39"><span class='ocrx_word' id='word_1_90' title='bbox 192 1617 261 1706; x_wconf 88' lang='lat' dir='ltr'>nio</span> <span class='ocrx_word' id='word_1_91' title='bbox 288 1621 328 1707; x_wconf 90' lang='lat' dir='ltr'>in</span> <span class='ocrx_word' id='word_1_92' title='bbox 356 1618 479 1707; x_wconf 91' lang='lat' dir='ltr'>lucem</span> <span class='ocrx_word' id='word_1_93' title='bbox 507 1622 781 1710; x_wconf 83' lang='lat' dir='ltr'>emitteretur:</span> <span class='ocrx_word' id='word_1_94' title='bbox 813 1647 856 1707; x_wconf 93' lang='lat' dir='ltr'>ut</span> <span class='ocrx_word' id='word_1_95' title='bbox 890 1622 984 1707; x_wconf 92' lang='lat' dir='ltr'>dum</span> <span class='ocrx_word' id='word_1_96' title='bbox 1009 1638 1049 1708; x_wconf 89' lang='lat' dir='ltr'>te</span> <span class='ocrx_word' id='word_1_97' title='bbox 1078 1622 1154 1708; x_wconf 93' lang='lat' dir='ltr'>hoc</span> <span class='ocrx_word' id='word_1_98' title='bbox 1176 1617 1303 1712; x_wconf 82' lang='lat' dir='ltr'>officio</span> <span class='ocrx_word' id='word_1_99' title='bbox 1341 1620 1497 1708; x_wconf 88' lang='lat' dir='ltr'>colimus</span> <span class='ocrx_word' id='word_1_100' title='bbox 1512 1686 1524 1731; x_wconf 95' lang='lat'>,</span> <span class='ocrx_word' id='word_1_101' title='bbox 1539 1623 1650 1741; x_wconf 89' lang='lat' dir='ltr'>quod</span> 
     </span>
     <span class='ocr_line' id='line_1_12' title="bbox 193 1738 1650 1878; baseline 0.003 -53"><span class='ocrx_word' id='word_1_102' title='bbox 193 1738 588 1857; x_wconf 72' lang='lat' dir='ltr'>quantulumcumque</span> <span class='ocrx_word' id='word_1_103' title='bbox 616 1764 698 1845; x_wconf 91' lang='lat' dir='ltr'>est,</span> <span class='ocrx_word' id='word_1_104' title='bbox 717 1763 818 1826; x_wconf 92' lang='lat' dir='ltr'>certe</span> <span class='ocrx_word' id='word_1_105' title='bbox 842 1740 1021 1855; x_wconf 88' lang='lat' dir='ltr'>principes</span> <span class='ocrx_word' id='word_1_106' title='bbox 1055 1765 1095 1827; x_wconf 92' lang='lat' dir='ltr'>et</span> <span class='ocrx_word' id='word_1_107' title='bbox 1123 1741 1324 1827; x_wconf 90' lang='lat' dir='ltr'>honestum</span> <span class='ocrx_word' id='word_1_108' title='bbox 1349 1740 1417 1826; x_wconf 91' lang='lat' dir='ltr'>sibi</span> <span class='ocrx_word' id='word_1_109' title='bbox 1442 1767 1482 1827; x_wconf 92' lang='lat' dir='ltr'>et</span> <span class='ocrx_word' id='word_1_110' title='bbox 1511 1743 1650 1878; x_wconf 82' lang='lat' dir='ltr'>glorio·</span> 
     </span>
    </p>

    <p class='ocr_par' dir='ltr' id='par_1_3' title="bbox 191 1857 1685 2303">
     <span class='ocr_line' id='line_1_13' title="bbox 194 1857 1650 1976; baseline 0.001 -32.17"><span class='ocrx_word' id='word_1_111' title='bbox 194 1883 441 1973; x_wconf 88' lang='lat' dir='ltr'>sumputare</span> <span class='ocrx_word' id='word_1_112' title='bbox 472 1859 654 1966; x_wconf 92' lang='lat' dir='ltr'>solent,</span> <span class='ocrx_word' id='word_1_113' title='bbox 645 1858 711 1974; x_wconf 88' lang='lat' dir='ltr'>rpsi</span> <span class='ocrx_word' id='word_1_114' title='bbox 734 1887 891 1976; x_wconf 91' lang='lat' dir='ltr'>quoque</span> <span class='ocrx_word' id='word_1_115' title='bbox 920 1859 1106 1976; x_wconf 87' lang='lat' dir='ltr'>Aegidio,</span> <span class='ocrx_word' id='word_1_116' title='bbox 1142 1888 1202 1943; x_wconf 87' lang='lat' dir='ltr'>cur</span> <span class='ocrx_word' id='word_1_117' title='bbox 1191 1857 1319 1945; x_wconf 92' lang='lat' dir='ltr'>ob</span> <span class='ocrx_word' id='word_1_118' title='bbox 1309 1860 1474 1974; x_wconf 79' lang='lat' dir='ltr'>angentia</span> <span class='ocrx_word' id='word_1_119' title='bbox 1505 1889 1582 1970; x_wconf 72' lang='lat' dir='ltr'>etus</span> <span class='ocrx_word' id='word_1_120' title='bbox 1610 1861 1650 1946; x_wconf 90' lang='lat' dir='ltr'>in</span> 
     </span>
     <span class='ocr_line' id='line_1_14' title="bbox 191 1974 1685 2112; baseline 0.003 -52"><span class='ocrx_word' id='word_1_121' title='bbox 191 2003 265 2061; x_wconf 93' lang='lat' dir='ltr'>nos</span> <span class='ocrx_word' id='word_1_122' title='bbox 290 1979 421 2064; x_wconf 90' lang='lat' dir='ltr'>merita</span> <span class='ocrx_word' id='word_1_123' title='bbox 447 1978 522 2064; x_wconf 93' lang='lat' dir='ltr'>hoc</span> <span class='ocrx_word' id='word_1_124' title='bbox 553 1974 719 2064; x_wconf 84' lang='lat' dir='ltr'>officium</span> <span class='ocrx_word' id='word_1_125' title='bbox 750 2004 1008 2093; x_wconf 86' lang='lat' dir='ltr'>praestamus,</span> <span class='ocrx_word' id='word_1_126' title='bbox 1034 1978 1106 2062; x_wconf 91' lang='lat' dir='ltr'>hac</span> <span class='ocrx_word' id='word_1_127' title='bbox 1137 2005 1296 2093; x_wconf 91' lang='lat' dir='ltr'>quoque</span> <span class='ocrx_word' id='word_1_128' title='bbox 1328 2002 1435 2091; x_wconf 90' lang='lat' dir='ltr'>parte</span> <span class='ocrx_word' id='word_1_129' title='bbox 1465 1976 1647 2112; x_wconf 88' lang='lat' dir='ltr'>gratifice·</span> <span class='ocrx_word' id='word_1_130' title='bbox 1681 2088 1685 2099; x_wconf 26' lang='grc' dir='ltr'>ι</span> 
     </span>
     <span class='ocr_line' id='line_1_15' title="bbox 191 2095 1648 2214; baseline 0.003 -35"><span class='ocrx_word' id='word_1_131' title='bbox 191 2123 313 2180; x_wconf 88' lang='lat' dir='ltr'>mur:</span> <span class='ocrx_word' id='word_1_132' title='bbox 341 2125 458 2213; x_wconf 93' lang='lat' dir='ltr'>quem</span> <span class='ocrx_word' id='word_1_133' title='bbox 494 2097 633 2183; x_wconf 91' lang='lat' dir='ltr'>nemini</span> <span class='ocrx_word' id='word_1_134' title='bbox 657 2127 814 2183; x_wconf 87' lang='lat' dir='ltr'>suorum</span> <span class='ocrx_word' id='word_1_135' title='bbox 838 2121 1031 2214; x_wconf 89' lang='lat' dir='ltr'>gestorum</span> <span class='ocrx_word' id='word_1_136' title='bbox 1051 2095 1244 2183; x_wconf 88' lang='lat' dir='ltr'>historiam</span> <span class='ocrx_word' id='word_1_137' title='bbox 1274 2097 1513 2210; x_wconf 89' lang='lat' dir='ltr'>nuncupari,</span> <span class='ocrx_word' id='word_1_138' title='bbox 1530 2126 1648 2214; x_wconf 91' lang='lat' dir='ltr'>quam</span> 
     </span>
     <span class='ocr_line' id='line_1_16' title="bbox 191 2211 698 2303; baseline 0.008 -4"><span class='ocrx_word' id='word_1_139' title='bbox 191 2211 261 2299; x_wconf 88' lang='lat' dir='ltr'>tibi</span> <span class='ocrx_word' id='word_1_140' title='bbox 285 2215 394 2301; x_wconf 91' lang='lat' dir='ltr'>malle</span> <span class='ocrx_word' id='word_1_141' title='bbox 421 2213 593 2301; x_wconf 89' lang='lat' dir='ltr'>credibile</span> <span class='ocrx_word' id='word_1_142' title='bbox 621 2244 698 2303; x_wconf 88' lang='lat' dir='ltr'>est.</span> 
     </span>
    </p>

    <p class='ocr_par' dir='ltr' id='par_1_4' title="bbox 179 2330 1712 5062">
     <span class='ocr_line' id='line_1_17' title="bbox 252 2330 1652 2469; baseline 0.001 -52"><span class='ocrx_word' id='word_1_143' title='bbox 252 2333 321 2418; x_wconf 88' lang='lat' dir='ltr'>IV.</span> <span class='ocrx_word' id='word_1_144' title='bbox 381 2332 557 2448; x_wconf 86' lang='lat' dir='ltr'>Suscipe</span> <span class='ocrx_word' id='word_1_145' title='bbox 547 2333 659 2450; x_wconf 78' lang='lat' dir='ltr'>agitur</span> <span class='ocrx_word' id='word_1_146' title='bbox 686 2363 784 2449; x_wconf 89' lang='lat' dir='ltr'>opus</span> <span class='ocrx_word' id='word_1_147' title='bbox 807 2356 917 2451; x_wconf 87' lang='lat' dir='ltr'>grato</span> <span class='ocrx_word' id='word_1_148' title='bbox 947 2331 1077 2418; x_wconf 88' lang='lat' dir='ltr'>animo</span> <span class='ocrx_word' id='word_1_149' title='bbox 1093 2394 1105 2437; x_wconf 94' lang='lat'>,</span> <span class='ocrx_word' id='word_1_150' title='bbox 1121 2357 1161 2419; x_wconf 92' lang='lat' dir='ltr'>et</span> <span class='ocrx_word' id='word_1_151' title='bbox 1186 2330 1402 2469; x_wconf 40' lang='lat' dir='ltr'>majorum·</span> <span class='ocrx_word' id='word_1_152' title='bbox 1387 2354 1543 2418; x_wconf 88' lang='lat' dir='ltr'>tuorum</span> <span class='ocrx_word' id='word_1_153' title='bbox 1569 2330 1652 2419; x_wconf 88' lang='lat' dir='ltr'>illu</span> 
     </span>
     <span class='ocr_line' id='line_1_18' title="bbox 192 2447 1650 2586; baseline 0.003 -53"><span class='ocrx_word' id='word_1_154' title='bbox 192 2448 279 2534; x_wconf 88' lang='lat' dir='ltr'>stria</span> <span class='ocrx_word' id='word_1_155' title='bbox 302 2449 400 2537; x_wconf 86' lang='lat' dir='ltr'>facta</span> <span class='ocrx_word' id='word_1_156' title='bbox 414 2480 669 2569; x_wconf 84' lang='lat' dir='ltr'>recognosce,</span> <span class='ocrx_word' id='word_1_157' title='bbox 686 2477 729 2538; x_wconf 90' lang='lat' dir='ltr'>ut</span> <span class='ocrx_word' id='word_1_158' title='bbox 745 2453 838 2538; x_wconf 90' lang='lat' dir='ltr'>haec</span> <span class='ocrx_word' id='word_1_159' title='bbox 852 2452 1016 2586; x_wconf 77' lang='lat' dir='ltr'>legendo</span> <span class='ocrx_word' id='word_1_160' title='bbox 1033 2512 1046 2556; x_wconf 95' lang='lat'>,</span> <span class='ocrx_word' id='word_1_161' title='bbox 1064 2450 1172 2536; x_wconf 89' lang='lat' dir='ltr'>simul</span> <span class='ocrx_word' id='word_1_162' title='bbox 1188 2452 1243 2536; x_wconf 91' lang='lat' dir='ltr'>tui</span> <span class='ocrx_word' id='word_1_163' title='bbox 1258 2450 1402 2568; x_wconf 88' lang='lat' dir='ltr'>generis</span> <span class='ocrx_word' id='word_1_164' title='bbox 1415 2450 1536 2568; x_wconf 92' lang='lat' dir='ltr'>gloria</span> <span class='ocrx_word' id='word_1_165' title='bbox 1550 2447 1650 2537; x_wconf 89' lang='lat' dir='ltr'>frua·</span> 
     </span>
     <span class='ocr_line' id='line_1_19' title="bbox 190 2567 1648 2705; baseline 0.003 -53"><span class='ocrx_word' id='word_1_166' title='bbox 190 2567 266 2674; x_wconf 85' lang='lat' dir='ltr'>ris,</span> <span class='ocrx_word' id='word_1_167' title='bbox 283 2570 392 2673; x_wconf 83' lang='lat' dir='ltr'>simul</span> <span class='ocrx_word' id='word_1_168' title='bbox 423 2570 474 2655; x_wconf 90' lang='lat' dir='ltr'>ad</span> <span class='ocrx_word' id='word_1_169' title='bbox 495 2570 758 2657; x_wconf 84' lang='lat' dir='ltr'>aemulandam</span> <span class='ocrx_word' id='word_1_170' title='bbox 782 2570 881 2656; x_wconf 91' lang='lat' dir='ltr'>illam</span> <span class='ocrx_word' id='word_1_171' title='bbox 904 2569 1083 2658; x_wconf 89' lang='lat' dir='ltr'>virtutem</span> <span class='ocrx_word' id='word_1_172' title='bbox 1102 2631 1114 2677; x_wconf 96' lang='lat'>,</span> <span class='ocrx_word' id='word_1_173' title='bbox 1130 2568 1245 2705; x_wconf 40' lang='lat' dir='ltr'>quod·</span> <span class='ocrx_word' id='word_1_174' title='bbox 1262 2568 1376 2676; x_wconf 88' lang='lat' dir='ltr'>facis,</span> <span class='ocrx_word' id='word_1_175' title='bbox 1387 2594 1504 2661; x_wconf 89' lang='lat' dir='ltr'>tanto</span> <span class='ocrx_word' id='word_1_176' title='bbox 1530 2572 1648 2687; x_wconf 87' lang='lat' dir='ltr'>magis</span> 
     </span>
     <span class='ocr_line' id='line_1_20' title="bbox 190 2688 1645 2804; baseline 0.004 -34"><span class='ocrx_word' id='word_1_177' title='bbox 190 2689 377 2773; x_wconf 84' lang='lat' dir='ltr'>exciteris.</span> <span class='ocrx_word' id='word_1_178' title='bbox 409 2694 466 2773; x_wconf 92' lang='lat' dir='ltr'>lta</span> <span class='ocrx_word' id='word_1_179' title='bbox 488 2712 527 2777; x_wconf 91' lang='lat' dir='ltr'>te</span> <span class='ocrx_word' id='word_1_180' title='bbox 552 2690 760 2804; x_wconf 87' lang='lat' dir='ltr'>quamlibet</span> <span class='ocrx_word' id='word_1_181' title='bbox 787 2689 888 2776; x_wconf 92' lang='lat' dir='ltr'>rudis</span> <span class='ocrx_word' id='word_1_182' title='bbox 916 2713 956 2774; x_wconf 94' lang='lat' dir='ltr'>et</span> <span class='ocrx_word' id='word_1_183' title='bbox 982 2689 1086 2774; x_wconf 91' lang='lat' dir='ltr'>nuda</span> <span class='ocrx_word' id='word_1_184' title='bbox 1111 2689 1275 2774; x_wconf 91' lang='lat' dir='ltr'>narratio</span> <span class='ocrx_word' id='word_1_185' title='bbox 1304 2688 1461 2803; x_wconf 80' lang='lat' dir='ltr'>juvare,</span> <span class='ocrx_word' id='word_1_186' title='bbox 1480 2712 1519 2773; x_wconf 92' lang='lat' dir='ltr'>et</span> <span class='ocrx_word' id='word_1_187' title='bbox 1547 2720 1645 2803; x_wconf 89' lang='lat' dir='ltr'>opus</span> 
     </span>
     <span class='ocr_line' id='line_1_21' title="bbox 187 2806 1646 2939; baseline 0.003 -50"><span class='ocrx_word' id='word_1_188' title='bbox 187 2831 353 2939; x_wconf 86' lang='lat' dir='ltr'>quoquo</span> <span class='ocrx_word' id='word_1_189' title='bbox 375 2808 495 2894; x_wconf 93' lang='lat' dir='ltr'>modo</span> <span class='ocrx_word' id='word_1_190' title='bbox 522 2809 699 2925; x_wconf 90' lang='lat' dir='ltr'>scriptum</span> <span class='ocrx_word' id='word_1_191' title='bbox 728 2808 851 2924; x_wconf 87' lang='lat' dir='ltr'>aliqua</span> <span class='ocrx_word' id='word_1_192' title='bbox 877 2837 923 2892; x_wconf 89' lang='lat' dir='ltr'>ex</span> <span class='ocrx_word' id='word_1_193' title='bbox 950 2834 1060 2922; x_wconf 89' lang='lat' dir='ltr'>parte</span> <span class='ocrx_word' id='word_1_194' title='bbox 1083 2806 1266 2892; x_wconf 89' lang='lat' dir='ltr'>delectare</span> <span class='ocrx_word' id='word_1_195' title='bbox 1293 2809 1461 2923; x_wconf 86' lang='lat' dir='ltr'>poterit,</span> <span class='ocrx_word' id='word_1_196' title='bbox 1489 2835 1576 2891; x_wconf 90' lang='lat' dir='ltr'>cum</span> <span class='ocrx_word' id='word_1_197' title='bbox 1606 2837 1646 2894; x_wconf 88' lang='lat' dir='ltr'>se</span> 
     </span>
     <span class='ocr_line' id='line_1_22' title="bbox 189 2923 1644 3040; baseline 0.005 -34"><span class='ocrx_word' id='word_1_198' title='bbox 189 2923 258 3008; x_wconf 90' lang='lat' dir='ltr'>tibi</span> <span class='ocrx_word' id='word_1_199' title='bbox 288 2955 422 3038; x_wconf 91' lang='lat' dir='ltr'>patum</span> <span class='ocrx_word' id='word_1_200' title='bbox 455 2926 585 3013; x_wconf 85' lang='lat' dir='ltr'>labore</span> <span class='ocrx_word' id='word_1_201' title='bbox 618 2953 749 3014; x_wconf 88' lang='lat' dir='ltr'>nostro</span> <span class='ocrx_word' id='word_1_202' title='bbox 789 2925 1092 3012; x_wconf 90' lang='lat' dir='ltr'>commendabit</span> <span class='ocrx_word' id='word_1_203' title='bbox 1142 2926 1392 3040; x_wconf 86' lang='lat' dir='ltr'>Quamquam</span> <span class='ocrx_word' id='word_1_204' title='bbox 1430 2924 1644 3013; x_wconf 87' lang='lat' dir='ltr'>mehercule</span> 
     </span>
     <span class='ocr_line' id='line_1_23' title="bbox 187 3043 1642 3180; baseline 0.004 -55"><span class='ocrx_word' id='word_1_205' title='bbox 187 3043 314 3128; x_wconf 87' lang='lat' dir='ltr'>testati</span> <span class='ocrx_word' id='word_1_206' title='bbox 340 3074 533 3180; x_wconf 85' lang='lat' dir='ltr'>possum,</span> <span class='ocrx_word' id='word_1_207' title='bbox 560 3044 722 3131; x_wconf 94' lang='lat' dir='ltr'>multum</span> <span class='ocrx_word' id='word_1_208' title='bbox 747 3073 808 3129; x_wconf 90' lang='lat' dir='ltr'>me</span> <span class='ocrx_word' id='word_1_209' title='bbox 831 3045 871 3129; x_wconf 91' lang='lat' dir='ltr'>in</span> <span class='ocrx_word' id='word_1_210' title='bbox 901 3043 940 3128; x_wconf 93' lang='lat' dir='ltr'>id</span> <span class='ocrx_word' id='word_1_211' title='bbox 979 3070 1116 3158; x_wconf 88' lang='lat' dir='ltr'>operae</span> <span class='ocrx_word' id='word_1_212' title='bbox 1140 3043 1306 3160; x_wconf 88' lang='lat' dir='ltr'>posuisse</span> <span class='ocrx_word' id='word_1_213' title='bbox 1333 3072 1413 3129; x_wconf 92' lang='lat' dir='ltr'>non</span> <span class='ocrx_word' id='word_1_214' title='bbox 1446 3043 1566 3130; x_wconf 92' lang='lat' dir='ltr'>modo</span> <span class='ocrx_word' id='word_1_215' title='bbox 1597 3068 1642 3131; x_wconf 93' lang='lat' dir='ltr'>ut</span> 
     </span>
     <span class='ocr_line' id='line_1_24' title="bbox 186 3160 1645 3281; baseline 0.003 -35"><span class='ocrx_word' id='word_1_216' title='bbox 186 3160 350 3252; x_wconf 87' lang='lat' dir='ltr'>orationi</span> <span class='ocrx_word' id='word_1_217' title='bbox 379 3165 534 3249; x_wconf 77' lang='lat' dir='ltr'>latine</span> <span class='ocrx_word' id='word_1_218' title='bbox 558 3162 720 3281; x_wconf 88' lang='lat' dir='ltr'>aliquem</span> <span class='ocrx_word' id='word_1_219' title='bbox 762 3162 921 3249; x_wconf 89' lang='lat' dir='ltr'>nitorem</span> <span class='ocrx_word' id='word_1_220' title='bbox 947 3161 1154 3267; x_wconf 87' lang='lat' dir='ltr'>adderem,</span> <span class='ocrx_word' id='word_1_221' title='bbox 1173 3161 1256 3247; x_wconf 89' lang='lat' dir='ltr'>licet</span> <span class='ocrx_word' id='word_1_222' title='bbox 1282 3189 1331 3245; x_wconf 88' lang='lat' dir='ltr'>ne</span> <span class='ocrx_word' id='word_1_223' title='bbox 1362 3162 1460 3246; x_wconf 89' lang='lat' dir='ltr'>hanc</span> <span class='ocrx_word' id='word_1_224' title='bbox 1486 3163 1645 3277; x_wconf 88' lang='lat' dir='ltr'>quidem</span> 
     </span>
     <span class='ocr_line' id='line_1_25' title="bbox 186 3223 1638 3414; baseline 0.001 -50"><span class='ocrx_word' id='word_1_225' title='bbox 186 3305 358 3394; x_wconf 90' lang='lat' dir='ltr'>partem,</span> <span class='ocrx_word' id='word_1_226' title='bbox 377 3307 567 3398; x_wconf 89' lang='lat' dir='ltr'>quantum</span> <span class='ocrx_word' id='word_1_227' title='bbox 587 3282 627 3366; x_wconf 92' lang='lat' dir='ltr'>in</span> <span class='ocrx_word' id='word_1_228' title='bbox 650 3311 711 3368; x_wconf 93' lang='lat' dir='ltr'>me</span> <span class='ocrx_word' id='word_1_229' title='bbox 726 3278 824 3387; x_wconf 84' lang='lat' dir='ltr'>fuit,</span> <span class='ocrx_word' id='word_1_230' title='bbox 852 3278 1060 3397; x_wconf 85' lang='lat' dir='ltr'>neglectam</span> <span class='ocrx_word' id='word_1_231' title='bbox 1090 3223 1355 3414; x_wconf 85' lang='lat' dir='ltr'>reliquerim,</span> <span class='ocrx_word' id='word_1_232' title='bbox 1342 3309 1496 3412; x_wconf 66' lang='lat' dir='ltr'>ignarus</span> <span class='ocrx_word' id='word_1_233' title='bbox 1521 3308 1638 3395; x_wconf 91' lang='lat' dir='ltr'>quan</span> 
     </span>
     <span class='ocr_line' id='line_1_26' title="bbox 184 3395 1643 3534; baseline 0.001 -51"><span class='ocrx_word' id='word_1_234' title='bbox 184 3419 271 3484; x_wconf 88' lang='lat' dir='ltr'>tum</span> <span class='ocrx_word' id='word_1_235' title='bbox 300 3426 345 3483; x_wconf 91' lang='lat' dir='ltr'>ea</span> <span class='ocrx_word' id='word_1_236' title='bbox 373 3430 489 3534; x_wconf 82' lang='lat' dir='ltr'>opera</span> <span class='ocrx_word' id='word_1_237' title='bbox 518 3399 651 3485; x_wconf 80' lang='lat' dir='ltr'>baetim</span> <span class='ocrx_word' id='word_1_238' title='bbox 680 3422 926 3485; x_wconf 91' lang='lat' dir='ltr'>consecutus·</span> <span class='ocrx_word' id='word_1_239' title='bbox 919 3457 931 3501; x_wconf 91' lang='lat'>,</span> <span class='ocrx_word' id='word_1_240' title='bbox 951 3400 1017 3484; x_wconf 93' lang='lat' dir='ltr'>sed</span> <span class='ocrx_word' id='word_1_241' title='bbox 1045 3395 1168 3483; x_wconf 91' lang='lat' dir='ltr'>multo</span> <span class='ocrx_word' id='word_1_242' title='bbox 1195 3395 1311 3514; x_wconf 88' lang='lat' dir='ltr'>magis</span> <span class='ocrx_word' id='word_1_243' title='bbox 1340 3396 1377 3480; x_wconf 94' lang='lat' dir='ltr'>in</span> <span class='ocrx_word' id='word_1_244' title='bbox 1406 3397 1643 3485; x_wconf 86' lang='lat' dir='ltr'>revolvendis</span> 
     </span>
     <span class='ocr_line' id='line_1_27' title="bbox 183 3510 1712 3650; baseline -0.001 -49"><span class='ocrx_word' id='word_1_245' title='bbox 183 3513 251 3602; x_wconf 89' lang='lat' dir='ltr'>illis</span> <span class='ocrx_word' id='word_1_246' title='bbox 274 3518 443 3633; x_wconf 88' lang='lat' dir='ltr'>scriptis,</span> <span class='ocrx_word' id='word_1_247' title='bbox 459 3547 626 3634; x_wconf 91' lang='lat' dir='ltr'>quorum</span> <span class='ocrx_word' id='word_1_248' title='bbox 652 3517 797 3623; x_wconf 85' lang='lat' dir='ltr'>fidem,</span> <span class='ocrx_word' id='word_1_249' title='bbox 814 3518 880 3604; x_wconf 91' lang='lat' dir='ltr'>sed</span> <span class='ocrx_word' id='word_1_250' title='bbox 904 3538 1170 3650; x_wconf 87' lang='lat' dir='ltr'>praepostere,</span> <span class='ocrx_word' id='word_1_251' title='bbox 1190 3539 1361 3600; x_wconf 91' lang='lat' dir='ltr'>secutum</span> <span class='ocrx_word' id='word_1_252' title='bbox 1389 3510 1497 3601; x_wconf 87' lang='lat' dir='ltr'>fuisse</span> <span class='ocrx_word' id='word_1_253' title='bbox 1526 3517 1643 3627; x_wconf 89' lang='lat' dir='ltr'>Joarr·</span> <span class='ocrx_word' id='word_1_254' title='bbox 1711 3626 1712 3631; x_wconf 7' lang='grc' dir='ltr'><strong><em>Ν</em></strong></span> 
     </span>
     <span class='ocr_line' id='line_1_28' title="bbox 185 3632 1635 3751; baseline 0.001 -33"><span class='ocrx_word' id='word_1_255' title='bbox 185 3659 276 3721; x_wconf 90' lang='lat' dir='ltr'>nem</span> <span class='ocrx_word' id='word_1_256' title='bbox 298 3641 518 3722; x_wconf 90' lang='lat' dir='ltr'>Garzonem</span> <span class='ocrx_word' id='word_1_257' title='bbox 534 3665 647 3751; x_wconf 90' lang='lat' dir='ltr'>supra</span> <span class='ocrx_word' id='word_1_258' title='bbox 663 3635 897 3723; x_wconf 90' lang='lat' dir='ltr'>memoravi:</span> <span class='ocrx_word' id='word_1_259' title='bbox 914 3658 959 3721; x_wconf 92' lang='lat' dir='ltr'>ut</span> <span class='ocrx_word' id='word_1_260' title='bbox 986 3632 1109 3749; x_wconf 87' lang='lat' dir='ltr'>aliqua</span> <span class='ocrx_word' id='word_1_261' title='bbox 1130 3634 1260 3720; x_wconf 88' lang='lat' dir='ltr'>saltem</span> <span class='ocrx_word' id='word_1_262' title='bbox 1287 3633 1460 3720; x_wconf 80' lang='lat' dir='ltr'>locorum</span> <span class='ocrx_word' id='word_1_263' title='bbox 1484 3656 1529 3718; x_wconf 87' lang='lat' dir='ltr'>ac</span> <span class='ocrx_word' id='word_1_264' title='bbox 1544 3656 1635 3730; x_wconf 88' lang='lat' dir='ltr'>tent·</span> 
     </span>
     <span class='ocr_line' id='line_1_29' title="bbox 183 3752 1642 3869; baseline 0.002 -32"><span class='ocrx_word' id='word_1_265' title='bbox 183 3780 326 3866; x_wconf 88' lang='lat' dir='ltr'>porum</span> <span class='ocrx_word' id='word_1_266' title='bbox 350 3754 445 3840; x_wconf 90' lang='lat' dir='ltr'>ratio</span> <span class='ocrx_word' id='word_1_267' title='bbox 474 3778 688 3860; x_wconf 87' lang='lat' dir='ltr'>constaret,</span> <span class='ocrx_word' id='word_1_268' title='bbox 716 3779 756 3840; x_wconf 91' lang='lat' dir='ltr'>et</span> <span class='ocrx_word' id='word_1_269' title='bbox 780 3755 989 3869; x_wconf 89' lang='lat' dir='ltr'>pleraque,</span> <span class='ocrx_word' id='word_1_270' title='bbox 1015 3780 1115 3869; x_wconf 87' lang='lat' dir='ltr'>quae</span> <span class='ocrx_word' id='word_1_271' title='bbox 1144 3752 1478 3857; x_wconf 84' lang='lat' dir='ltr'>desiderabantru,</span> <span class='ocrx_word' id='word_1_272' title='bbox 1511 3780 1642 3840; x_wconf 86' lang='lat' dir='ltr'>excet-</span> 
     </span>
     <span class='ocr_line' id='line_1_30' title="bbox 182 3870 1641 3990; baseline 0.003 -34"><span class='ocrx_word' id='word_1_273' title='bbox 182 3899 335 3986; x_wconf 90' lang='lat' dir='ltr'>perem</span> <span class='ocrx_word' id='word_1_274' title='bbox 364 3872 457 3972; x_wconf 91' lang='lat' dir='ltr'>Qua</span> <span class='ocrx_word' id='word_1_275' title='bbox 480 3873 592 3958; x_wconf 89' lang='lat' dir='ltr'>mihi</span> <span class='ocrx_word' id='word_1_276' title='bbox 584 3899 707 3990; x_wconf 91' lang='lat' dir='ltr'>parte</span> <span class='ocrx_word' id='word_1_277' title='bbox 729 3872 897 3958; x_wconf 89' lang='lat' dir='ltr'>haerenti</span> <span class='ocrx_word' id='word_1_278' title='bbox 922 3899 966 3955; x_wconf 91' lang='lat' dir='ltr'>ac</span> <span class='ocrx_word' id='word_1_279' title='bbox 993 3871 1059 3956; x_wconf 92' lang='lat' dir='ltr'>diu</span> <span class='ocrx_word' id='word_1_280' title='bbox 1078 3870 1298 3979; x_wconf 86' lang='lat' dir='ltr'>laboranti,</span> <span class='ocrx_word' id='word_1_281' title='bbox 1321 3870 1414 3956; x_wconf 93' lang='lat' dir='ltr'>dum</span> <span class='ocrx_word' id='word_1_282' title='bbox 1442 3870 1641 3986; x_wconf 89' lang='lat' dir='ltr'>implorata</span> 
     </span>
     <span class='ocr_line' id='line_1_31' title="bbox 182 3989 1642 4109; baseline 0.001 -34"><span class='ocrx_word' id='word_1_283' title='bbox 182 3990 319 4077; x_wconf 86' lang='lat' dir='ltr'>auxilia</span> <span class='ocrx_word' id='word_1_284' title='bbox 342 4014 636 4109; x_wconf 88' lang='lat' dir='ltr'>comparantur,</span> <span class='ocrx_word' id='word_1_285' title='bbox 658 4022 755 4108; x_wconf 87' lang='lat' dir='ltr'>opus</span> <span class='ocrx_word' id='word_1_286' title='bbox 785 3989 1066 4095; x_wconf 89' lang='lat' dir='ltr'>intermittitur,</span> <span class='ocrx_word' id='word_1_287' title='bbox 1093 4015 1133 4077; x_wconf 92' lang='lat' dir='ltr'>et</span> <span class='ocrx_word' id='word_1_288' title='bbox 1163 3989 1273 4106; x_wconf 93' lang='lat' dir='ltr'>quod</span> <span class='ocrx_word' id='word_1_289' title='bbox 1299 3989 1421 4076; x_wconf 88' lang='lat' dir='ltr'>otium</span> <span class='ocrx_word' id='word_1_290' title='bbox 1454 3989 1582 4076; x_wconf 88' lang='lat' dir='ltr'>huic</span> <span class='ocrx_word' id='word_1_291' title='bbox 1573 4021 1642 4076; x_wconf 89' lang='lat' dir='ltr'>rm·</span> 
     </span>
     <span class='ocr_line' id='line_1_32' title="bbox 180 4106 1638 4227; baseline 0.001 -33"><span class='ocrx_word' id='word_1_292' title='bbox 180 4109 426 4223; x_wconf 89' lang='lat' dir='ltr'>pendebam,</span> <span class='ocrx_word' id='word_1_293' title='bbox 443 4111 630 4199; x_wconf 87' lang='lat' dir='ltr'>vertendis</span> <span class='ocrx_word' id='word_1_294' title='bbox 652 4141 675 4198; x_wconf 87' lang='lat' dir='ltr'>e</span> <span class='ocrx_word' id='word_1_295' title='bbox 698 4110 885 4197; x_wconf 88' lang='lat' dir='ltr'>Graeco</span> <span class='ocrx_word' id='word_1_296' title='bbox 876 4138 914 4193; x_wconf 91' lang='grc' dir='ltr'>ιιι</span> <span class='ocrx_word' id='word_1_297' title='bbox 939 4106 1117 4194; x_wconf 89' lang='lat' dir='ltr'>Latinum</span> <span class='ocrx_word' id='word_1_298' title='bbox 1149 4108 1455 4227; x_wconf 83' lang='lat' dir='ltr'>exponendisque</span> <span class='ocrx_word' id='word_1_299' title='bbox 1486 4108 1638 4225; x_wconf 90' lang='lat' dir='ltr'>quibus·</span> 
     </span>
     <span class='ocr_line' id='line_1_33' title="bbox 180 4227 1639 4364; baseline -0.001 -50"><span class='ocrx_word' id='word_1_300' title='bbox 180 4227 276 4314; x_wconf 90' lang='lat' dir='ltr'>dam</span> <span class='ocrx_word' id='word_1_301' title='bbox 301 4229 507 4316; x_wconf 86' lang='lat' dir='ltr'>Aristotelis</span> <span class='ocrx_word' id='word_1_302' title='bbox 532 4229 785 4319; x_wconf 90' lang='lat' dir='ltr'>voluminibus</span> <span class='ocrx_word' id='word_1_303' title='bbox 815 4227 980 4333; x_wconf 90' lang='lat' dir='ltr'>tradidi,</span> <span class='ocrx_word' id='word_1_304' title='bbox 1009 4254 1110 4343; x_wconf 89' lang='lat' dir='ltr'>quae</span> <span class='ocrx_word' id='word_1_305' title='bbox 1136 4227 1356 4364; x_wconf 87' lang='lat' dir='ltr'>propediem</span> <span class='ocrx_word' id='word_1_306' title='bbox 1388 4228 1500 4319; x_wconf 88' lang='lat' dir='ltr'>edere</span> <span class='ocrx_word' id='word_1_307' title='bbox 1535 4228 1639 4347; x_wconf 72' lang='lat' dir='ltr'>cogi</span> 
     </span>
     <span class='ocr_line' id='line_1_34' title="bbox 179 4287 1645 4463; baseline 0.002 -32"><span class='ocrx_word' id='word_1_308' title='bbox 179 4367 328 4431; x_wconf 86' lang='lat' dir='ltr'>tamus</span> <span class='ocrx_word' id='word_1_309' title='bbox 362 4353 498 4435; x_wconf 90' lang='lat' dir='ltr'>Donec</span> <span class='ocrx_word' id='word_1_310' title='bbox 530 4348 732 4435; x_wconf 88' lang='lat' dir='ltr'>Gometius</span> <span class='ocrx_word' id='word_1_311' title='bbox 756 4348 860 4435; x_wconf 87' lang='lat' dir='ltr'>Cart</span> <span class='ocrx_word' id='word_1_312' title='bbox 852 4346 932 4433; x_wconf 86' lang='lat' dir='ltr'>rllus</span> <span class='ocrx_word' id='word_1_313' title='bbox 965 4287 1079 4434; x_wconf 77' lang='lat' dir='ltr'>irater</span> <span class='ocrx_word' id='word_1_314' title='bbox 1102 4372 1219 4453; x_wconf 89' lang='lat' dir='ltr'>tuus,</span> <span class='ocrx_word' id='word_1_315' title='bbox 1248 4344 1306 4434; x_wconf 85' lang='lat' dir='ltr'>vit</span> <span class='ocrx_word' id='word_1_316' title='bbox 1340 4345 1572 4463; x_wconf 87' lang='lat' dir='ltr'>praeclarus,</span> <span class='ocrx_word' id='word_1_317' title='bbox 1604 4369 1645 4434; x_wconf 86' lang='lat' dir='ltr'>et</span> 
     </span>
     <span class='ocr_line' id='line_1_35' title="bbox 181 4407 1643 4601; baseline 0 -52"><span class='ocrx_word' id='word_1_318' title='bbox 181 4464 251 4580; x_wconf 92' lang='lat' dir='ltr'>qui</span> <span class='ocrx_word' id='word_1_319' title='bbox 278 4490 420 4579; x_wconf 92' lang='lat' dir='ltr'>magno</span> <span class='ocrx_word' id='word_1_320' title='bbox 454 4466 584 4554; x_wconf 90' lang='lat' dir='ltr'>animo</span> <span class='ocrx_word' id='word_1_321' title='bbox 608 4495 823 4585; x_wconf 88' lang='lat' dir='ltr'>magnaque</span> <span class='ocrx_word' id='word_1_322' title='bbox 842 4465 1021 4584; x_wconf 88' lang='lat' dir='ltr'>sapientia</span> <span class='ocrx_word' id='word_1_323' title='bbox 1036 4407 1303 4554; x_wconf 78' lang='lat' dir='ltr'>Concherisem</span> <span class='ocrx_word' id='word_1_324' title='bbox 1333 4464 1522 4550; x_wconf 83' lang='lat' dir='ltr'>ecclesiam</span> <span class='ocrx_word' id='word_1_325' title='bbox 1561 4464 1643 4601; x_wconf 79' lang='lat' dir='ltr'>the·</span> 
     </span>
     <span class='ocr_line' id='line_1_36' title="bbox 182 4580 1643 4704; baseline 0.001 -35"><span class='ocrx_word' id='word_1_326' title='bbox 182 4580 368 4669; x_wconf 72' lang='lat' dir='ltr'>nantarius</span> <span class='ocrx_word' id='word_1_327' title='bbox 405 4586 652 4690; x_wconf 90' lang='lat' dir='ltr'>moderatur,</span> <span class='ocrx_word' id='word_1_328' title='bbox 679 4596 837 4704; x_wconf 82' lang='lat' dir='ltr'>quoque</span> <span class='ocrx_word' id='word_1_329' title='bbox 878 4586 1036 4673; x_wconf 89' lang='lat' dir='ltr'>alumno</span> <span class='ocrx_word' id='word_1_330' title='bbox 1066 4585 1267 4704; x_wconf 84' lang='lat' dir='ltr'>collegium</span> <span class='ocrx_word' id='word_1_331' title='bbox 1294 4607 1465 4671; x_wconf 90' lang='lat' dir='ltr'>nostrum</span> <span class='ocrx_word' id='word_1_332' title='bbox 1506 4582 1643 4671; x_wconf 89' lang='lat' dir='ltr'>merito</span> 
     </span>
     <span class='ocr_line' id='line_1_37' title="bbox 183 4700 1645 4819; baseline 0.003 -33"><span class='ocrx_word' id='word_1_333' title='bbox 183 4700 395 4819; x_wconf 73' lang='lat' dir='ltr'>gloriatin,</span> <span class='ocrx_word' id='word_1_334' title='bbox 418 4731 526 4790; x_wconf 90' lang='lat' dir='ltr'>ame</span> <span class='ocrx_word' id='word_1_335' title='bbox 551 4704 680 4794; x_wconf 88' lang='lat' dir='ltr'>litteris</span> <span class='ocrx_word' id='word_1_336' title='bbox 708 4704 901 4793; x_wconf 87' lang='lat' dir='ltr'>consultus</span> <span class='ocrx_word' id='word_1_337' title='bbox 927 4705 1089 4793; x_wconf 89' lang='lat' dir='ltr'>multae</span> <span class='ocrx_word' id='word_1_338' title='bbox 1114 4704 1285 4792; x_wconf 87' lang='lat' dir='ltr'>fidelibus</span> <span class='ocrx_word' id='word_1_339' title='bbox 1318 4701 1558 4789; x_wconf 85' lang='lat' dir='ltr'>monimentis</span> <span class='ocrx_word' id='word_1_340' title='bbox 1583 4732 1645 4791; x_wconf 87' lang='lat' dir='ltr'>ex-</span> 
     </span>
     <span class='ocr_line' id='line_1_38' title="bbox 183 4820 1642 4961; baseline 0.003 -58"><span class='ocrx_word' id='word_1_341' title='bbox 183 4842 314 4955; x_wconf 85' lang='lat' dir='ltr'>cerpta</span> <span class='ocrx_word' id='word_1_342' title='bbox 339 4820 618 4937; x_wconf 91' lang='lat' dir='ltr'>suppeditavit,</span> <span class='ocrx_word' id='word_1_343' title='bbox 635 4852 736 4961; x_wconf 93' lang='lat' dir='ltr'>quae</span> <span class='ocrx_word' id='word_1_344' title='bbox 763 4855 824 4911; x_wconf 91' lang='lat' dir='ltr'>me</span> <span class='ocrx_word' id='word_1_345' title='bbox 854 4853 1088 4945; x_wconf 88' lang='lat' dir='ltr'>magnopere</span> <span class='ocrx_word' id='word_1_346' title='bbox 1117 4825 1320 4938; x_wconf 72' lang='lat' dir='ltr'>iuverunt:</span> <span class='ocrx_word' id='word_1_347' title='bbox 1337 4851 1416 4939; x_wconf 90' lang='lat' dir='ltr'>qua</span> <span class='ocrx_word' id='word_1_348' title='bbox 1444 4825 1642 4910; x_wconf 80' lang='lat' dir='ltr'>occasione</span> 
     </span>
     <span class='ocr_line' id='line_1_39' title="bbox 184 4935 1643 5088; baseline 0 -62"><span class='ocrx_word' id='word_1_349' title='bbox 184 4935 392 5088; x_wconf 86' lang='lat' dir='ltr'>invitatus,</span> <span class='ocrx_word' id='word_1_350' title='bbox 407 4968 496 5032; x_wconf 88' lang='lat' dir='ltr'>cum</span> <span class='ocrx_word' id='word_1_351' title='bbox 523 4971 623 5066; x_wconf 89' lang='lat' dir='ltr'>quae</span> <span class='ocrx_word' id='word_1_352' title='bbox 651 4943 945 5057; x_wconf 84' lang='lat' dir='ltr'>intermiseram,</span> <span class='ocrx_word' id='word_1_353' title='bbox 977 4971 1240 5055; x_wconf 85' lang='lat' dir='ltr'>revocassem,</span> <span class='ocrx_word' id='word_1_354' title='bbox 1241 4942 1439 5034; x_wconf 89' lang='lat' dir='ltr'>absoluta</span> <span class='ocrx_word' id='word_1_355' title='bbox 1461 4966 1506 5032; x_wconf 88' lang='lat' dir='ltr'>ut</span> <span class='ocrx_word' id='word_1_356' title='bbox 1533 4970 1643 5029; x_wconf 87' lang='lat' dir='ltr'>reco-</span> 
     </span>
    </p>
   </div>
   <div class='ocr_carea' id='block_1_3' title="bbox 1091 5067 1771 5182">
    <p class='ocr_par' dir='ltr' id='par_1_5' title="bbox 1091 5067 1771 5182">
     <span class='ocr_line' id='line_1_40' title="bbox 1091 5067 1771 5182; baseline 0 -26"><span class='ocrx_word' id='word_1_357' title='bbox 1091 5067 1167 5156; x_wconf 80' lang='lat' dir='ltr'>Aa</span> <span class='ocrx_word' id='word_1_358' title='bbox 1554 5068 1771 5182; x_wconf 76' lang='lat' dir='ltr'>gno&#39;</span> 
     </span>
    </p>
   </div>
   <div class='ocr_carea' id='block_1_4' title="bbox 0 0 2100 5880">
    <p class='ocr_par' dir='ltr' id='par_1_6' title="bbox 0 0 2100 5880">
     <span class='ocr_line' id='line_1_41' title="bbox 0 0 2100 5880; baseline 0 4"><span class='ocrx_word' id='word_1_359' title='bbox 0 0 2100 5880; x_wconf 95' lang='lat' dir='ltr'> </span> 
     </span>
    </p>
   </div>
  </div>
 </body>
</html>
