4034 5858
503 415 573 494 μη
957 390 1494 464 nnnocnnnns·

477 544 522 605 ut
548 519 624 604 hoc
652 516 789 604 vitenu
819 509 1014 632 cognitum
1032 574 1045 619 ‚
1063 510 1157 598 illud
1184 511 1261 597 sine
1291 508 1533 598 cunctatione
1564 512 1740 625 petatur.
1773 510 1934 608 Quam-r

479 667 597 752 quam
619 637 658 722 id
686 634 919 751 perspicuum
933 657 1018 739 est,
1035 630 1103 746 qui
1126 653 1171 715 ut
1193 630 1328 717 serviat
1354 631 1563 717 multorum
1594 629 1710 715 errori
1727 689 1740 734 ,
1755 658 1797 715 se
1814 631 1934 717 ratio.

481 783 570 840 nem
594 754 696 868 sequi
721 777 836 870 negat
854 813 867 856 ,
883 751 985 837 hunc
1013 773 1140 864 aperte
1157 745 1323 865 profiteri
1340 808 1353 854 ,
1370 778 1408 838 se
1438 774 1563 861 neque
1579 742 1715 833 fortem
1733 776 1814 833 esse
1830 811 1843 853 ,
1859 777 1931 834 nec

483 873 795 988 magnanimum,
812 869 915 954 nulla
932 868 1096 982 denique
1117 868 1257 955 virtute
1282 867 1519 982 praeditum,
1545 893 1615 950 nec
1641 865 1789 952 vitastis
1813 867 1934 971 aliud,

483 1020 600 1104 quam
622 991 797 1074 umbram
818 983 977 1072 fortassis
1002 985 1209 1101 quamdam
1235 984 1465 1072 consectari.
1498 987 1602 1069 Nam
1619 984 1728 1098 quod
1744 986 1828 1089 ais,
1844 1007 1929 1069 m0-2

450 1113 452 1118 “
482 1135 562 1192 rem
591 1135 749 1222 quoque
777 1105 972 1191 militarem
995 1100 1193 1220 vvsuffragari
1221 1100 1309 1187 huic
1336 1103 1451 1189 errori
1467 1161 1480 1207 ,
1496 1102 1728 1219 negligenter
1754 1103 1846 1187 milri
1871 1102 1930 1188 vi·r

484 1225 579 1312 deris
595 1286 608 1329 ,
625 1226 719 1340 quid
751 1223 911 1309 maxima
932 1252 980 1307 ex
1009 1245 1115 1337 parte
1142 1219 1208 1305 fiat
1233 1250 1256 1305 a
1287 1217 1444 1307 fortibus
1474 1221 1587 1306 etiarn
1619 1219 1827 1327 militibus,
1855 1222 1927 1305 ob-

484 1371 671 1428 servasse.
706 1346 794 1428 An.
825 1345 967 1425 Nonne
1000 1339 1167 1455 plerique
1188 1366 1332 1441 omnes
1359 1339 1491 1424 milites
1522 1338 1571 1423 sic
1589 1338 1802 1452 loquuntur
1818 1400 1833 1444 ,
1849 1369 1931 1424 mo

484 1460 658 1554 tiendum
683 1487 761 1545 esse
788 1458 943 1573 potius,
972 1464 1089 1573 quam
1115 1454 1353 1562 faciendam,
1371 1456 1485 1541 etiam
1511 1455 1577 1542 tali
1603 1479 1805 1570 tempore,
1829 1456 1932 1541 dedi·

485 1577 658 1662 tionem?
688 1582 788 1663 Dru.
814 1582 957 1662 Nonne
984 1575 1152 1691 plerique
1175 1603 1308 1660 omnes
1333 1574 1464 1660 milites
1485 1604 1524 1660 se
1552 1574 1701 1659 dedunt
1720 1575 1853 1690 ‘potius
1869 1573 1932 1658 tali

484 1720 656 1809 tempore
672 1754 686 1801 ,
701 1724 818 1810 quam
848 1716 1031 1809 oppetant
1057 1717 1219 1778 mortem
1251 1692 1501 1781 voluntariam
1517 1692 1701 1807 ‘lNeque
1730 1694 1835 1777 enim
1851 1718 1929 1777 tam

485 1810 635 1899 interest
652 1873 664 1918 ,
679 1813 772 1928 quid
787 1813 958 1897 homines
980 1810 1184 1928 loquantur
1202 1871 1215 1917 ,
1231 1840 1347 1924 quam
1371 1811 1465 1926 quid
1481 1806 1641 1894 faciant.
1666 1810 1817 1896 Veritas
1830 1811 1927 1895 euim

485 1929 523 2014 in
548 1931 657 2015 rebus
681 1929 834 2046 agendis
851 1990 864 2034 ,
880 1953 924 2014 ut
947 1929 1259 2044 philosophorum
1284 1928 1535 2044 sapientissimi
1557 1950 1766 2032 testantur,
1787 1957 1869 2013 non
1885 1957 1930 2014 ex

487 2048 635 2150 verbis,
654 2048 720 2133 sed
744 2076 789 2132 ex
813 2042 915 2132 factis
935 2046 1089 2162 vitaque
1105 2046 1303 2130 hominum
1331 2046 1536 2159 judicatur.
1570 2045 1679 2132 Nam
1703 2070 1747 2131 ut
1770 2047 1936 2162 quidam

487 2165 730 2268 encomium,
749 2189 791 2249 ut
815 2164 977 2272 dicitur,
1008 2163 1186 2250 levissime
1215 2188 1358 2250 canunt
1385 2189 1474 2249 ante
1503 2164 1698 2251 victoriam
1713 2164 1787 2269 ,sic
1814 2163 1929 2248 multi

488 2282 607 2368 multa
623 2283 761 2396 jactant
786 2281 979 2368 ambitiose
1009 2307 1153 2396 praeter
1180 2282 1293 2367 animi
1308 2356 1310 2361 ,
1327 2282 1579 2387 sententiam,
1604 2306 1819 2396 temereque
1851 2311 1934 2365 ma*

488 2429 565 2516 gna
582 2460 595 2506 ,
611 2423 654 2485 ut
685 2399 751 2486 sibi
779 2399 983 2501 videntur,
1002 2398 1238 2514 loquuntur,
1261 2423 1300 2484 et
1324 2400 1372 2485 de
1402 2428 1440 2485 se
1465 2399 1574 2485 tacite
1604 2398 1857 2514 pollicentur,
1882 2399 1933 2484 ad

489 2545 658 2604 rumores
688 2517 886 2632 populares
918 2515 1147 2631 colligendos
1165 2576 1177 2622 ,
1194 2517 1260 2631 qui
1282 2517 1322 2599 in
1338 2516 1430 2627 tales
1449 2516 1639 2634 angustias
1655 2516 1795 2602 detrusi
1818 2516 1933 2601 boni-

370 2698 372 2702 ψ
488 2657 567 2719 tate
588 2660 743 2720 naturae
769 2634 956 2721 rationem
981 2630 1194 2748 praeferunt
1218 2632 1389 2749 pristinae
1413 2663 1504 2719 suae>
1525 2658 1566 2719 et
1586 2633 1817 2748 reliquorum
1844 2633 1934 2719 stul-

487 2774 550 2835 tae
566 2751 776 2864 jactationi.
801 2755 1026 2864 Numquam
1041 2751 1151 2867 igitur
1176 2779 1251 2868 ego
1267 2752 1501 2838 committam
1518 2813 1531 2858 ,
1545 2776 1591 2837 ut
1606 2751 1696 2836 huic
1710 2751 1834 2855 militi,
1851 2752 1933 2866 qui,

488 2888 577 2959 cum
608 2865 751 2954 fortiter
778 2896 824 2952 ac
855 2894 1005 2953 strenue
1033 2868 1310 2985 depugnasset,
1338 2869 1532 2984 iniquitate
1563 2893 1693 2954 tamen
1722 2866 1931 2973 fortunae,

488 3014 588 3099 quae
613 2986 653 3070 in
679 2985 819 3100 praeliis
845 2986 1004 3072 maxime
1024 2985 1269 3090 dominatur,
1287 3015 1367 3072 non
1390 3018 1457 3072 sua
1476 2989 1625 3104 ignavia
1651 2987 1775 3073 victus
1789 3011 1844 3073 est
1863 3012 1933 3091 ,et

490 3126 654 3188 extrema
683 3103 893 3189 necessitate
920 3105 1134 3219 compulsus
1166 3104 1395 3190 deditionem
1411 3101 1497 3190 fecit
1513 3166 1525 3211 ,
1540 3112 1775 3220 quemquam
1799 3133 1933 3190 eorum

489 3216 693 3305 anteferam
711 3281 723 3325 ,
738 3220 828 3334 qui,
845 3249 934 3306 cum
958 3221 1102 3306 nullum
1121 3221 1189 3333 ipsi
1205 3222 1440 3337 praebuerint
1463 3224 1635 3339 egregiae
1654 3222 1801 3310 virtutis
1818 3222 1929 3308 doctr⁴

491 3361 664 3424 mentum
682 3398 694 3439 ,
715 3337 898 3426 'sustinent
928 3360 1057 3424 tamen
1087 3337 1197 3423 stulte
1227 3338 1428 3456 magnificis
1443 3340 1576 3428 uerbis
1590 3338 1695 3454 'ilius
1725 3342 1933 3456 prudenter

490 3481 535 3537 ac
560 3450 703 3540 fortiter
718 3450 874 3540 factum
890 3455 1120 3570 vituperare.
1151 3457 1275 3571 Huius
1292 3459 1402 3543 'enim
1425 3459 1542 3546 virtus
1567 3459 1773 3544 etanimus
1792 3458 1872 3571 ῥάκη
1894 3486 1932 3542 te

486 3570 582 3656 mihi
612 3596 725 3658 notus
760 3596 847 3680 est,
878 3597 918 3659 et
945 3599 1085 3660 certam
1117 3603 1221 3690 spem
1250 3575 1384 3681 dedit,
1402 3575 1429 3661 si
1457 3577 1635 3692 aequiore
1658 3573 1814 3664 fortuna
1829 3572 1936 3662 fuerit

491 3717 608 3794 usus,
631 3719 652 3774 e
698 3690 820 3805 egiam
843 3718 882 3776 se
903 3690 1054 3777 laudem
1079 3720 1145 3806 pet
1168 3694 1403 3779 occasionem
1428 3694 1664 3779 meriturum.
1699 3693 1857 3779 lllorum
1871 3722 1937 3778 au«

493 3805 558 3890 dio
582 3718 740 3920 quidim·
765 3837 905 3925 magna
929 3810 1046 3898 verba'
1062 3871 1075 3913 ,
1091 3834 1235 3895 certum
1260 3812 1440 3897 indicium
1456 3809 1681 3899 fortitudinis
1695 3812 1843 3898 nullum
1861 3807 1935 3896 for*

490 3945 584 4007 tasse
615 3924 721 4030 vidi,
752 3954 824 4011 nec
856 3927 980 4012 habeo
1013 3927 1222 4042 quidquam
1254 3928 1520 4046 exploratum,
1533 3930 1809 4046 quopo'ssim,
1839 3927 1935 4043 quid

493 4037 560 4151 ipsi
583 4039 647 4125 tali
667 4067 839 4157 tempore
865 4043 1071 4157 praestimri
1102 4045 1173 4130 sint
1188 4107 1200 4152 ,
1218 4057 1427 4133 tamscefrra
1454 4049 1667 4161 conjectura
1688 4047 1876 4164 polliceri.
1932 4080 1934 4087 ·

550 4159 682 4244 XLlll.
741 4163 797 4246 Ut
817 4159 928 4277 igitur
953 4161 1044 4247 nihil
1059 4164 1243 4249 movearis
1267 4164 1452 4281 religionis
1478 4174 1671 4282 respectu,
1687 4166 1799 4281 quod
1814 4167 1938 4281 ipsum·

491 4296 547 4357 est
575 4304 763 4362 summum
791 4278 933 4364 malum
960 4303 1001 4364 et
1017 4303 1181 4365 extrema
1209 4280 1360 4367 infamia
1386 4283 1425 4368 in
1454 4283 1608 4369 homine
1623 4283 1842 4369 Christiano
1860 4309 1935 4390 ,ta-

490 4417 579 4473 men
605 4392 632 4475 si
657 4418 765 4504 putas
784 4423 864 4480 non
888 4397 963 4509 jam
989 4399 1238 4513 repugnando
1255 4401 1413 4504 ,amissa
1440 4399 1615 4488 videlicet
1646 4399 1856 4507 facultate,
1872 4400 1932 4486 sed

488 4505 705 4618 praebendo
728 4511 898 4625 jugulum
925 4513 1015 4598 nihil
1038 4513 1294 4629 proficientem
1312 4546 1421 4623 ,non
1445 4517 1510 4602 tibi
1526 4520 1542 4622 ⁴,
1560 4548 1642 4604 non
1666 4522 1811 4633 patriae
1829 4546 1933 4626 ,non

486 4624 706 4738 reipublicae
733 4628 1018 4737 consulentem,
1043 4658 1204 4718 mortem
1235 4659 1413 4748 oppetere
1429 4666 1573 4749 ,quam
1596 4661 1706 4751 potes
1732 4638 1821 4724 solo
1854 4664 1932 4723 ver-

486 4739 539 4826 bo
555 4801 568 4844 ,
585 4743 662 4829 sine
683 4745 796 4860 culpa
821 4746 880 4832 vel
905 4777 1013 4832 novo
1029 4749 1214 4836 dedecore
1245 4753 1392 4857 vitare,
1415 4753 1613 4867 pulchrum
1642 4783 1722 4840 esse
1740 4816 1753 4862 ,
1770 4783 1812 4842 et
1834 4751 1932 4840 forti

485 4861 621 4953 tudinis
650 4892 774 4984 opus,
799 4864 1041 4955 vehementer
1066 4896 1186 4957 erras.
1218 4869 1314 4960 lllud
1339 4870 1440 4958 enim
1469 4871 1544 4987 jam
1573 4899 1654 4966 non
1683 4896 1767 4986 est,
1788 4899 1834 4961 ut
1850 4873 1930 4987 qui·
