4050 5858
482 448 553 519 ηο
959 417 1401 493 DEMOCRATES

456 548 651 638 fortissime
667 545 875 649 dimicans,
901 570 945 627 ac
965 542 1113 661 egregie
1129 552 1212 630 sese
1227 542 1328 631 ultus
1350 539 1555 661 occubuit)
1572 539 1693 628 factus
1709 531 1835 628 modo
1852 533 1924 628 lie·

456 696 516 756 res
530 669 619 755 aviti
645 665 869 782 principatus
896 662 987 747 nihil
1013 663 1144 749 habuit
1159 665 1311 778 potius,
1332 693 1450 780 quam
1478 687 1523 747 ut
1544 690 1633 748 cum
1650 656 1842 776 frequenti
1876 690 1948 747 e-·

456 788 632 904 lectoque
654 784 839 872 comitatu
860 782 911 868 ad
927 785 1074 897 Regem
1097 812 1208 866 suum
1228 781 1546 899 proficisceretur,
1561 804 1601 866 et
1615 778 1711 864 nibil
1735 778 1808 864 suis
1832 778 1916 895 opi·

457 906 528 993 bus
544 933 724 1022 parcens,
742 933 781 989 se
802 928 960 1017 quoque
985 927 1057 1015 pro
1071 901 1381 989 Christianorum
1405 900 1555 1017 publica
1576 926 1688 984 causa
1707 896 1915 984 discrimini

458 1025 544 1110 belli
561 1024 670 1137 hujus
698 1042 923 1138 exponeret.
952 1019 1027 1104 Hic
1046 1048 1167 1127 ver0,
1191 1050 1330 1138 magna
1346 1022 1385 1110 vi
1401 1019 1646 1137 pecuniarum
1673 1016 1724 1101 ad
1752 1014 1915 1104 militem

458 1143 753 1231 conducendum
768 1139 967 1254 praemissa
983 1196 996 1243 ,
1012 1138 1089 1252 ipse
1104 1167 1192 1224 curn
1217 1139 1344 1255 paucis
1360 1169 1425 1255 pet
1441 1136 1639 1254 dispositos
1664 1163 1786 1251 equos
1801 1195 1814 1242 ,
1827 1165 1912 1221 ma·

459 1292 540 1380 gno
570 1288 699 1347 tamen
730 1258 902 1373 equitum
930 1256 1115 1343 comitatu
1143 1257 1420 1375 subsequente,
1449 1285 1500 1342 ne
1520 1253 1717 1341 certamini
1746 1281 1829 1339 non
1856 1255 1913 1339 in·

457 1404 611 1475 teresse:
627 1441 640 1483 ,
659 1406 801 1495 magno
831 1374 1095 1490 constantique
1118 1375 1246 1462 animo
1271 1375 1489 1492 properavit
1507 1404 1517 1459 τ
1533 1373 1602 1490 qui
1630 1397 1676 1458 ut
1700 1371 1803 1458 claro
1832 1371 1913 1459 do-

459 1523 642 1584 cumento
672 1498 826 1583 doceret
844 1553 857 1600 ,
872 1493 940 1578 sibi
963 1493 1107 1578 nullam
1136 1494 1246 1579 aliam
1272 1523 1422 1580 causam
1447 1490 1556 1578 subse
1571 1490 1916 1608 peregrinationem

460 1617 561 1703 illam
586 1614 803 1731 suscipiendi
818 1674 831 1720 ,
846 1637 964 1727 quarn
992 1634 1037 1696 ut
1059 1638 1131 1726 pro
1155 1611 1366 1698 Christiana
1394 1607 1564 1698 libertate
1588 1602 1798 1727 pugnando
1811 1608 1915 1695 Cae·

460 1735 531 1822 sari
557 1764 668 1821 suum
698 1755 901 1848 praestaret
926 1723 1094 1814 officium
1111 1730 1289 1836 ,sublata
1311 1757 1377 1846 per
1408 1722 1574 1816 hostium
1590 1724 1721 1845 fugam
1737 1726 1917 1843 pugnan-

460 1855 500 1941 di
515 1849 691 1940 facultate
707 1910 721 1956 ,
737 1850 909 1936 missione
937 1845 1134 1962 impetrata
1155 1848 1278 1974 statim
1295 1848 1456 1937 domum
1472 1909 1485 1958 ,
1500 1844 1831 1969 quemadmodum
1846 1845 1913 1935 ve,

460 1996 569 2059 nerat
585 2035 598 2077 ,
614 1996 670 2056 est
694 1996 887 2055 reversus.
1403 1995 1409 2001 ·

522 2091 576 2172 V.
636 2093 725 2174 Aac.
758 2092 823 2172 An
846 2112 909 2170 me
932 2079 1034 2169 aliud
1056 2108 1165 2199 putas
1182 2148 1195 2192 ,
1210 2116 1327 2204 quam
1359 2085 1409 2176 de
1432 2082 1518 2177 illuc
1535 2083 1808 2205 proficiscendo
1833 2083 1917 2198 jam

460 2203 611 2294 'dudum
636 2204 847 2322 cogitasse?
879 2201 945 2287 sed
970 2200 1128 2289 adversa
1157 2205 1374 2294 valetudine
1402 2208 1611 2322 prohibitus
1636 2237 1720 2292 sum
1735 2231 1803 2337 ’.²
1827 2230 1916 2317 qua

346 2355 349 2360 ’
463 2353 513 2410 ne
537 2352 640 2410 nune
668 2321 823 2441 quidem
848 2320 932 2406 saris
964 2319 1059 2408 vires
1088 2321 1256 2437 pristinas
1277 2353 1397 2440 recept
1415 2329 1601 2443 (Neque
1632 2324 1736 2410 enim
1757 2346 1915 2454 ignoro,

275 3292 394 3356 Hisprnls
420 3290 457 3340 ln·

274 3369 333 3408 nata
348 3353 449 3413 rellmo.

273 3622 458 3678 ,harundinum

278 3831 388 3886 Occasio
407 3828 459 3880 dla-

278 3896 342 3960 logi.

463 2469 628 2560 quantus
657 2441 839 2527 nobilium
865 2463 905 2523 et
929 2466 1099 2525 summae
1123 2439 1258 2527 indolis
1285 2443 1580 2531 adolescentium
1597 2439 1830 2554 fortiumque
1862 2465 1919 2525 vr·

463 2564 594 2647 totum
618 2557 719 2644 ultro
745 2560 793 2643 ab
821 2555 1005 2671 Hispania
1030 2556 1080 2641 ad
1104 2555 1204 2645 istud
1232 2559 1375 2647 bellum
1402 2555 1523 2650 factus
1556 2557 1669 2646 fuerit
1698 2582 1922 2662 concursus,

465 2704 503 2765 et
529 2679 703 2782 illorum,
719 2703 819 2789 quos
846 2672 1078 2778 nominasti,
1101 2675 1309 2791 principum
1332 2679 1520 2766 adventus
1550 2674 1663 2765 officii
1692 2673 1922 2793 magnitudi-

466 2796 597 2910 nisque
621 2792 735 2879 animi
760 2794 890 2908 plenus
907 2851 921 2897 ,
938 2789 1148 2876 multorum
1178 2795 1285 2880 nobis
1312 2794 1440 2882 litteris
1464 2821 1522 2885 est
1549 2791 1772 2912 perscriptus
1788 2853 1801 2898 ,
1817 2816 1858 2877 ct
1879 2819 1922 2875 a·

466 2912 603 2999 liorum
629 2936 819 3027 praeterea
842 2908 1052 3025 principum
1073 2908 1267 3024 virorum:
1293 2942 1365 2999 nec
1380 2916 1481 3029 enim
1505 2916 1605 3031 ipsos
1632 2912 1768 2999 attinet
1791 2908 1921 2994 nomi·

466 3033 585 3116 natim
620 3057 834 3132 recensere,
860 3055 960 3143 quos
983 3024 1063 3139 pari
1088 3029 1201 3114 animi
1226 3033 1512 3149 magnitudine,
1537 3035 1670 3120 eadem
1703 3030 1741 3114 in
1771 3032 1921 3144 Regem

468 3179 579 3233 suurn
603 3174 759 3262 remque
781 3143 968 3262 publicam
994 3142 1243 3232 Christianam
1268 3152 1384 3263 pietas
1408 3151 1459 3237 ad
1476 3150 1618 3238 bellum
1642 3170 1921 3234 sacrosanctum

470 3264 699 3351 concitavit:
732 3288 788 3349 est
811 3260 988 3366 enim,si
1014 3262 1152 3371 nescis,
1168 3260 1367 3353 hominum
1398 3290 1615 3355 nostrorum
1636 3265 1767 3351 animis
1792 3263 1922 3350 insitus

471 3383 628 3499 quidam
660 3380 831 3498 egregius
859 3378 1044 3496 religionis
1073 3408 1280 3497 respectus.
1337 3390 1440 3472 Dsn.
1475 3392 1563 3504 Ego
1594 3383 1760 3474 veroid
1795 3382 1922 3468 habeo

472 3501 597 3587 multis
631 3498 805 3613 exemplis
825 3498 1077 3612 exploratum.
1107 3505 1210 3588 Nam
1233 3531 1322 3588 cum
1352 3532 1435 3590 rata
1463 3505 1508 3591 sit
1526 3513 1656 3615 pietas
1674 3503 1742 3608 iis,
1772 3509 1840 3608 qui
1863 3522 1924 3583 ca·

471 3635 559 3705 stra
583 3632 814 3725 sequuntur,
839 3644 888 3700 ne
910 3621 1048 3729 po'etae
1063 3645 1212 3732 prorsus
1239 3621 1478 3735 astipulemur
1494 3684 1507 3728 ,
1524 3623 1591 3739 qui
1615 3621 1758 3707 nullam
1782 3619 1836 3704 eis
1864 3644 1925 3701 ne·

471 3767 548 3851 que
572 3735 689 3822 fidem
717 3761 841 3850 neque
868 3732 1046 3847 pietatem
1074 3763 1152 3820 esse
1179 3738 1371 3852 prodidit:
1406 3740 1653 3829 animadverti
1677 3762 1818 3825 tamen·
1837 3758 1926 3849 post

473 3855 573 3943 urbis
601 3859 748 3938 Romae
765 3851 1013 3965 direptionem
1029 3848 1068 3933 in
1093 3881 1140 3937 ea
1164 3879 1266 3968 peste
1285 3886 1413 3972 ,quae
1443 3858 1574 3974 ingens
1589 3855 1705 3972 paulo
1719 3875 1804 3971 post
1819 3878 1927 3936 exer·

472 3973 589 4060 citum
604 3969 870 4057 Caesatimum
893 3996 939 4053 ex
965 3966 1074 4054 variis
1103 3972 1278 4087 gentibus
1301 3972 1511 4061 conflatum
1540 3976 1675 4063 invasit
1694 4036 1707 4080 ,
1726 3971 1930 4088 plerosque

473 4090 608 4176 milites
639 4088 858 4202 Hispanos,
886 4114 975 4171 cum
1000 4085 1041 4169 in
1066 4092 1244 4177 morbum
1278 4090 1517 4200 incidissent,
1548 4093 1727 4210 praedam
1751 4086 1927 4204 percupi-

473 4208 522 4293 de
547 4231 693 4321 pattam
708 4267 721 4311 ,
739 4235 788 4291 nc
800 4233 881 4291 'vos
900 4203 1030 4292 videar
1049 4205 1097 4291 ab
1119 4207 1226 4293 omni
1250 4210 1404 4298 crimine
1426 4212 1615 4299 vindicare
1631 4209 1849 4324 ,religione
1873 4228 1930 4288 ta·

472 4352 564 4409 men
596 4326 731 4409 ductos
762 4321 922 4456 spoliatis
952 4321 1096 4407 civibus
1122 4325 1354 4413 restituisse:
1396 4330 1505 4445 quod
1538 4329 1695 4415 aliarum
1726 4317 1929 4411 nationum

440 4480 444 4489 ¹
471 4441 633 4556 cuipiam
656 4437 810 4526 fortasse
831 4439 934 4524 militi
958 4440 1117 4526 accidit:
1147 4467 1222 4560 ego
1243 4470 1372 4531 tamen
1388 4509 1400 4552 ,
1415 4447 1483 4562 qui
1496 4470 1584 4533 toto
1609 4474 1658 4532 eo
1686 4468 1864 4558 tempore
1889 4439 1931 4524 in

447 4913 676 5031 *perioribus
710 4912 842 5000 diebus
875 4911 1133 5002 honestissima
1170 4917 1381 5036 eademque
1409 4918 1670 5034 jucunrl'ssima
1699 4943 1838 5003 eorum
1869 4911 1944 5024 ju·

472 4559 599 4645 castris
623 4554 675 4642 fui
692 4619 703 4663 ,
722 4558 915 4670 multaque
946 4556 1139 4760 dilp'genter
1164 4563 1388 4670 observavi,
1406 4565 1595 4651 neminem
1619 4590 1690 4649 nec
1718 4560 1829 4665 vidi,
1856 4584 1933 4644 nec

472 4676 522 4762 ab
537 4677 612 4762 aliis
626 4674 775 4782 audivi,
790 4675 858 4791 qui
873 4675 949 4760 boc
964 4706 990 4760 o
1030 4677 1131 4762 cium
1146 4679 1376 4767 Christianae
1399 4682 1567 4800 religioni
1582 4680 1788 4769 tribuisset:
1807 4705 1934 4794 quarn

473 4794 523 4882 de
554 4797 667 4882 vobis
689 4792 996 4880 existimationem
1020 4796 1121 4881 auxit
1146 4798 1238 4882 mihi
1261 4800 1322 4886 vel
1354 4800 1558 4915 plurimum
1582 4801 1622 4886 in
1646 4796 1847 4886 Pannonia
1872 4825 1939 4880 su·

1872 5057 1949 5121 VC·
