4020 5864
610 393 680 470 ru
710 386 1046 485 nennsuuu„
1142 422 1143 425 κ
1441 358 1509 490 55,

18 609 20 612 ,
96 529 312 649 prinsquam
336 518 424 612 dico
440 518 489 609 de
515 516 733 630 Naufragii
752 515 905 634 dialogo
921 514 1015 632 quid
1047 515 1233 621 sentiam,
1261 516 1437 608 indicabo
1460 527 1541 636 ribi,

94 652 275 748 Erasme,
302 671 428 728 meam
452 638 743 755 negligentiam:
775 635 955 753 profiteor
974 634 1075 720 enim
1100 662 1161 720 me
1185 637 1234 721 ad
1253 637 1291 722 id
1309 667 1428 753 usque
1447 668 1545 730 tem·

92 795 191 880 pus,
216 791 299 877 quo
314 762 414 845 hanc
429 757 612 844 scribendi
635 785 765 843 cutam
786 755 957 871 suscepi,
975 755 1205 868 reliquorum
1222 755 1444 870 scriptorum
1457 788 1545 849 tuo·

93 910 181 967 rum
197 906 413 995 perpauca,
439 901 478 961 et
501 874 693 990 carptim,
721 873 1001 990 colloquiorum
1027 897 1156 958 autem
1186 903 1236 958 ne
1268 877 1428 962 verbum
1456 882 1547 994 quis

92 999 183 1084 dem
211 996 366 1113 legisse:
401 993 535 1080 eadem
563 993 740 1078 nimirum
769 993 915 1079 ratione
939 1049 953 1097 ,
978 992 1165 1104 quamde
1192 991 1350 1079 Albeno
1372 995 1442 1082 Pio
1461 1028 1545 1084 me-

94 1114 268 1218 moravi,
296 1112 404 1228 quod
428 1109 660 1228 theologiam
687 1141 734 1197 ex
760 1112 868 1197 sacris
897 1137 937 1196 et
962 1108 1087 1193 litteris
1117 1134 1156 1195 et
1181 1110 1432 1219 doctoribus,
1459 1117 1547 1228 phi·

92 1231 306 1346 losophiam
325 1260 371 1317 ex
392 1230 619 1335 Aristotele,
650 1228 907 1346 eloquentiam
924 1257 970 1313 ex
994 1227 1208 1333 Cicerone,
1233 1259 1349 1344 quam
1378 1262 1424 1318 ex
1449 1232 1547 1322 libris

95 1349 273 1455 Erasini,
300 1348 385 1434 licet
403 1348 475 1434 sint
501 1373 584 1454 ,ut
610 1372 727 1453 sunt,
754 1347 976 1463 eloquentes
1002 1369 1042 1431 et
1064 1347 1198 1431 eruditi
1232 1406 1244 1443 ,
1273 1348 1364 1432 mihi
1395 1352 1548 1439 uberius

94 1467 315 1584 contingere
343 1495 450 1580 posse
467 1465 733 1552 existimabam.
761 1467 835 1552 Sed
861 1464 936 1550 hoc
949 1464 1077 1549 labore
1099 1489 1273 1578 suscepto
1287 1526 1299 1572 ,
1313 1495 1363 1551 ne
1379 1470 1468 1554 mihi
1486 1500 1546 1559 ve·

94 1612 137 1673 re
149 1584 309 1697 objicere
325 1613 473 1698 posses,
496 1584 605 1698 quod
623 1585 671 1670 de
686 1582 846 1670 Alberto
860 1583 929 1669 Pio
948 1581 1022 1669 levi
1039 1609 1128 1668 sane
1150 1610 1324 1669 excausa
1340 1587 1546 1700 suspicaris,

95 1702 259 1791 voluisse
285 1702 429 1789 mede
455 1702 527 1786 tuis
541 1701 670 1807 libris,
693 1725 897 1816 antequam
929 1697 1121 1817 legerem,
1145 1698 1319 1809 judicium
1336 1700 1481 1811 facere,
1507 1732 1548 1794 et

93 1819 166 1906 alia
193 1820 297 1926 vidi,
321 1848 421 1936 quae
437 1850 536 1935 opus
568 1848 645 1906 esse
661 1819 820 1933 putavi,
847 1843 886 1905 et
901 1819 1047 1933 aliquot
1068 1817 1257 1935 colloquia
1281 1821 1448 1940 perlegi,
1478 1827 1546 1912 sed

25 2028 28 2036 ,
93 1937 155 2024 illa
181 1939 221 2023 in
248 1938 404 2053 primis,
423 1937 462 2027 in
490 1938 625 2054 quibus
649 1934 843 2025 defuncte
872 1937 1021 2052 agitur,
1053 1936 1102 2021 de
1117 1935 1341 2054 naufragio,
1373 1941 1421 2026 de
1437 1971 1547 2055 pere.-

93 2054 305 2172 gnnarione
328 2056 514 2172 religionis
529 2062 643 2142 'causa
659 2079 840 2168 suscepta.
871 2057 985 2148 Quae
1004 2081 1094 2138 cum
1122 2052 1312 2168 legerem,
1341 2061 1447 2143 Deus
1471 2060 1548 2146 irn-

94 2172 285 2259 mortalis!
315 2199 504 2288 quantum
522 2203 598 2291 ego
625 2173 714 2277 risi,
759 2201 847 2256 uam
866 2168 957 2257 mibi
982 2199 1070 2284 prae
1086 2194 1125 2256 te
1154 2172 1252 2257 visus
1267 2199 1323 2259 est
1352 2174 1430 2288 ipse
1444 2207 1548 2291 quo·

93 2319 171 2405 que
185 2288 400 2375 facetiarum
411 2315 517 2404 pater
533 2289 720 2375 Ludanus
730 2204 892 2404 ligere!
926 2290 1000 2374 Sed
1016 2286 1076 2372 illa
1092 2288 1264 2400 jocorum
1282 2315 1398 2405 arque
1414 2296 1547 2381 salium

88 2405 350 2519 jucunditate,
366 2434 466 2521 quae
481 2435 593 2521 saepe
613 2429 779 2492 mentem
796 2407 990 2510 obcaecat,
1003 2431 1084 2521 quo
1101 2405 1223 2492 minus
1239 2406 1366 2494 videat
1381 2469 1393 2514 ,
1407 2411 1435 2495 si
1450 2415 1546 2526 quid

95 2523 184 2610 mali
200 2523 492 2629 subobsita,
510 2520 737 2640 refrigerata
754 2580 770 2628 ,
784 2551 864 2609 rem
882 2523 997 2638 paulo
1013 2522 1172 2609 severius
1188 2583 1201 2629 ,
1216 2525 1479 2643 intentiorique
1506 2559 1547 2613 a·

94 2640 203 2730 nimo
218 2640 381 2730 recolere
407 2640 527 2755 coepi.
553 2641 632 2728 Ubi
648 2669 737 2727 cum
754 2670 800 2727 ea
814 2701 827 2747 ,
842 2669 942 2757 quae
970 2641 1019 2727 de
1034 2637 1228 2727 affectibus
1254 2643 1304 2727 ab
1327 2644 1457 2732 animo
1479 2649 1547 2763 pio

94 2755 270 2875 profectis
282 2759 473 2864 edisseris,
500 2759 578 2846 sine
595 2758 669 2845 risu
685 2759 958 2874 perpendissem
977 2818 990 2864 ,
1007 2759 1057 2843 da
1073 2759 1245 2866 veniam,
1263 2767 1420 2848 Erasme
1437 2824 1449 2868 ,
1464 2794 1548 2852 non

92 2877 206 2992 potui
224 2905 307 2964 non
323 2877 608 2995 magnopetein
624 2906 710 2964 eam
722 2877 969 2993 suspicionem
985 2874 1138 2983 uenire,
1164 2876 1204 2961 in
1219 2906 1296 2993 qua
1311 2905 1393 2969 etat
1407 2881 1547 2970 Albec-

95 2995 283 3102 tusPius,
303 3019 372 3100 re,
390 3023 479 3080 cum
500 3025 547 3081 ea
567 2995 756 3108 scriberes,
773 2994 887 3112 longe
903 2993 1012 3079 aliam
1034 3018 1201 3081 mentem
1218 2994 1389 3085 habuisse
1401 3060 1414 3106 ,
1427 3030 1547 3116 quam

95 3109 175 3224 ipse
188 3140 291 3199 nunc
305 3109 498 3219 affirmas,
526 3113 620 3201 dum
642 3111 979 3228 improperantibus
995 3107 1199 3198 satisfacere
1214 3111 1373 3202 laboras.
1403 3122 1447 3203 In
1463 3149 1546 3235 quo

94 3228 242 3320 dforte
264 3228 378 3317 falsus
400 3261 483 3316 sum
499 3230 679 3347 opinione
695 3258 780 3316 mea
795 3291 808 3336 ,
824 3227 972 3316 difficile
988 3254 1043 3316 est
1069 3230 1168 3315 enim
1198 3236 1356 3319 Erasrtm
1380 3237 1547 3325 maximo

97 3345 182 3434 viro
198 3347 247 3433 de
261 3347 374 3434 animi
390 3346 446 3434 sui
460 3348 819 3435 sententia-incausti
835 3348 978 3463 pietatis
994 3345 1202 3434 testificanti
1218 3376 1297 3434 non
1312 3352 1487 3461 ctedme,
1503 3357 1546 3441 il·

95 3462 165 3552 lud
180 3488 282 3552 certe
303 3463 527 3553 confirmare
555 3495 734 3582 possum,
762 3491 802 3552 te
831 3466 1031 3552 maximam
1047 3466 1281 3551 occasionem
1300 3467 1469 3577 dedisse,
1500 3497 1545 3562 ut

96 3582 330 3698 quicumque
345 3612 390 3669 ea
403 3609 471 3670 tua
485 3582 677 3700 colloquia
690 3583 833 3700 legerit,
847 3609 955 3699 putet
969 3608 1011 3669 te
1027 3583 1075 3670 de
1092 3584 1323 3671 monachatu
1338 3586 1543 3698 inFanere,

95 3699 145 3785 de
159 3699 266 3786 cultu
284 3701 460 3807 divorum
477 3701 518 3787 in
533 3703 866 3812 Peregrinatione,
893 3702 942 3788 de
958 3702 1033 3787 hoc
1058 3702 1167 3816 ipso,
1200 3727 1239 3788 et
1255 3704 1377 3791 vocali
1392 3704 1545 3794 confes·

94 3816 227 3924 sione,
249 3847 296 3904 ac
312 3820 362 3907 de
377 3820 478 3909 votis
493 3819 715 3935 nuncupatis
739 3848 819 3906 non
837 3844 937 3906 recte
951 3819 1100 3905 sensisse
1113 3819 1152 3903 in
1167 3819 1404 3932 Naufragio.
1438 3829 1543 3913 Nam

93 3933 171 4048 (ut
182 3935 411 4044 redeamus,
437 3939 540 4025 unde
554 3934 743 4024 fuemmus
757 3936 934 4054 digressi)
964 3936 1071 4053 quod
1085 3935 1414 4051 ipsumexcusas,
1438 3945 1545 4057 quasi

93 4053 196 4139 ineo
219 4052 314 4140 nihil
324 4055 456 4162 aliud,
484 4084 602 4172 quam
630 4056 753 4144 varios
776 4055 988 4170 vulgarium
1003 4055 1201 4140 hominum
1233 4054 1389 4144 allectus
1411 4061 1546 4146 descri-

93 4172 241 4284 pseris,
268 4173 358 4258 nihil
376 4169 510 4260 affers:
538 4174 619 4289 pios
645 4174 746 4260 enirn
777 4173 967 4289 religionis
998 4167 1152 4259 affectus
1178 4171 1228 4258 sic
1253 4172 1452 4293 depingis,
1501 4203 1546 4268 ut

92 4286 210 4403 ipsos
224 4289 334 4403 plane
350 4290 498 4377 irridere
522 4292 690 4380 videaris.
720 4335 721 4340 ι

153 4406 292 4502 XLIX.
350 4413 405 4497 At
419 4436 500 4495 non
513 4412 657 4517 suurn,
673 4408 823 4525 inquis,
839 4408 964 4523 probo
979 4407 1166 4524 quidquid
1188 4408 1239 4494 ibi
1253 4435 1402 4545 gestum
1411 4420 1479 4520 est,
1495 4441 1541 4503 ut

88 4551 307 4612 Ιιιιιιιιειιιε
322 4526 525 4643 improbo:
556 4528 585 4615 si
598 4529 725 4643 probo
739 4525 890 4631 onnia,
913 4552 1233 4614 commemoratur
1256 4527 1327 4615 rllic
1355 4528 1540 4619 confessio

95 4644 388 4730 sacrammtalis:
405 4646 627 4761 siimprobo
654 4645 813 4750 omnia,
835 4645 1016 4731 &mnata
1029 4670 1087 4733 est
1112 4646 1306 4734 invocatio
1316 4651 1409 4733 Dei.
1441 4653 1538 4737 Non

91 4784 175 4847 erat
193 4790 298 4877 opus
325 4762 398 4848 tibi
415 4787 495 4849 ram
526 4761 684 4877 pulchro
713 4762 955 4870 dilemmate,
973 4788 1016 4850 ut
1039 4765 1148 4851 nobis
1162 4762 1279 4851 fidem
1298 4762 1468 4869 faceres,
1498 4792 1538 4854 te

89 4905 175 4991 uon
190 4879 319 5008 omnia
334 4880 547 5002 improbare
561 4942 576 5005 ,
590 4910 696 5003 quae
710 4905 816 5002 gesta
829 4907 1027 4988 nuranuu
1049 4883 1095 4980 in
1110 4880 1360 4996 Naufragio:
1387 4883 1437 4969 de
1461 4884 1538 5018 boc

105 5069 110 5073 n
155 5060 175 5078 „
1159 5039 1162 5043 ·
1210 5045 1212 5052 v
1394 5072 1397 5082 ,
1435 5026 1536 5090 emm
