4034 5858
550 431 555 436 ·
646 363 864 469 tinen
916 394 980 466 111.
1448 426 1519 498 ,23—

94 543 141 614 ut
173 523 282 613 faciat
315 519 382 611 tali
411 524 586 636 tempore
615 516 875 622 deditionem,
911 541 950 603 et
979 519 1118 605 crimen
1144 521 1330 610 intentum
1359 509 1548 613 fateamri

91 650 194 730 Dan.
225 642 481 729 Moriendum
516 637 641 752 potius
675 662 763 745 est,
794 664 910 754 quam
937 634 1069 722 falsum
1106 638 1244 726 crimen
1271 642 1543 733 confitendum.

89 767 194 848 Nam
209 791 297 847 cum
323 758 472 848 mentiri
496 757 617 873 ipsum
634 783 756 871 perse
782 784 892 868 turpe
915 779 972 840 est
988 815 1003 859 ,
1019 781 1102 843 tum
1123 785 1213 847 cum
1238 788 1303 846 sua
1320 762 1381 848 vel
1395 762 1542 852 alterius

91 877 245 978 infamia
275 877 548 996 turpissimum.
567 875 642 961 Sed
661 874 781 960 victor
808 903 914 960 more
932 875 1041 988 hujus
1067 879 1270 989 temporis,
1286 908 1374 964 cum
1401 882 1540 971 abolita

14 1050 18 1053 -
93 995 177 1115 lege
201 996 462 1114 Longobarda
493 996 542 1081 de
567 992 690 1110 ,gloria
714 991 791 1079 fere
809 1055 821 1098 ,
839 1018 882 1079 ut
903 991 976 1077 dixi
989 1054 1003 1099 ,
1016 993 1084 1081 ‘vel
1102 994 1316 1106 iujuriarum
1342 1025 1453 1083 causa
1473 1003 1539 1088 de-

80 1122 281 1222 certatur,
314 1146 395 1202 non
421 1113 585 1228 postulat
613 1110 764 1198 avicto
782 1172 794 1215 ,
813 1137 856 1197 ut
879 1111 917 1195 in
940 1140 978 1195 se
1001 1112 1212 1227 quidquam
1234 1112 1423 1220 fateatur,
1447 1141 1538 1205 tan-

89 1255 174 1319 tum
199 1235 319 1349 petit,
339 1261 383 1321 ut
404 1260 443 1316 se
470 1233 609 1319 dedat.
644 1233 735 1313 Hoc
762 1253 889 1315 autem
913 1255 993 1314 non
1016 1255 1071 1316 est
1090 1230 1258 1318 confiteri
1285 1236 1424 1319 crimen
1440 1296 1453 1342 ,
1469 1240 1536 1325 sed

89 1354 288 1440 revictum
311 1381 389 1440 esse
413 1347 519 1436 fateri
535 1383 545 1435 t
564 1373 657 1434 tunc
678 1371 796 1453 esset,
813 1349 840 1432 si
856 1376 1001 1471 semper
1024 1374 1063 1434 ct
1087 1349 1301 1438 indubitato
1319 1351 1425 1468 pejor
1440 1383 1534 1441 cau-

90 1499 132 1555 sa
157 1470 366 1571 uinceretur
383 1469 525 1583 ,quod
551 1494 655 1551 nunc
684 1465 818 1567 abest,
847 1490 891 1550 ut
922 1463 1112 1553 declarant
1137 1495 1225 1552 cum
1252 1468 1322 1554 alia
1346 1473 1532 1585 quotidia-
1546 1471 1612 1565 ⁰¹⁹:
1631 1488 1725 1552 naum

89 1613 145 1670 na
167 1587 364 1703 exempla,
394 1593 477 1673 tum
509 1584 636 1670 nobile
665 1581 758 1669 illud
788 1583 1079 1697 spoletanorum
1109 1583 1291 1692 fratrum,
1322 1589 1371 1675 dc
1397 1592 1533 1705 quibus
1545 1554 1724 1719 {ffiiiiind‘

7 1786 18 1796 ,
91 1729 209 1792 exstat
233 1704 441 1791 Innocentii
455 1708 518 1787 lll.
533 1705 651 1786 Pont.
667 1703 774 1785 Max.
796 1701 1037 1814 rescriptum,
1058 1703 1123 1816 qui
1144 1701 1272 1790 fratres
1287 1732 1374 1791 cum
1389 1709 1532 1796 furtum
1589 1682 1617 1730 ε’

90 1821 158 1908 sibi
189 1823 378 1936 objectum
407 1821 589 1906 certando
620 1818 872 1933 expellerent,
902 1818 1011 1932 quod
1041 1843 1097 1905 est
1129 1847 1260 1933 postea
1287 1825 1390 1937 apud
1419 1827 1533 1915 alium

102 1966 292 2053 repertum
309 2001 321 2047 ,
338 1939 425 2028 victi
451 1962 578 2023 tamen
593 1960 707 2040 sunt,
724 1941 812 2020 Deo
840 1960 992 2050 propter
1009 1934 1078 2020 alia
1100 1935 1266 2050 ipsorum
1284 1968 1435 2053 peccata
1451 1974 1533 2059 per.

90 2057 287 2169 mittente.
317 2064 423 2174 Ergo
438 2057 560 2142 victor
586 2052 830 2168 imperiteque
855 2053 1061 2139 multitudo
1078 2113 1090 2159 ,
1106 2079 1313 2171 utcumque
1340 2062 1457 2167 velit,
1476 2062 1533 2148 in·

89 2182 341 2289 terpretetur3
369 2173 565 2261 deditionis
587 2197 717 2259 tamen
745 2200 826 2257 non
848 2196 904 2257 est
928 2171 998 2256 alia
1025 2171 1106 2275 vis,
1130 2201 1246 2290 quam
1276 2179 1384 2290 quod
1409 2208 1448 2264 se
1476 2181 1531 2267 vi·

88 2315 172 2377 ctus
198 2294 332 2401 victori
358 2292 495 2379 tradit:
526 2319 595 2382 nec
623 2289 724 2373 aliud
753 2289 791 2374 in
817 2289 873 2374 his
901 2289 1006 2374 malis
1034 2289 1196 2376 dedecus
1221 2316 1277 2378 est
1294 2323 1435 2409 ,quam
1451 2327 1533 2384 suc·

87 2410 290 2514 cubuisse,
316 2412 425 2525 quod
454 2409 574 2523 ipsum
596 2432 723 2493 totum
749 2432 805 2494 est
829 2406 1041 2520 opinabile,
1059 2407 1126 2519 qui
1151 2438 1240 2495 vere
1267 2436 1443 2528 recteque
1470 2417 1532 2525 ju·

93 2526 250 2634 dicant,
267 2528 330 2611 ubi
354 2555 435 2612 non
453 2550 509 2611 est
534 2525 644 2640 culpa
659 2583 672 2628 ,
689 2523 830 2609 nullam
845 2523 1090 2639 ignominiam
1112 2527 1413 2641 agnoscentibus.
1427 2536 1531 2619 Nam

90 2645 237 2732 victum
265 2642 471 2730 necessitati
503 2643 699 2729 cedentem
728 2671 766 2726 se
798 2641 930 2730 victori
955 2642 1122 2745 dedere,
1149 2644 1224 2729 hoc
1252 2667 1336 2750 est,
1357 2646 1395 2731 in
1419 2648 1530 2762 ipsius

90 2789 148 2865 se¹
155 2766 388 2876 potestatem
412 2761 648 2877 permittere,
671 2758 711 2841 in
734 2787 813 2875 qua
841 2758 915 2873 jam
936 2784 1020 2863 est,
1050 2757 1138 2843 nihil
1158 2762 1265 2848 addit
1293 2764 1386 2850 novi
1400 2764 1530 2852 'dede-

86 2877 212 2984 cotis,
236 2881 413 2995 quodsit
436 2903 544 2965 tanta
565 2878 705 2989 jactura
722 2876 1000 2962 redimendum.
1034 2876 1115 2962 Nrsi
1131 2873 1228 2964 forte
1244 2903 1419 2994 putamus
1435 2944 1447 2987 ,
1463 2885 1541 2999 qui·

88 2993 166 3108 jam
195 3023 387 3111 superatus
412 3022 469 3082 est
484 3029 500 3102 ,'
522 2996 636 3080 hunc
651 2992 849 3080 moriendo
872 3021 981 3108 posse
999 3053 1011 3099 ,
1026 3021 1107 3107 quo
1133 2995 1254 3081 minus
1268 2993 1378 3083 fuerit
1392 2998 1528 3108 victus,

87 3141 282 3200 recusare.
312 3115 385 3202 Sed
403 3111 578 3198 faciamus
591 3110 837 3227 ignominiam
863 3111 935 3222 jam
951 3135 1269 3222 acceptam,cum
1291 3115 1398 3203 vitari
1422 3119 1529 3205 nullo

95 3233 218 3317 modo
233 3232 375 3346 possit,
390 3260 498 3346 posse
519 3255 649 3318 tamen
674 3228 874 3314 moriendo
901 3255 982 3313 uon
1010 3227 1100 3312 nihil
1123 3229 1308 3317 sublevari
1326 3262 1335 3316 :
1350 3260 1448 3347 quae
1469 3237 1531 3322 de·

89 3349 230 3435 mentia
258 3373 350 3455 est,
381 3350 463 3465 quis
494 3345 599 3433 furor
630 3376 695 3462 per
723 3351 850 3432 Deum
877 3343 1154 3453 immortalem,
1183 3372 1227 3433 ut
1249 3348 1366 3434 levius
1395 3352 1531 3439 reddat

88 3465 596 3554 tolnabiletncommodum
620 3463 811 3580 opinabilis
843 3464 1037 3549 dumtaxat
1067 3461 1268 3571 infamiae,
1298 3490 1432 3581 utpote
1454 3469 1531 3554 sine

88 3583 201 3696 culpa
222 3610 467 3693 contractae,
490 3607 698 3673 extremum
725 3581 866 3668 malum
887 3597 1023 3696 sponte
1054 3583 1176 3671 subire
1202 3607 1347 3699 practer
1373 3611 1529 3672 omnem

89 3700 310 3789 rationem?

96 3872 101 3881 ·
149 3818 291 3906 xLu..
325 3826 415 3908 Ars.
443 3827 580 3931 Haec,
608 3827 853 3909 Democrates
869 3879 881 3925 ,
897 3841 941 3905 ut
956 3824 1097 3928 video,
1123 3848 1204 3907 non
1232 3822 1378 3907 ratione
1402 3819 1533 3936 guber·

90 3940 231 4025 nanmt
248 3941 346 4046 ,sed
370 3941 549 4055 opinione
573 3963 784 4059 geruntur,
810 3964 926 4055 atque
954 3971 1062 4028 more
1082 3937 1251 4024 militari.
1271 3944 1387 4023 Dum
1417 3941 1531 4033 Quo·

91 4082 211 4170 usque
239 4060 397 4160 tandem
423 4087 502 4144 non
531 4059 689 4175 pudebit
703 4063 784 4143 ‘nos
809 4057 1002 4173 vulgarem
1020 4083 1067 4143 *et
1087 4057 1237 4141 inanem
1253 4055 1531 4170 persuasionem

93 4169 241 4283 solidae
260 4177 388 4264 virtuti
412 4175 624 4294 praeferre?
653 4200 720 4262 aut
740 4175 833 4294 quid
856 4173 1005 4264 levitate
1022 4177 1093 4260 hac
1109 4196 1233 4286 potest
1249 4173 1365 4289 magis
1380 4198 1535 4258 contra-

90 4287 189 4373 rium
216 4296 414 4412 excogitari
439 4295 767 4412 magnanimitati?
796 4320 999 4408 quaecum
1024 4318 1162 4377 ceteras
1185 4319 1243 4375 tes
1258 4291 1440 4375 humanas
1456 4317 1537 4405 par·

89 4435 158 4494 vas
182 4417 290 4521 pute't
305 4473 318 4515 ,
334 4437 418 4499 tum
444 4442 515 4527 pro
537 4414 655 4498 nihilo
670 4412 774 4499 ducit
798 4430 966 4498 rumores
994 4407 1215 4524 populares.
1234 4414 1318 4524 Age
1334 4436 1426 4494 vero
1441 4407 1536 4609 ,qui

88 4545 171 4610 ram
193 4530 326 4614 excors
338 4554 393 4615 est
409 4590 423 4636 ,
438 4555 482 4616 ut
499 4530 706 4616 multorum
732 4556 895 4614 errorem
923 4552 1061 4613 asserat
1087 4549 1210 4610 certae
1238 4525 1373 4612 rationi
1389 4554 1455 4638 pra
1492 4552 1537 4608 e·

89 4640 278 4759 rendum,
295 4646 355 4730 hic
369 4674 485 4761 quem
500 4647 654 4738 tandem
675 4647 802 4732 locum
818 4645 993 4762 relinquit
1014 4643 1256 4761 inquirendae
1271 4642 1456 4746 veritatis,
1470 4664 1538 4726 aut

90 4757 141 4843 de
154 4761 348 4882 quibusvis
377 4764 487 4850 rebus
506 4764 746 4880 disputandi?
779 4761 885 4855 Quid
914 4764 1015 4849 enim
1044 4763 1188 4847 ratione
1216 4758 1308 4864 fiat,
1332 4758 1459 4872 quaeri
1480 4787 1544 4841 so·

87 4873 180 4967 leta
206 4909 319 4975 sanae
341 4884 473 4977 mentis
494 4883 711 4978 homiuibus
727 4909 739 4988 3
757 4882 953 5085 nonsquid
968 4881 1077 4970 stulte
1101 4879 1164 4968 vel
1181 4871 1339 4986 furiose,
1355 4875 1422 4960 nisi
1442 4869 1540 4959 forte

888 5028 913 5087 2
1090 5016 1092 5019 ’
1498 5013 1546 5081 ut
