4050 5858
387 390 490 464 sau
530 372 609 460 DE
645 383 1010 478 APPETENDA
1046 385 1302 460 ornata.
1477 416 1545 486 217

90 581 94 587 .
125 523 288 607 Constat
302 517 402 604 enim
420 511 548 621 ,nihil
579 538 766 625 umquam
793 539 816 593 a
847 533 935 607 toto
959 509 1053 595 orbe
1084 515 1174 594 cum
1205 511 1347 626 majore
1382 538 1570 602 consensu

125 662 315 752 receptum
336 632 444 720 luisse
463 694 475 737 ,
492 659 610 746 quam
638 627 836 713 illustribus
865 628 976 733 viris,
993 628 1061 743 qui
1088 628 1246 743 patriam
1270 660 1412 748 magno
1441 632 1571 748 aliquo

126 753 307 841 beneficio
332 749 601 837 demeruissent
617 807 630 851 ,
645 771 784 831 statuas
815 746 964 860 publice
989 775 1078 830 cum
1110 745 1223 832 titulis
1254 776 1354 835 recte
1384 746 1572 839 factorum

125 872 293 988 erigere.
324 866 448 966 Quod
475 864 762 951 Atheniensium
789 863 1075 977 sapientissimae
1101 863 1285 972 civitatis,
1310 891 1353 951 ut
1378 865 1455 953 fere
1480 899 1573 955 oon·

112 1014 226 1094 -stat,
250 990 450 1075 inventum
466 980 555 1068 fuit.
591 981 646 1068 Hi
673 1010 842 1096 namque
877 980 985 1096 primi
1018 982 1190 1067 omnium
1216 983 1405 1069 Armodio
1441 1011 1478 1072 et
1494 988 1573 1072 Ari·

113 1106 322 1222 stogitoni
334 1100 572 1218 tyrannicidis
599 1122 738 1185 statuas
771 1097 919 1217 publice
951 1122 1185 1213 posuerunt.
1215 1100 1333 1214 Cujus
1362 1103 1441 1208 rei,
1463 1104 1574 1192 sive·

114 1236 223 1309 -ram'
236 1253 386 1308 causam
415 1218 657 1336 quaerimus,
675 1246 757 1302 non
788 1246 833 1300 ea
854 1242 1006 1301 tantum
1035 1213 1135 1321 fuit,
1163 1243 1207 1303 ut
1221 1220 1319 1304 bene
1345 1222 1572 1308 merentibus

125 1342 292 1427 maximo
321 1367 475 1424 munere
495 1335 653 1451 gratiam
677 1331 883 1440 referrent,
900 1336 965 1459 sed
992 1334 1114 1420 multo
1145 1335 1258 1420 etiam
1275 1340 1421 1454 magis,
1440 1366 1483 1427 ut
1499 1341 1573 1428 inr-

119 1460 291 1547 mortalis
314 1455 454 1573 gloriae
483 1453 678 1568 proposito
704 1452 900 1567 praemio,
923 1482 1005 1567 quo
1032 1452 1181 1543 ‚nullum
1208 1482 1334 1569 neque
1363 1456 1480 1567 majus
1508 1487 1573 1545 ne·

118 1604 203 1690 que
233 1574 426 1660 honestius
465 1571 679 1686 excogitare
712 1568 916 1654 mortalitas
945 1570 1096 1683 potuit,
1123 1573 1307 1686 ingenuos
1339 1598 1377 1658 et
1409 1575 1571 1662 excelsos

117 1691 272 1782 ,animos
302 1693 353 1777 ad
385 1719 442 1776 tes
458 1716 632 1804 magnas
664 1685 894 1791 excitarent,
924 1687 1244 1794 cohortarentur,
1276 1684 1488 1779 allicerent.
1520 1700 1573 1781 Et

116 1809 447 1924 quidemconstar
463 1806 688 1919 plerosque,
703 1804 910 1918 conspectis
934 1803 1125 1892 illustrium
1142 1806 1310 1894 uirorum
1324 1809 1571 1926 imaginibus,

119 1923 444 2014 accusatorum:
457 1923 672 2121 &monitos
695 1920 861 2006 studiose
888 1946 1052 2034 captasse
1086 1924 1332 2010 maximarum
1360 1956 1485 2013 rerum
1514 1958 1573 2015 oc·

118 2044 320 2147 casiones,
339 2067 382 2126 ut
399 2044 445 2123 C.
501 2066 663 2122 aesarem
688 2065 889 2154 conspecta
920 2040 1091 2125 Gadibus
1109 2041 1324 2130 Alexandri
1348 2047 1573 2132 Macedonis

123 2156 272 2277 effigie,
289 2153 470 2276 adquam
489 2156 636 2243 intuens
654 2150 770 2243 fertur
792 2157 1033 2275 ingemuisse,
1049 2159 1155 2275 quasi
1171 2185 1358 2275 pertaesus
1381 2163 1572 2277 ignaviam

120 2307 254 2384 suam,
270 2279 385 2396 quod
396 2277 485 2364 nihil
500 2279 623 2364 tu'ma
637 2305 676 2363 se
691 2275 937 2363 memorabile
949 2280 1079 2389 actum
1093 2283 1187 2361 esset
1209 2278 1309 2364 inea
1328 2305 1476 2384 aetate,
1492 2311 1571 2396 qua

122 2419 251 2484 totum
269 2427 388 2512 paene
409 2399 543 2482 orbem
557 2395 770 2481 Alexander
793 2392 1023 2505 subjecisset.
1050 2399 1215 2479 Fuerunt
1235 2420 1282 2480 et
1297 2394 1363 2480 alia
1384 2426 1449 2511 per
1472 2429 1571 2513 gen-

121 2535 188 2622 -tes
208 2545 290 2600 non
322 2513 506 2601 dissimilia
535 2513 586 2597 ad
611 2512 1019 2598 ·c01endumvirtutem
1045 2511 1303 2617 irritamenta,
1332 2539 1468 2599 cuncta
1500 2546 1571 2630 pro

123 2622 227 2716 tecte
259 2630 361 2718 factis
393 2631 513 2717 solam
546 2630 703 2746 gloriam
731 2629 1015 2745 promittentia:
1038 2653 1089 2713 ut
1118 2629 1223 2743 apud
1257 2631 1571 2748 Carthaginenses

124 2749 353 2841 amulorum
378 2772 560 2834 ornatus.
595 2752 699 2829 Nam
730 2776 805 2861 pro
833 2746 1115 2860 expeditionum
1143 2774 1303 2832 numero
1326 2808 1339 2852 ,
1359 2749 1410 2833 in
1435 2751 1570 2864 quibus

122 2866 283 2981 quisque
306 2866 531 2971 militasset,
554 2865 713 2949 annulos
744 2866 969 2979 gestabant.
1004 2870 1056 2948 Et
1088 2865 1129 2947 in
1161 2891 1290 2951 nostra
1320 2867 1475 2982 regione
1511 2893 1572 2955 tot

123 2981 306 3068 obeliscos
327 3009 414 3069 ante
439 2982 621 3097 cuiusque
643 2979 852 3096 sepulcrum
877 2981 1018 3096 erigere
1049 3010 1132 3067 mos
1148 2985 1257 3087 erat,
1282 2989 1385 3098 qlrot
1404 2984 1571 3072 hostium

123 3098 341 3186 occidisset.
371 3108 504 3215 Aquo
528 3130 611 3186 non
635 3097 750 3217 longe
771 3098 995 3183 abhorrebat
1012 3099 1399 3186 lacedaemoniorum
1420 3104 1570 3218 Scytha·

120 3244 285 3331 rumque
312 3217 555 3304 institutum.
581 3221 683 3302 Nam
712 3217 779 3332 qui
811 3215 957 3301 nullum
988 3214 1154 3301 hostium
1184 3218 1449 3324 interemisset,
1466 3223 1569 3336 apud
1642 3298 1648 3308 Ι

120 3331 201 3419 illos
229 3333 391 3449 capistro
417 3334 526 3451 cingi
544 3333 628 3451 lege
661 3334 896 3449 cogebatur,
927 3333 1031 3447 apud
1060 3332 1131 3420 hos
1159 3334 1200 3419 in
1232 3335 1459 3421 solemnibus
1480 3367 1568 3454 epu-

118 3448 161 3535 lis
175 3450 918 3565 pateram‘circumlatam-prohibebatur
937 3451 1136 3563 accipere.
1167 3455 1283 3537 Nunc
1312 3468 1387 3569 ego
1410 3453 1567 3541 libenter

120 3568 171 3651 ab
192 3569 263 3655 istis
290 3571 567 3687 perquirerem,
586 3570 653 3684 qui
668 3567 823 3685 gloriam
850 3592 1025 3682 appetere
1048 3564 1102 3652 fas
1128 3597 1205 3654 esse
1222 3595 1391 3685 negant,
1407 3570 1498 3684 quid
1515 3573 1567 3659 ad

124 3681 456 3779 haecmottalium
478 3686 646 3772 institma
675 3685 954 3800 respondeant?
986 3687 1050 3786 An
1075 3684 1195 3774 ‘velint
1220 3714 1336 3772 omne
1351 3715 1470 3802 genus
1493 3688 1567 3772 hu-

120 3827 280 3887 manum
310 3805 497 3901 inanitatis
529 3831 574 3887 ac
603 3801 778 3889 stultitiae
810 3803 1017 3905 damnare,
1049 3803 1159 3918 quod
1189 3827 1269 3889 tam
1298 3804 1405 3891 variis
1433 3805 1566 3892 invita·

118 3919 256 4023 mentis
273 3920 461 4033 concordi
489 3921 672 4019 sententia
699 3945 841 4005 erectos
858 3920 1066 4005 hominum
1087 3921 1232 4006 animos
1246 3921 1296 4006 ad
1311 3923 1565 4036 quaerendam

119 4035 277 4148 gloriam
294 4038 531 4125 incitarent?v
554 4036 720 4132 Quaessi
742 4067 799 4122 tes
817 4046 872 4121 est
899 4034 1046 4141 inanis,
1069 4037 1098 4122 si
1121 4034 1262 4143 futilis,
1292 4040 1321 4123 si
1353 4068 1424 4153 pro
1446 4041 1565 4126 nihilo

121 4149 327 4261 habenda,
340 4181 381 4242 et
405 4155 565 4241 excelsis}
576 4152 710 4239 animis
727 4153 968 4271 spernenda,
984 4155 1077 4267 quid
1099 4154 1175 4239 hoc
1194 4179 1288 4239 esset
1303 4154 1405 4242 aliud
1421 4217 1434 4259 ,
1449 4185 1566 4272 quam

119 4265 291 4357 homines
317 4269 443 4358 fallere
460 4310 473 4378 ,
491 4296 530 4356 et
544 4273 711 4358 obtenta
727 4270 817 4358 falsa
836 4270 1039 4357 honestatis
1062 4270 1181 4384 specie
1197 4331 1210 4373 ,
1226 4300 1291 4385 per
1312 4303 1494 4390 magnum
1510 4305 1567 4361 er-

73 4444 75 4446 *
118 4412 246 4470 rorem
271 4387 471 4473 deludere?
498 4391 607 4505 quod
632 4387 753 4476 facere
777 4418 867 4473 cum
900 4386 1039 4473 nemini
1064 4387 1170 4473 bono
1195 4389 1278 4475 viro
1301 4390 1414 4496 licet,
1428 4416 1510 4478 tum
1526 4393 1567 4479 iis
1670 4454 1672 4458 ι

116 4525 174 4588 cst
197 4504 446 4619 turpissimum
464 4569 477 4611 ,
492 4506 560 4622 qui
573 4553 574 4557 ι
589 4504 732 4592 serendi
749 4506 850 4621 leges
874 4530 914 4590 et
946 4502 1096 4617 optimis
1121 4504 1296 4592 institutis
1320 4499 1484 4595 c‘ivimes
1511 4510 1593 4594 in·¹
1722 4490 1726 4493 ¹

111 4611 459 4709 formandimun'us
476 4646 745 4738 susceperunt.
776 4628 838 4707 An
863 4620 988 4736 potius
1018 4618 1167 4707 illorum
1184 4625 1422 4737 prudentiam
1447 4624 1565 4711 admi-

112 4737 260 4827 mtione
284 4739 536 4859 dignissimam
560 4746 638 4824 esse
656 4739 847 4843 credant,
882 4764 921 4824 et
944 4737 1085 4823 cunctis
1116 4739 1286 4825 laudibus
1310 4737 1535 4840 efferendam
1546 4742 1565 4850 ’,’

105 4853 354 5063 quiToptimH‘q
369 4859 583 4975 quibusque
608 4868 655 4976 ac
676 4854 845 4972 ingenuis
869 4855 1000 5060 aginis
1023 4856 1243 4973 appetitum,
1259 4855 1399 4974 gloriae
1414 4859 1568 4993 insitum

119 5022 126 5032 ·
208 5001 277 5060 om.
347 5037 358 5060 .
926 5003 948 5058 e
1507 5007 1563 5063 ut·
