<?xml version="1.0" encoding="UTF-8"?>
<!DOCTYPE html PUBLIC "-//W3C//DTD XHTML 1.0 Transitional//EN"
    "http://www.w3.org/TR/xhtml1/DTD/xhtml1-transitional.dtd">
<html xmlns="http://www.w3.org/1999/xhtml" xml:lang="en" lang="en">
 <head>
  <title>
</title>
<meta http-equiv="Content-Type" content="text/html;charset=utf-8" />
  <meta name='ocr-system' content='tesseract 3.04.00' />
  <meta name='ocr-capabilities' content='ocr_page ocr_carea ocr_par ocr_line ocrx_word'/>
</head>
<body>
  <div class='ocr_page' id='page_1' title='image "./joannisgenesiis01sepgoog/joannisgenesiis01sepgoog_0149.png"; bbox 0 0 4140 5872; ppageno 0'>
   <div class='ocr_carea' id='block_1_1' title="bbox 414 373 1589 470">
    <p class='ocr_par' dir='ltr' id='par_1_1' title="bbox 414 373 1589 470">
     <span class='ocr_line' id='line_1_1' title="bbox 414 373 1589 470; baseline -0.006 -19"><span class='ocrx_word' id='word_1_1' title='bbox 414 401 482 470; x_wconf 85' lang='lat'>15²</span> <span class='ocrx_word' id='word_1_2' title='bbox 645 376 861 470; x_wconf 84' lang='lat' dir='ltr'>JOANN.</span> <span class='ocrx_word' id='word_1_3' title='bbox 892 374 1148 448; x_wconf 85' lang='lat' dir='ltr'>GENESII</span> <span class='ocrx_word' id='word_1_4' title='bbox 1183 373 1589 446; x_wconf 85' lang='lat' dir='ltr'>SEPULVEDAE</span> 
     </span>
    </p>
   </div>
   <div class='ocr_carea' id='block_1_2' title="bbox 384 490 2067 637">
    <p class='ocr_par' dir='ltr' id='par_1_2' title="bbox 384 490 2067 637">
     <span class='ocr_line' id='line_1_2' title="bbox 384 490 2067 637; baseline -0.003 -46"><span class='ocrx_word' id='word_1_5' title='bbox 384 525 599 591; x_wconf 85' lang='lat' dir='ltr'>ramentum</span> <span class='ocrx_word' id='word_1_6' title='bbox 615 498 794 637; x_wconf 81' lang='lat' dir='ltr'>principes</span> <span class='ocrx_word' id='word_1_7' title='bbox 809 498 1008 585; x_wconf 86' lang='lat' dir='ltr'>Christiani</span> <span class='ocrx_word' id='word_1_8' title='bbox 1024 522 1064 585; x_wconf 94' lang='lat' dir='ltr'>et</span> <span class='ocrx_word' id='word_1_9' title='bbox 1088 496 1236 604; x_wconf 81' lang='lat' dir='ltr'><strong>solent,</strong></span> <span class='ocrx_word' id='word_1_10' title='bbox 1254 521 1295 583; x_wconf 87' lang='lat' dir='ltr'>et</span> <span class='ocrx_word' id='word_1_11' title='bbox 1319 495 1486 583; x_wconf 92' lang='lat' dir='ltr'>debent</span> <span class='ocrx_word' id='word_1_12' title='bbox 1476 495 1610 584; x_wconf 80' lang='lat' dir='ltr'>imitari</span> <span class='ocrx_word' id='word_1_13' title='bbox 1627 556 1655 603; x_wconf 91' lang='lat'>,</span> <span class='ocrx_word' id='word_1_14' title='bbox 1651 490 1769 588; x_wconf 83' lang='lat' dir='ltr'>sed</span> <span class='ocrx_word' id='word_1_15' title='bbox 1754 521 1846 614; x_wconf 86' lang='lat' dir='ltr'>tra,</span> <span class='ocrx_word' id='word_1_16' title='bbox 2064 524 2067 545; x_wconf 73' lang='lat'>²</span> 
     </span>
    </p>
   </div>
   <div class='ocr_carea' id='block_1_3' title="bbox 179 615 1840 3585">
    <p class='ocr_par' dir='ltr' id='par_1_3' title="bbox 375 615 1840 972">
     <span class='ocr_line' id='line_1_3' title="bbox 382 615 1840 750; baseline 0.002 -42"><span class='ocrx_word' id='word_1_17' title='bbox 382 648 428 708; x_wconf 94' lang='lat' dir='ltr'>ut</span> <span class='ocrx_word' id='word_1_18' title='bbox 452 622 621 708; x_wconf 91' lang='lat' dir='ltr'>ethnicos</span> <span class='ocrx_word' id='word_1_19' title='bbox 641 620 753 705; x_wconf 90' lang='lat' dir='ltr'>etiam</span> <span class='ocrx_word' id='word_1_20' title='bbox 770 619 1112 724; x_wconf 80' lang='lat' dir='ltr'>moderatissimos,</span> <span class='ocrx_word' id='word_1_21' title='bbox 1138 642 1182 702; x_wconf 94' lang='lat' dir='ltr'>ut</span> <span class='ocrx_word' id='word_1_22' title='bbox 1205 615 1382 750; x_wconf 83' lang='lat' dir='ltr'>religione</span> <span class='ocrx_word' id='word_1_23' title='bbox 1396 642 1436 703; x_wconf 91' lang='lat' dir='ltr'>et</span> <span class='ocrx_word' id='word_1_24' title='bbox 1451 644 1541 703; x_wconf 91' lang='lat' dir='ltr'>vera</span> <span class='ocrx_word' id='word_1_25' title='bbox 1556 616 1595 701; x_wconf 93' lang='lat' dir='ltr'>in</span> <span class='ocrx_word' id='word_1_26' title='bbox 1609 621 1797 705; x_wconf 91' lang='lat' dir='ltr'>Deum</span> <span class='ocrx_word' id='word_1_27' title='bbox 1756 654 1840 738; x_wconf 88' lang='lat' dir='ltr'>pre-</span> 
     </span>
     <span class='ocr_line' id='line_1_4' title="bbox 375 734 1839 861; baseline 0 -35"><span class='ocrx_word' id='word_1_28' title='bbox 375 763 494 848; x_wconf 91' lang='lat' dir='ltr'>tate,</span> <span class='ocrx_word' id='word_1_29' title='bbox 521 743 572 828; x_wconf 88' lang='lat' dir='ltr'>sic</span> <span class='ocrx_word' id='word_1_30' title='bbox 593 741 705 825; x_wconf 92' lang='lat' dir='ltr'>etiam</span> <span class='ocrx_word' id='word_1_31' title='bbox 727 739 923 826; x_wconf 87' lang='lat' dir='ltr'>clementia</span> <span class='ocrx_word' id='word_1_32' title='bbox 943 765 984 823; x_wconf 91' lang='lat' dir='ltr'>et</span> <span class='ocrx_word' id='word_1_33' title='bbox 1008 736 1243 824; x_wconf 82' lang='lat' dir='ltr'>humanitate</span> <span class='ocrx_word' id='word_1_34' title='bbox 1265 738 1448 845; x_wconf 89' lang='lat' dir='ltr'>vincant,</span> <span class='ocrx_word' id='word_1_35' title='bbox 1468 756 1552 823; x_wconf 91' lang='lat' dir='ltr'>tum</span> <span class='ocrx_word' id='word_1_36' title='bbox 1572 734 1613 821; x_wconf 91' lang='lat' dir='ltr'>in</span> <span class='ocrx_word' id='word_1_37' title='bbox 1642 736 1745 827; x_wconf 85' lang='lat' dir='ltr'>bellis</span> <span class='ocrx_word' id='word_1_38' title='bbox 1759 771 1839 861; x_wconf 88' lang='lat' dir='ltr'>ge-</span> 
     </span>
     <span class='ocr_line' id='line_1_5' title="bbox 381 803 1427 972; baseline -0.004 -27"><span class='ocrx_word' id='word_1_39' title='bbox 381 803 534 967; x_wconf 73' lang='lat' dir='ltr'>tendis,</span> <span class='ocrx_word' id='word_1_40' title='bbox 551 885 634 945; x_wconf 91' lang='lat' dir='ltr'>tum</span> <span class='ocrx_word' id='word_1_41' title='bbox 654 857 694 942; x_wconf 91' lang='lat' dir='ltr'>in</span> <span class='ocrx_word' id='word_1_42' title='bbox 717 855 939 944; x_wconf 90' lang='lat' dir='ltr'>hostibus</span> <span class='ocrx_word' id='word_1_43' title='bbox 903 856 1059 945; x_wconf 81' lang='lat' dir='ltr'>victoria</span> <span class='ocrx_word' id='word_1_44' title='bbox 1083 881 1190 972; x_wconf 88' lang='lat' dir='ltr'>parta</span> <span class='ocrx_word' id='word_1_45' title='bbox 1213 855 1427 972; x_wconf 85' lang='lat' dir='ltr'>puniendis.</span> 
     </span>
    </p>

    <p class='ocr_par' dir='ltr' id='par_1_4' title="bbox 377 922 1833 1451">
     <span class='ocr_line' id='line_1_6' title="bbox 439 922 1833 1095; baseline 0.005 -32"><span class='ocrx_word' id='word_1_46' title='bbox 439 922 562 1063; x_wconf 82' lang='lat' dir='ltr'>XXII.</span> <span class='ocrx_word' id='word_1_47' title='bbox 620 980 803 1062; x_wconf 89' lang='lat' dir='ltr'>Ceterum</span> <span class='ocrx_word' id='word_1_48' title='bbox 827 976 921 1063; x_wconf 90' lang='lat' dir='ltr'>haec</span> <span class='ocrx_word' id='word_1_49' title='bbox 944 976 1089 1063; x_wconf 88' lang='lat' dir='ltr'>monita</span> <span class='ocrx_word' id='word_1_50' title='bbox 1113 976 1165 1063; x_wconf 90' lang='lat' dir='ltr'>ad</span> <span class='ocrx_word' id='word_1_51' title='bbox 1192 975 1286 1095; x_wconf 90' lang='lat' dir='ltr'>tegis</span> <span class='ocrx_word' id='word_1_52' title='bbox 1308 969 1477 1062; x_wconf 86' lang='lat' dir='ltr'>officium</span> <span class='ocrx_word' id='word_1_53' title='bbox 1493 973 1749 1090; x_wconf 86' lang='lat' dir='ltr'>pertinentia,</span> <span class='ocrx_word' id='word_1_54' title='bbox 1779 980 1833 1070; x_wconf 88' lang='lat' dir='ltr'>de</span> 
     </span>
     <span class='ocr_line' id='line_1_7' title="bbox 378 1093 1832 1213; baseline 0.004 -33"><span class='ocrx_word' id='word_1_55' title='bbox 378 1095 517 1211; x_wconf 88' lang='lat' dir='ltr'>quibus</span> <span class='ocrx_word' id='word_1_56' title='bbox 540 1098 722 1182; x_wconf 88' lang='lat' dir='ltr'>hactenus</span> <span class='ocrx_word' id='word_1_57' title='bbox 746 1095 881 1211; x_wconf 88' lang='lat' dir='ltr'>partim</span> <span class='ocrx_word' id='word_1_58' title='bbox 905 1121 1031 1181; x_wconf 91' lang='lat' dir='ltr'>terum</span> <span class='ocrx_word' id='word_1_59' title='bbox 1062 1126 1135 1180; x_wconf 91' lang='lat' dir='ltr'>usu</span> <span class='ocrx_word' id='word_1_60' title='bbox 1158 1120 1197 1180; x_wconf 93' lang='lat' dir='ltr'>et</span> <span class='ocrx_word' id='word_1_61' title='bbox 1222 1093 1470 1181; x_wconf 88' lang='lat' dir='ltr'>clarorum</span> <span class='ocrx_word' id='word_1_62' title='bbox 1434 1122 1602 1182; x_wconf 76' lang='lat' dir='ltr'>vitorum</span> <span class='ocrx_word' id='word_1_63' title='bbox 1627 1099 1832 1213; x_wconf 85' lang='lat' dir='ltr'>exemplis,</span> 
     </span>
     <span class='ocr_line' id='line_1_8' title="bbox 378 1213 1832 1331; baseline 0.002 -30"><span class='ocrx_word' id='word_1_64' title='bbox 378 1216 514 1329; x_wconf 90' lang='lat' dir='ltr'>partim</span> <span class='ocrx_word' id='word_1_65' title='bbox 541 1213 764 1330; x_wconf 91' lang='lat' dir='ltr'>sapientium</span> <span class='ocrx_word' id='word_1_66' title='bbox 787 1213 936 1301; x_wconf 87' lang='lat' dir='ltr'>solertia</span> <span class='ocrx_word' id='word_1_67' title='bbox 959 1239 1000 1300; x_wconf 88' lang='grc' dir='ltr'>ιι</span> <span class='ocrx_word' id='word_1_68' title='bbox 1027 1213 1205 1331; x_wconf 73' lang='lat' dir='ltr'>diligente</span> <span class='ocrx_word' id='word_1_69' title='bbox 1229 1213 1494 1300; x_wconf 88' lang='lat' dir='ltr'>observatione</span> <span class='ocrx_word' id='word_1_70' title='bbox 1526 1213 1633 1300; x_wconf 91' lang='lat' dir='ltr'>docti</span> <span class='ocrx_word' id='word_1_71' title='bbox 1653 1215 1832 1304; x_wconf 85' lang='lat' dir='ltr'>dissenti-</span> 
     </span>
     <span class='ocr_line' id='line_1_9' title="bbox 377 1331 1828 1469; baseline 0.006 -53"><span class='ocrx_word' id='word_1_72' title='bbox 377 1361 492 1437; x_wconf 85' lang='lat' dir='ltr'>mus;</span> <span class='ocrx_word' id='word_1_73' title='bbox 514 1362 595 1419; x_wconf 94' lang='lat' dir='ltr'>non</span> <span class='ocrx_word' id='word_1_74' title='bbox 620 1358 666 1418; x_wconf 91' lang='lat' dir='ltr'>ur</span> <span class='ocrx_word' id='word_1_75' title='bbox 689 1331 789 1450; x_wconf 90' lang='lat' dir='ltr'>leges</span> <span class='ocrx_word' id='word_1_76' title='bbox 805 1359 1032 1448; x_wconf 86' lang='lat' dir='ltr'>perpetuas,</span> <span class='ocrx_word' id='word_1_77' title='bbox 1056 1361 1156 1469; x_wconf 82' lang='lat' dir='ltr'>quae</span> <span class='ocrx_word' id='word_1_78' title='bbox 1181 1361 1393 1468; x_wconf 82' lang='lat' dir='ltr'>numquam</span> <span class='ocrx_word' id='word_1_79' title='bbox 1424 1333 1503 1417; x_wconf 90' lang='lat' dir='ltr'>sine</span> <span class='ocrx_word' id='word_1_80' title='bbox 1527 1332 1639 1446; x_wconf 85' lang='lat' dir='ltr'>culpa</span> <span class='ocrx_word' id='word_1_81' title='bbox 1666 1360 1828 1451; x_wconf 88' lang='lat' dir='ltr'>praeter</span> 
     </span>
    </p>

    <p class='ocr_par' dir='ltr' id='par_1_5' title="bbox 180 1450 1833 3585">
     <span class='ocr_line' id='line_1_10' title="bbox 182 1450 1833 1586; baseline 0.004 -50"><span class='ocrx_word' id='word_1_82' title='bbox 182 1472 365 1586; x_wconf 54' lang='lat' dir='ltr'>tepengque·</span> <span class='ocrx_word' id='word_1_83' title='bbox 376 1477 540 1557; x_wconf 89' lang='lat' dir='ltr'>eantur,</span> <span class='ocrx_word' id='word_1_84' title='bbox 568 1451 733 1565; x_wconf 88' lang='lat' dir='ltr'>accipere</span> <span class='ocrx_word' id='word_1_85' title='bbox 760 1477 941 1586; x_wconf 81' lang='lat' dir='ltr'>oportet.</span> <span class='ocrx_word' id='word_1_86' title='bbox 965 1457 1010 1536; x_wconf 93' lang='lat' dir='ltr'>In</span> <span class='ocrx_word' id='word_1_87' title='bbox 1026 1452 1186 1538; x_wconf 89' lang='lat' dir='ltr'>maxima</span> <span class='ocrx_word' id='word_1_88' title='bbox 1208 1453 1310 1538; x_wconf 91' lang='lat' dir='ltr'>enim</span> <span class='ocrx_word' id='word_1_89' title='bbox 1334 1480 1458 1537; x_wconf 91' lang='lat' dir='ltr'>rerum</span> <span class='ocrx_word' id='word_1_90' title='bbox 1487 1450 1720 1567; x_wconf 88' lang='lat' dir='ltr'>agendarum</span> <span class='ocrx_word' id='word_1_91' title='bbox 1756 1485 1833 1545; x_wconf 85' lang='lat' dir='ltr'>va·</span> 
     </span>
     <span class='ocr_line' id='line_1_11' title="bbox 183 1545 1829 1706; baseline 0.004 -53.004"><span class='ocrx_word' id='word_1_92' title='bbox 183 1545 366 1706; x_wconf 48' lang='lat' dir='ltr'>ignitius}</span> <span class='ocrx_word' id='word_1_93' title='bbox 376 1569 506 1656; x_wconf 89' lang='lat' dir='ltr'>tierate</span> <span class='ocrx_word' id='word_1_94' title='bbox 531 1595 570 1656; x_wconf 89' lang='lat' dir='ltr'>et</span> <span class='ocrx_word' id='word_1_95' title='bbox 594 1570 872 1677; x_wconf 86' lang='lat' dir='ltr'>inconstantia,</span> <span class='ocrx_word' id='word_1_96' title='bbox 889 1592 934 1656; x_wconf 95' lang='lat' dir='ltr'>ut</span> <span class='ocrx_word' id='word_1_97' title='bbox 956 1599 1068 1686; x_wconf 90' lang='lat' dir='ltr'>supra</span> <span class='ocrx_word' id='word_1_98' title='bbox 1091 1569 1278 1676; x_wconf 83' lang='lat' dir='ltr'>diximus,</span> <span class='ocrx_word' id='word_1_99' title='bbox 1296 1569 1398 1655; x_wconf 87' lang='lat' dir='ltr'>nulla</span> <span class='ocrx_word' id='word_1_100' title='bbox 1425 1569 1512 1674; x_wconf 87' lang='lat' dir='ltr'>lex,</span> <span class='ocrx_word' id='word_1_101' title='bbox 1530 1569 1674 1657; x_wconf 90' lang='lat' dir='ltr'>nullum</span> <span class='ocrx_word' id='word_1_102' title='bbox 1705 1603 1829 1687; x_wconf 87' lang='lat' dir='ltr'>prae·</span> 
     </span>
     <span class='ocr_line' id='line_1_12' title="bbox 183 1630 1832 1805; baseline 0.004 -33"><span class='ocrx_word' id='word_1_103' title='bbox 183 1666 203 1721; x_wconf 72' lang='lat'><em>⁹</em></span> <span class='ocrx_word' id='word_1_104' title='bbox 244 1654 327 1706; x_wconf 71' lang='lat'>⁰⁶¹¹</span> <span class='ocrx_word' id='word_1_105' title='bbox 374 1714 528 1802; x_wconf 90' lang='lat' dir='ltr'>ceptum</span> <span class='ocrx_word' id='word_1_106' title='bbox 552 1716 774 1802; x_wconf 90' lang='lat' dir='ltr'>perpetuum</span> <span class='ocrx_word' id='word_1_107' title='bbox 791 1717 868 1775; x_wconf 85' lang='lat' dir='ltr'>esse</span> <span class='ocrx_word' id='word_1_108' title='bbox 885 1715 1037 1805; x_wconf 91' lang='lat' dir='ltr'>potest,</span> <span class='ocrx_word' id='word_1_109' title='bbox 1060 1690 1226 1776; x_wconf 85' lang='lat' dir='ltr'>maximis</span> <span class='ocrx_word' id='word_1_110' title='bbox 1243 1632 1472 1802; x_wconf 80' lang='lat' dir='ltr'>pbilosophis</span> <span class='ocrx_word' id='word_1_111' title='bbox 1488 1630 1722 1797; x_wconf 69' lang='lat' dir='ltr'>ductoribus,</span> <span class='ocrx_word' id='word_1_112' title='bbox 1738 1692 1832 1779; x_wconf 87' lang='lat' dir='ltr'>Pla·</span> 
     </span>
     <span class='ocr_line' id='line_1_13' title="bbox 374 1807 1830 2007; baseline 0.005 -115"><span class='ocrx_word' id='word_1_113' title='bbox 374 1830 467 1895; x_wconf 90' lang='lat' dir='ltr'>tone</span> <span class='ocrx_word' id='word_1_114' title='bbox 482 1808 521 1894; x_wconf 95' lang='lat' dir='ltr'>in</span> <span class='ocrx_word' id='word_1_115' title='bbox 539 1807 635 1893; x_wconf 88' lang='lat' dir='ltr'>libro</span> <span class='ocrx_word' id='word_1_116' title='bbox 654 1808 703 1893; x_wconf 89' lang='lat' dir='ltr'>de</span> <span class='ocrx_word' id='word_1_117' title='bbox 717 1815 875 1919; x_wconf 81' lang='lat' dir='ltr'>Regno,</span> <span class='ocrx_word' id='word_1_118' title='bbox 892 1835 932 1895; x_wconf 92' lang='grc' dir='ltr'>ιι</span> <span class='ocrx_word' id='word_1_119' title='bbox 945 1807 1145 1895; x_wconf 83' lang='lat' dir='ltr'>Aristotele</span> <span class='ocrx_word' id='word_1_120' title='bbox 1160 1810 1257 1891; x_wconf 76' lang='lat' dir='ltr'>Eu.</span> <span class='ocrx_word' id='word_1_121' title='bbox 1280 1835 1318 1915; x_wconf 84' lang='lat'>5.</span> <span class='ocrx_word' id='word_1_122' title='bbox 1334 1835 1370 1892; x_wconf 94' lang='lat' dir='ltr'>c.</span> <span class='ocrx_word' id='word_1_123' title='bbox 1386 1833 1450 1893; x_wconf 89' lang='grc' dir='ltr'>ιο.</span> <span class='ocrx_word' id='word_1_124' title='bbox 1451 1830 1611 2007; x_wconf 67' lang='lat' dir='ltr'>lpraetet</span> <span class='ocrx_word' id='word_1_125' title='bbox 1632 1809 1830 1923; x_wconf 87' lang='lat' dir='ltr'>quaedam</span> 
     </span>
     <span class='ocr_line' id='line_1_14' title="bbox 373 1923 1827 2043; baseline 0 -31"><span class='ocrx_word' id='word_1_126' title='bbox 373 1923 544 2013; x_wconf 87' lang='lat' dir='ltr'>latissime</span> <span class='ocrx_word' id='word_1_127' title='bbox 575 1929 805 2031; x_wconf 86' lang='lat' dir='ltr'>statuentia,</span> <span class='ocrx_word' id='word_1_128' title='bbox 830 1925 942 2043; x_wconf 87' lang='lat' dir='ltr'>quale</span> <span class='ocrx_word' id='word_1_129' title='bbox 966 1926 1058 2014; x_wconf 91' lang='lat' dir='ltr'>illud</span> <span class='ocrx_word' id='word_1_130' title='bbox 1073 1953 1159 2029; x_wconf 85' lang='lat' dir='ltr'>est·‚</span> <span class='ocrx_word' id='word_1_131' title='bbox 1185 1930 1371 2010; x_wconf 77' lang='lat' dir='ltr'>declima</span> <span class='ocrx_word' id='word_1_132' title='bbox 1393 1933 1520 2028; x_wconf 86' lang='lat' dir='ltr'>mal‚o</span> <span class='ocrx_word' id='word_1_133' title='bbox 1534 1941 1573 2010; x_wconf 83' lang='lat' dir='ltr'>et</span> <span class='ocrx_word' id='word_1_134' title='bbox 1584 1924 1663 2032; x_wconf 84' lang='lat' dir='ltr'>fac</span> <span class='ocrx_word' id='word_1_135' title='bbox 1676 1929 1827 2035; x_wconf 84' lang='lat' dir='ltr'>bonum,</span> 
     </span>
     <span class='ocr_line' id='line_1_15' title="bbox 373 1985 1832 2155; baseline 0.001 -26"><span class='ocrx_word' id='word_1_136' title='bbox 373 2067 414 2129; x_wconf 88' lang='lat' dir='ltr'>ct</span> <span class='ocrx_word' id='word_1_137' title='bbox 443 2043 534 2130; x_wconf 91' lang='lat' dir='ltr'>illud</span> <span class='ocrx_word' id='word_1_138' title='bbox 563 2044 733 2155; x_wconf 80' lang='lat' dir='ltr'>ejusdem</span> <span class='ocrx_word' id='word_1_139' title='bbox 762 2042 840 2131; x_wconf 81' lang='lat' dir='ltr'>fere</span> <span class='ocrx_word' id='word_1_140' title='bbox 866 2045 1101 2132; x_wconf 86' lang='lat' dir='ltr'>sentcntiae:</span> <span class='ocrx_word' id='word_1_141' title='bbox 1129 2046 1179 2128; x_wconf 88' lang='lat' dir='ltr'>ab</span> <span class='ocrx_word' id='word_1_142' title='bbox 1197 2049 1325 2131; x_wconf 81' lang='lat' dir='ltr'>ordine</span> <span class='ocrx_word' id='word_1_143' title='bbox 1355 1985 1522 2128; x_wconf 75' lang='lat' dir='ltr'>rattrud</span> <span class='ocrx_word' id='word_1_144' title='bbox 1554 2069 1599 2127; x_wconf 86' lang='lat' dir='ltr'>rte</span> <span class='ocrx_word' id='word_1_145' title='bbox 1629 2049 1832 2135; x_wconf 81' lang='lat' dir='ltr'>discedas.</span> 
     </span>
     <span class='ocr_line' id='line_1_16' title="bbox 210 2162 1826 2300; baseline 0.004 -56"><span class='ocrx_word' id='word_1_146' title='bbox 210 2181 282 2244; x_wconf 71' lang='lat' dir='ltr'>tut·</span> <span class='ocrx_word' id='word_1_147' title='bbox 295 2183 334 2252; x_wconf 68' lang='grc' dir='ltr'>ιι</span> <span class='ocrx_word' id='word_1_148' title='bbox 372 2162 488 2257; x_wconf 87' lang='lat' dir='ltr'>Quae</span> <span class='ocrx_word' id='word_1_149' title='bbox 511 2163 595 2281; x_wconf 89' lang='lat' dir='ltr'>lege</span> <span class='ocrx_word' id='word_1_150' title='bbox 620 2186 797 2269; x_wconf 91' lang='lat' dir='ltr'>aeterna,</span> <span class='ocrx_word' id='word_1_151' title='bbox 819 2188 865 2254; x_wconf 91' lang='lat' dir='ltr'>ut</span> <span class='ocrx_word' id='word_1_152' title='bbox 891 2163 1006 2250; x_wconf 91' lang='lat' dir='ltr'>docet</span> <span class='ocrx_word' id='word_1_153' title='bbox 1036 2163 1270 2300; x_wconf 83' lang='lat' dir='ltr'>Augustinus</span> <span class='ocrx_word' id='word_1_154' title='bbox 1294 2180 1426 2249; x_wconf 81' lang='lat' dir='ltr'>contra</span> <span class='ocrx_word' id='word_1_155' title='bbox 1449 2162 1583 2248; x_wconf 85' lang='lat' dir='ltr'>Faust.</span> <span class='ocrx_word' id='word_1_156' title='bbox 1605 2189 1676 2247; x_wconf 78' lang='lat'>22.</span> <span class='ocrx_word' id='word_1_157' title='bbox 1703 2166 1826 2251; x_wconf 88' lang='lat' dir='ltr'>conti-</span> 
     </span>
     <span class='ocr_line' id='line_1_17' title="bbox 373 2225 1826 2417; baseline 0.003 -52"><span class='ocrx_word' id='word_1_158' title='bbox 373 2307 537 2367; x_wconf 88' lang='lat' dir='ltr'>nentur.</span> <span class='ocrx_word' id='word_1_159' title='bbox 570 2284 751 2368; x_wconf 88' lang='lat' dir='ltr'>Cetetum</span> <span class='ocrx_word' id='word_1_160' title='bbox 783 2225 837 2368; x_wconf 73' lang='lat' dir='ltr'>lais</span> <span class='ocrx_word' id='word_1_161' title='bbox 872 2282 1106 2398; x_wconf 89' lang='lat' dir='ltr'>praeceptis,</span> <span class='ocrx_word' id='word_1_162' title='bbox 1129 2311 1228 2398; x_wconf 89' lang='lat' dir='ltr'>quac</span> <span class='ocrx_word' id='word_1_163' title='bbox 1260 2281 1483 2417; x_wconf 90' lang='lat' dir='ltr'>plerumque</span> <span class='ocrx_word' id='word_1_164' title='bbox 1515 2279 1720 2368; x_wconf 89' lang='lat' dir='ltr'>salutariter</span> <span class='ocrx_word' id='word_1_165' title='bbox 1749 2312 1826 2370; x_wconf 85' lang='lat' dir='ltr'>ser·</span> 
     </span>
     <span class='ocr_line' id='line_1_18' title="bbox 372 2399 1830 2536; baseline 0.004 -52"><span class='ocrx_word' id='word_1_166' title='bbox 372 2423 511 2485; x_wconf 89' lang='lat' dir='ltr'>vantur</span> <span class='ocrx_word' id='word_1_167' title='bbox 527 2399 743 2517; x_wconf 90' lang='lat' dir='ltr'>,cognitis‚</span> <span class='ocrx_word' id='word_1_168' title='bbox 758 2427 967 2516; x_wconf 89' lang='lat' dir='ltr'>eorumque</span> <span class='ocrx_word' id='word_1_169' title='bbox 992 2431 1139 2487; x_wconf 89' lang='lat' dir='ltr'>memor</span> <span class='ocrx_word' id='word_1_170' title='bbox 1164 2399 1259 2518; x_wconf 88' lang='lat' dir='ltr'>regis</span> <span class='ocrx_word' id='word_1_171' title='bbox 1283 2426 1323 2489; x_wconf 86' lang='lat' dir='ltr'>et</span> <span class='ocrx_word' id='word_1_172' title='bbox 1345 2401 1562 2536; x_wconf 84' lang='lat' dir='ltr'>regiorum</span> <span class='ocrx_word' id='word_1_173' title='bbox 1564 2400 1830 2491; x_wconf 91' lang='lat' dir='ltr'>consultorum</span> 
     </span>
     <span class='ocr_line' id='line_1_19' title="bbox 373 2459 1830 2633; baseline 0.003 -32"><span class='ocrx_word' id='word_1_174' title='bbox 373 2459 602 2633; x_wconf 72' lang='lat' dir='ltr'>prudentia,</span> <span class='ocrx_word' id='word_1_175' title='bbox 620 2547 700 2604; x_wconf 91' lang='lat' dir='ltr'>non</span> <span class='ocrx_word' id='word_1_176' title='bbox 716 2519 1004 2606; x_wconf 91' lang='lat' dir='ltr'>contemnendis</span> <span class='ocrx_word' id='word_1_177' title='bbox 1028 2519 1289 2630; x_wconf 77' lang='lat' dir='ltr'>adjumentis</span> <span class='ocrx_word' id='word_1_178' title='bbox 1279 2518 1490 2607; x_wconf 80' lang='lat' dir='ltr'>instructior</span> <span class='ocrx_word' id='word_1_179' title='bbox 1513 2517 1583 2605; x_wconf 89' lang='lat' dir='ltr'>erit</span> <span class='ocrx_word' id='word_1_180' title='bbox 1607 2520 1658 2606; x_wconf 90' lang='lat' dir='ltr'>ad</span> <span class='ocrx_word' id='word_1_181' title='bbox 1672 2521 1830 2607; x_wconf 89' lang='lat' dir='ltr'>consilia</span> 
     </span>
     <span class='ocr_line' id='line_1_20' title="bbox 373 2636 1830 2774; baseline 0.003 -53"><span class='ocrx_word' id='word_1_182' title='bbox 373 2636 424 2721; x_wconf 88' lang='lat' dir='ltr'>de</span> <span class='ocrx_word' id='word_1_183' title='bbox 444 2636 554 2721; x_wconf 91' lang='lat' dir='ltr'>rebus</span> <span class='ocrx_word' id='word_1_184' title='bbox 579 2636 749 2754; x_wconf 89' lang='lat' dir='ltr'>singulis</span> <span class='ocrx_word' id='word_1_185' title='bbox 754 2638 953 2724; x_wconf 88' lang='lat' dir='ltr'>ineunda</span> <span class='ocrx_word' id='word_1_186' title='bbox 982 2644 1101 2774; x_wconf 84' lang='lat' dir='ltr'>Leges</span> <span class='ocrx_word' id='word_1_187' title='bbox 1124 2638 1226 2726; x_wconf 86' lang='lat' dir='ltr'>enim</span> <span class='ocrx_word' id='word_1_188' title='bbox 1251 2662 1292 2725; x_wconf 93' lang='lat' dir='ltr'>et</span> <span class='ocrx_word' id='word_1_189' title='bbox 1321 2661 1520 2755; x_wconf 87' lang='lat' dir='ltr'>praecepta</span> <span class='ocrx_word' id='word_1_190' title='bbox 1539 2637 1711 2725; x_wconf 89' lang='lat' dir='ltr'>universe</span> <span class='ocrx_word' id='word_1_191' title='bbox 1740 2640 1830 2726; x_wconf 90' lang='lat' dir='ltr'>scri·</span> 
     </span>
     <span class='ocr_line' id='line_1_21' title="bbox 374 2752 1829 2877; baseline 0.004 -39"><span class='ocrx_word' id='word_1_192' title='bbox 374 2752 415 2838; x_wconf 94' lang='lat' dir='ltr'>bi</span> <span class='ocrx_word' id='word_1_193' title='bbox 437 2783 585 2841; x_wconf 87' lang='lat' dir='ltr'>necesse</span> <span class='ocrx_word' id='word_1_194' title='bbox 600 2780 676 2840; x_wconf 90' lang='grc' dir='ltr'>ιιι.</span> <span class='ocrx_word' id='word_1_195' title='bbox 707 2757 888 2844; x_wconf 87' lang='lat' dir='ltr'>Actiones</span> <span class='ocrx_word' id='word_1_196' title='bbox 912 2781 1040 2844; x_wconf 90' lang='lat' dir='ltr'>autem</span> <span class='ocrx_word' id='word_1_197' title='bbox 1056 2759 1095 2844; x_wconf 89' lang='lat' dir='ltr'>in</span> <span class='ocrx_word' id='word_1_198' title='bbox 1111 2756 1261 2877; x_wconf 85' lang='lat' dir='ltr'>singulis</span> <span class='ocrx_word' id='word_1_199' title='bbox 1275 2780 1502 2860; x_wconf 90' lang='lat' dir='ltr'>versantur,</span> <span class='ocrx_word' id='word_1_200' title='bbox 1526 2753 1575 2841; x_wconf 89' lang='lat' dir='ltr'>de</span> <span class='ocrx_word' id='word_1_201' title='bbox 1591 2756 1729 2872; x_wconf 88' lang='lat' dir='ltr'>quibus</span> <span class='ocrx_word' id='word_1_202' title='bbox 1744 2786 1829 2863; x_wconf 84' lang='lat' dir='ltr'>rex,</span> 
     </span>
     <span class='ocr_line' id='line_1_22' title="bbox 179 2872 1828 3013; baseline 0.005 -59.005"><span class='ocrx_word' id='word_1_203' title='bbox 179 2895 363 3013; x_wconf 49' lang='lat' dir='ltr'>teeeespgn·</span> <span class='ocrx_word' id='word_1_204' title='bbox 374 2896 414 2959; x_wconf 91' lang='lat' dir='ltr'>et</span> <span class='ocrx_word' id='word_1_205' title='bbox 433 2902 501 2989; x_wconf 80' lang='lat' dir='ltr'>qut</span> <span class='ocrx_word' id='word_1_206' title='bbox 490 2872 745 2989; x_wconf 90' lang='lat' dir='ltr'>reipublicae</span> <span class='ocrx_word' id='word_1_207' title='bbox 771 2902 978 2991; x_wconf 90' lang='lat' dir='ltr'>praesunt,</span> <span class='ocrx_word' id='word_1_208' title='bbox 994 2878 1193 2964; x_wconf 88' lang='lat' dir='ltr'>decernere</span> <span class='ocrx_word' id='word_1_209' title='bbox 1214 2900 1253 2962; x_wconf 94' lang='lat' dir='ltr'>et</span> <span class='ocrx_word' id='word_1_210' title='bbox 1273 2875 1435 2989; x_wconf 83' lang='lat' dir='ltr'>judicare</span> <span class='ocrx_word' id='word_1_211' title='bbox 1458 2873 1624 2962; x_wconf 91' lang='lat' dir='ltr'>debent.</span> <span class='ocrx_word' id='word_1_212' title='bbox 1646 2876 1765 2971; x_wconf 89' lang='lat' dir='ltr'>Quae</span> <span class='ocrx_word' id='word_1_213' title='bbox 1780 2876 1828 2962; x_wconf 87' lang='lat' dir='ltr'>le·</span> 
     </span>
     <span class='ocr_line' id='line_1_23' title="bbox 181 2966 1831 3129; baseline 0.002 -52"><span class='ocrx_word' id='word_1_214' title='bbox 181 2966 363 3129; x_wconf 51' lang='grc' dir='ltr'>ιῗὲξὲξοιή</span> <span class='ocrx_word' id='word_1_215' title='bbox 374 3021 470 3109; x_wconf 93' lang='lat' dir='ltr'>ges,</span> <span class='ocrx_word' id='word_1_216' title='bbox 493 2993 589 3087; x_wconf 89' lang='lat' dir='ltr'>dum</span> <span class='ocrx_word' id='word_1_217' title='bbox 618 2992 790 3080; x_wconf 86' lang='lat' dir='ltr'>locorum</span> <span class='ocrx_word' id='word_1_218' title='bbox 804 3019 1079 3113; x_wconf 91' lang='lat' dir='ltr'>,temporum,</span> <span class='ocrx_word' id='word_1_219' title='bbox 1099 3024 1372 3112; x_wconf 90' lang='lat' dir='ltr'>personatum,</span> <span class='ocrx_word' id='word_1_220' title='bbox 1389 2993 1543 3081; x_wconf 83' lang='lat' dir='ltr'>aliave</span> <span class='ocrx_word' id='word_1_221' title='bbox 1533 3017 1629 3107; x_wconf 74' lang='grc' dir='ltr'>ιιιιιι</span> <span class='ocrx_word' id='word_1_222' title='bbox 1647 3018 1686 3079; x_wconf 88' lang='lat' dir='ltr'>et</span> <span class='ocrx_word' id='word_1_223' title='bbox 1704 2992 1831 3081; x_wconf 89' lang='lat' dir='ltr'>hone·</span> 
     </span>
     <span class='ocr_line' id='line_1_24' title="bbox 182 3087 1830 3228; baseline 0.002 -32"><span class='ocrx_word' id='word_1_224' title='bbox 182 3087 219 3140; x_wconf 68' lang='lat'>¹¹⁰</span> <span class='ocrx_word' id='word_1_225' title='bbox 375 3134 433 3196; x_wconf 92' lang='lat' dir='ltr'>sta</span> <span class='ocrx_word' id='word_1_226' title='bbox 452 3111 598 3198; x_wconf 89' lang='lat' dir='ltr'>tatione</span> <span class='ocrx_word' id='word_1_227' title='bbox 620 3112 818 3200; x_wconf 86' lang='lat' dir='ltr'>obsidente</span> <span class='ocrx_word' id='word_1_228' title='bbox 841 3117 896 3201; x_wconf 93' lang='lat' dir='ltr'>ob</span> <span class='ocrx_word' id='word_1_229' title='bbox 925 3114 1132 3204; x_wconf 89' lang='lat' dir='ltr'>universale</span> <span class='ocrx_word' id='word_1_230' title='bbox 1149 3112 1357 3215; x_wconf 86' lang='lat' dir='ltr'>deficiunt,</span> <span class='ocrx_word' id='word_1_231' title='bbox 1377 3112 1532 3199; x_wconf 91' lang='lat' dir='ltr'>decreto</span> <span class='ocrx_word' id='word_1_232' title='bbox 1558 3114 1609 3197; x_wconf 91' lang='lat' dir='ltr'>ab</span> <span class='ocrx_word' id='word_1_233' title='bbox 1631 3111 1830 3228; x_wconf 88' lang='lat' dir='ltr'>aequitate</span> 
     </span>
     <span class='ocr_line' id='line_1_25' title="bbox 375 3228 1829 3350; baseline -0.001 -35"><span class='ocrx_word' id='word_1_234' title='bbox 375 3228 525 3338; x_wconf 88' lang='lat' dir='ltr'>ducto,</span> <span class='ocrx_word' id='word_1_235' title='bbox 542 3259 608 3346; x_wconf 91' lang='lat' dir='ltr'>per</span> <span class='ocrx_word' id='word_1_236' title='bbox 636 3259 742 3350; x_wconf 91' lang='lat' dir='ltr'>reges</span> <span class='ocrx_word' id='word_1_237' title='bbox 771 3255 838 3318; x_wconf 90' lang='lat' dir='ltr'>aut</span> <span class='ocrx_word' id='word_1_238' title='bbox 866 3232 1129 3350; x_wconf 87' lang='lat' dir='ltr'>magistratus,</span> <span class='ocrx_word' id='word_1_239' title='bbox 1146 3261 1213 3348; x_wconf 87' lang='lat' dir='ltr'>qur</span> <span class='ocrx_word' id='word_1_240' title='bbox 1200 3230 1574 3347; x_wconf 88' lang='lat' dir='ltr'>reipublicaecum</span> <span class='ocrx_word' id='word_1_241' title='bbox 1597 3260 1745 3315; x_wconf 91' lang='lat' dir='ltr'>summa</span> <span class='ocrx_word' id='word_1_242' title='bbox 1762 3261 1829 3345; x_wconf 85' lang='lat' dir='ltr'>po</span> 
     </span>
     <span class='ocr_line' id='line_1_26' title="bbox 375 3347 1825 3469; baseline 0.003 -37"><span class='ocrx_word' id='word_1_243' title='bbox 375 3370 509 3435; x_wconf 91' lang='lat' dir='ltr'>testate</span> <span class='ocrx_word' id='word_1_244' title='bbox 528 3374 731 3464; x_wconf 88' lang='lat' dir='ltr'>praesunt,</span> <span class='ocrx_word' id='word_1_245' title='bbox 748 3376 903 3438; x_wconf 93' lang='lat' dir='ltr'>auctore</span> <span class='ocrx_word' id='word_1_246' title='bbox 923 3350 1180 3466; x_wconf 87' lang='lat' dir='ltr'>philosopho,</span> <span class='ocrx_word' id='word_1_247' title='bbox 1199 3349 1444 3469; x_wconf 85' lang='lat' dir='ltr'>corrigendae</span> <span class='ocrx_word' id='word_1_248' title='bbox 1471 3371 1585 3433; x_wconf 90' lang='lat' dir='ltr'>sunt·</span> <span class='ocrx_word' id='word_1_249' title='bbox 1576 3347 1825 3463; x_wconf 86' lang='lat' dir='ltr'>‚eodemque</span> 
     </span>
     <span class='ocr_line' id='line_1_27' title="bbox 376 3466 1825 3585; baseline 0.001 -33"><span class='ocrx_word' id='word_1_250' title='bbox 376 3467 499 3553; x_wconf 89' lang='lat' dir='ltr'>modo</span> <span class='ocrx_word' id='word_1_251' title='bbox 530 3467 676 3553; x_wconf 90' lang='lat' dir='ltr'>monita</span> <span class='ocrx_word' id='word_1_252' title='bbox 705 3469 927 3583; x_wconf 90' lang='lat' dir='ltr'>sapientium</span> <span class='ocrx_word' id='word_1_253' title='bbox 954 3497 1020 3585; x_wconf 93' lang='lat' dir='ltr'>per</span> <span class='ocrx_word' id='word_1_254' title='bbox 1050 3467 1205 3555; x_wconf 90' lang='lat' dir='ltr'>eosdem</span> <span class='ocrx_word' id='word_1_255' title='bbox 1237 3469 1292 3555; x_wconf 92' lang='lat' dir='ltr'>ob</span> <span class='ocrx_word' id='word_1_256' title='bbox 1320 3466 1472 3555; x_wconf 90' lang='lat' dir='ltr'>easdem</span> <span class='ocrx_word' id='word_1_257' title='bbox 1502 3494 1631 3552; x_wconf 85' lang='lat' dir='ltr'>causas</span> <span class='ocrx_word' id='word_1_258' title='bbox 1663 3466 1825 3553; x_wconf 88' lang='lat' dir='ltr'>consiliis</span> 
     </span>
    </p>
   </div>
   <div class='ocr_carea' id='block_1_4' title="bbox 185 3580 1832 3937">
    <p class='ocr_par' dir='ltr' id='par_1_6' title="bbox 185 3580 1832 3937">
     <span class='ocr_line' id='line_1_28' title="bbox 377 3580 1826 3723; baseline 0.001 -53"><span class='ocrx_word' id='word_1_259' title='bbox 377 3584 583 3702; x_wconf 88' lang='lat' dir='ltr'>prudenter</span> <span class='ocrx_word' id='word_1_260' title='bbox 613 3584 782 3672; x_wconf 87' lang='lat' dir='ltr'>ineundis</span> <span class='ocrx_word' id='word_1_261' title='bbox 797 3646 811 3692; x_wconf 97' lang='lat'>,</span> <span class='ocrx_word' id='word_1_262' title='bbox 825 3615 926 3702; x_wconf 91' lang='lat' dir='ltr'>quae</span> <span class='ocrx_word' id='word_1_263' title='bbox 948 3586 999 3672; x_wconf 92' lang='lat' dir='ltr'>ad</span> <span class='ocrx_word' id='word_1_264' title='bbox 1024 3586 1171 3673; x_wconf 91' lang='lat' dir='ltr'>bonum</span> <span class='ocrx_word' id='word_1_265' title='bbox 1199 3586 1391 3723; x_wconf 83' lang='lat' dir='ltr'>publicum</span> <span class='ocrx_word' id='word_1_266' title='bbox 1423 3580 1660 3690; x_wconf 87' lang='lat' dir='ltr'>referantur,</span> <span class='ocrx_word' id='word_1_267' title='bbox 1686 3582 1826 3672; x_wconf 88' lang='lat' dir='ltr'>mode·</span> 
     </span>
     <span class='ocr_line' id='line_1_29' title="bbox 377 3702 1828 3840; baseline 0 -49"><span class='ocrx_word' id='word_1_268' title='bbox 377 3704 527 3791; x_wconf 86' lang='lat' dir='ltr'>tanda.</span> <span class='ocrx_word' id='word_1_269' title='bbox 553 3704 703 3802; x_wconf 92' lang='lat' dir='ltr'>Quibus</span> <span class='ocrx_word' id='word_1_270' title='bbox 717 3704 828 3790; x_wconf 88' lang='lat' dir='ltr'>rebus</span> <span class='ocrx_word' id='word_1_271' title='bbox 842 3703 1053 3820; x_wconf 84' lang='lat' dir='ltr'>explicatis,</span> <span class='ocrx_word' id='word_1_272' title='bbox 1068 3705 1118 3792; x_wconf 84' lang='lat' dir='ltr'>ad</span> <span class='ocrx_word' id='word_1_273' title='bbox 1133 3702 1301 3818; x_wconf 87' lang='lat' dir='ltr'>reliqua</span> <span class='ocrx_word' id='word_1_274' title='bbox 1291 3702 1447 3790; x_wconf 79' lang='lat' dir='ltr'>nstitui</span> <span class='ocrx_word' id='word_1_275' title='bbox 1464 3702 1581 3789; x_wconf 89' lang='lat' dir='ltr'>nostri</span> <span class='ocrx_word' id='word_1_276' title='bbox 1570 3731 1828 3840; x_wconf 81' lang='lat' dir='ltr'>pergarnus.</span> 
     </span>
     <span class='ocr_line' id='line_1_30' title="bbox 185 3819 1832 3937; baseline 0.001 -31"><span class='ocrx_word' id='word_1_277' title='bbox 185 3856 241 3898; x_wconf 80' lang='lat' dir='ltr'>nu</span> <span class='ocrx_word' id='word_1_278' title='bbox 265 3842 339 3895; x_wconf 72' lang='lat' dir='ltr'>uun</span> <span class='ocrx_word' id='word_1_279' title='bbox 339 3854 367 3892; x_wconf 76' lang='lat' dir='ltr'>n</span> <span class='ocrx_word' id='word_1_280' title='bbox 438 3822 580 3906; x_wconf 88' lang='lat' dir='ltr'>XXIII</span> <span class='ocrx_word' id='word_1_281' title='bbox 638 3823 784 3909; x_wconf 88' lang='lat' dir='ltr'>Urbem</span> <span class='ocrx_word' id='word_1_282' title='bbox 818 3821 907 3909; x_wconf 93' lang='lat' dir='ltr'>loco</span> <span class='ocrx_word' id='word_1_283' title='bbox 934 3821 1076 3908; x_wconf 89' lang='lat' dir='ltr'>idoneo</span> <span class='ocrx_word' id='word_1_284' title='bbox 1099 3819 1264 3909; x_wconf 92' lang='lat' dir='ltr'>condere</span> <span class='ocrx_word' id='word_1_285' title='bbox 1279 3882 1292 3928; x_wconf 93' lang='lat'>,</span> <span class='ocrx_word' id='word_1_286' title='bbox 1308 3850 1517 3937; x_wconf 86' lang='lat' dir='ltr'>quaep</span> <span class='ocrx_word' id='word_1_287' title='bbox 1439 3821 1491 3905; x_wconf 92' lang='lat' dir='ltr'>im</span> <span class='ocrx_word' id='word_1_288' title='bbox 1493 3820 1581 3935; x_wconf 91' lang='lat' dir='ltr'>perii</span> <span class='ocrx_word' id='word_1_289' title='bbox 1610 3820 1715 3908; x_wconf 88' lang='lat' dir='ltr'>sedes</span> <span class='ocrx_word' id='word_1_290' title='bbox 1748 3822 1832 3929; x_wconf 89' lang='lat' dir='ltr'>sit,</span> 
     </span>
    </p>
   </div>
   <div class='ocr_carea' id='block_1_5' title="bbox 215 3781 368 3839">
    <p class='ocr_par' dir='ltr' id='par_1_7' title="bbox 215 3781 368 3839">
     <span class='ocr_line' id='line_1_31' title="bbox 215 3781 368 3839; baseline -0.013 -5"><span class='ocrx_word' id='word_1_291' title='bbox 215 3781 368 3839; x_wconf 77' lang='grc' dir='ltr'>οοιιιιιιιιιι·</span> 
     </span>
    </p>
   </div>
   <div class='ocr_carea' id='block_1_6' title="bbox 185 3902 1828 4072">
    <p class='ocr_par' dir='ltr' id='par_1_8' title="bbox 185 3902 1828 4072">
     <span class='ocr_line' id='line_1_32' title="bbox 185 3902 1828 4072; baseline 0.034 -71"><span class='ocrx_word' id='word_1_292' title='bbox 185 3902 368 3964; x_wconf 69' lang='lat'>⁸¹¹¹¹⁸“¹¹¹²⁰</span> <span class='ocrx_word' id='word_1_293' title='bbox 379 3962 421 4025; x_wconf 72' lang='lat' dir='ltr'>et</span> <span class='ocrx_word' id='word_1_294' title='bbox 448 3941 556 4055; x_wconf 73' lang='lat' dir='ltr'>regni</span> <span class='ocrx_word' id='word_1_295' title='bbox 573 3940 680 4072; x_wconf 86' lang='lat' dir='ltr'>quasi</span> <span class='ocrx_word' id='word_1_296' title='bbox 707 3964 852 4055; x_wconf 91' lang='lat' dir='ltr'>caput,</span> <span class='ocrx_word' id='word_1_297' title='bbox 867 3969 1005 4026; x_wconf 92' lang='lat' dir='ltr'>munus</span> <span class='ocrx_word' id='word_1_298' title='bbox 1031 3940 1144 4029; x_wconf 90' lang='lat' dir='ltr'>civilis</span> <span class='ocrx_word' id='word_1_299' title='bbox 1169 3967 1214 4024; x_wconf 91' lang='lat' dir='ltr'>ac</span> <span class='ocrx_word' id='word_1_300' title='bbox 1238 3940 1363 4057; x_wconf 67' lang='lat' dir='ltr'>regiae</span> <span class='ocrx_word' id='word_1_301' title='bbox 1389 3935 1572 4024; x_wconf 85' lang='lat' dir='ltr'>facultatis</span> <span class='ocrx_word' id='word_1_302' title='bbox 1586 3965 1666 4026; x_wconf 62' lang='grc' dir='ltr'>θὸῑ</span> <span class='ocrx_word' id='word_1_303' title='bbox 1698 3939 1828 4032; x_wconf 70' lang='lat' dir='ltr'><strong>0¹¹⁰d</strong></span> 
     </span>
    </p>
   </div>
   <div class='ocr_carea' id='block_1_7' title="bbox 192 4055 1838 5050">
    <p class='ocr_par' dir='ltr' id='par_1_9' title="bbox 259 4055 1835 4770">
     <span class='ocr_line' id='line_1_33' title="bbox 259 4055 1831 4177; baseline 0 -33"><span class='ocrx_word' id='word_1_304' title='bbox 259 4143 263 4152; x_wconf 89' lang='grc'>,</span> <span class='ocrx_word' id='word_1_305' title='bbox 379 4056 570 4144; x_wconf 91' lang='lat' dir='ltr'>interdum</span> <span class='ocrx_word' id='word_1_306' title='bbox 592 4055 712 4146; x_wconf 87' lang='lat' dir='ltr'>facere</span> <span class='ocrx_word' id='word_1_307' title='bbox 731 4086 951 4177; x_wconf 90' lang='lat' dir='ltr'>coguntur,</span> <span class='ocrx_word' id='word_1_308' title='bbox 967 4088 1034 4175; x_wconf 86' lang='lat' dir='ltr'>qm</span> <span class='ocrx_word' id='word_1_309' title='bbox 1022 4058 1108 4145; x_wconf 94' lang='lat' dir='ltr'>ob</span> <span class='ocrx_word' id='word_1_310' title='bbox 1137 4056 1302 4173; x_wconf 88' lang='lat' dir='ltr'>aliquam</span> <span class='ocrx_word' id='word_1_311' title='bbox 1330 4058 1584 4144; x_wconf 89' lang='lat' dir='ltr'>necessitatem</span> <span class='ocrx_word' id='word_1_312' title='bbox 1614 4057 1729 4173; x_wconf 89' lang='lat' dir='ltr'>patria</span> <span class='ocrx_word' id='word_1_313' title='bbox 1757 4085 1831 4144; x_wconf 89' lang='lat' dir='ltr'>ce·</span> 
     </span>
     <span class='ocr_line' id='line_1_34' title="bbox 380 4173 1831 4295; baseline 0.001 -34"><span class='ocrx_word' id='word_1_314' title='bbox 380 4176 567 4281; x_wconf 86' lang='lat' dir='ltr'>dentes,</span> <span class='ocrx_word' id='word_1_315' title='bbox 557 4206 597 4262; x_wconf 92' lang='grc' dir='ltr'>ιιι</span> <span class='ocrx_word' id='word_1_316' title='bbox 612 4177 776 4283; x_wconf 89' lang='lat' dir='ltr'>alienas,</span> <span class='ocrx_word' id='word_1_317' title='bbox 800 4179 865 4264; x_wconf 91' lang='lat' dir='ltr'>sed</span> <span class='ocrx_word' id='word_1_318' title='bbox 881 4205 1018 4264; x_wconf 86' lang='lat' dir='ltr'>vacuas</span> <span class='ocrx_word' id='word_1_319' title='bbox 1027 4176 1212 4295; x_wconf 84' lang='lat' dir='ltr'>regiones</span> <span class='ocrx_word' id='word_1_320' title='bbox 1242 4205 1332 4263; x_wconf 90' lang='lat' dir='ltr'>cum</span> <span class='ocrx_word' id='word_1_321' title='bbox 1356 4175 1556 4263; x_wconf 90' lang='lat' dir='ltr'>hominum</span> <span class='ocrx_word' id='word_1_322' title='bbox 1583 4173 1831 4262; x_wconf 88' lang='lat' dir='ltr'>multitudine</span> 
     </span>
     <span class='ocr_line' id='line_1_35' title="bbox 375 4237 1830 4429; baseline 0.001 -51"><span class='ocrx_word' id='word_1_323' title='bbox 375 4292 433 4378; x_wconf 87' lang='lat' dir='ltr'>ad</span> <span class='ocrx_word' id='word_1_324' title='bbox 456 4323 577 4379; x_wconf 87' lang='lat' dir='ltr'>novas</span> <span class='ocrx_word' id='word_1_325' title='bbox 598 4295 703 4382; x_wconf 87' lang='lat' dir='ltr'>sedes</span> <span class='ocrx_word' id='word_1_326' title='bbox 703 4237 957 4429; x_wconf 80' lang='lat' dir='ltr'>qdaerendas</span> <span class='ocrx_word' id='word_1_327' title='bbox 984 4286 1299 4412; x_wconf 89' lang='lat' dir='ltr'>proficiscuntur</span> <span class='ocrx_word' id='word_1_328' title='bbox 1320 4294 1586 4392; x_wconf 90' lang='lat' dir='ltr'>Quamobrem</span> <span class='ocrx_word' id='word_1_329' title='bbox 1614 4293 1714 4379; x_wconf 92' lang='lat' dir='ltr'>hanc</span> <span class='ocrx_word' id='word_1_330' title='bbox 1729 4322 1830 4409; x_wconf 81' lang='lat' dir='ltr'>quo</span> 
     </span>
     <span class='ocr_line' id='line_1_36' title="bbox 381 4410 1830 4549; baseline 0.001 -55"><span class='ocrx_word' id='word_1_331' title='bbox 381 4436 460 4526; x_wconf 92' lang='lat' dir='ltr'>que</span> <span class='ocrx_word' id='word_1_332' title='bbox 479 4435 624 4526; x_wconf 88' lang='lat' dir='ltr'>partem</span> <span class='ocrx_word' id='word_1_333' title='bbox 647 4412 854 4529; x_wconf 89' lang='lat' dir='ltr'>attingere,</span> <span class='ocrx_word' id='word_1_334' title='bbox 879 4443 960 4501; x_wconf 92' lang='lat' dir='ltr'>non</span> <span class='ocrx_word' id='word_1_335' title='bbox 974 4415 1046 4500; x_wconf 89' lang='lat' dir='ltr'>erit</span> <span class='ocrx_word' id='word_1_336' title='bbox 1069 4412 1268 4500; x_wconf 89' lang='lat' dir='ltr'>alienum</span> <span class='ocrx_word' id='word_1_337' title='bbox 1258 4414 1428 4499; x_wconf 87' lang='lat' dir='ltr'>mstituto</span> <span class='ocrx_word' id='word_1_338' title='bbox 1443 4436 1605 4499; x_wconf 89' lang='lat' dir='ltr'>nostro.</span> <span class='ocrx_word' id='word_1_339' title='bbox 1631 4418 1740 4530; x_wconf 88' lang='lat' dir='ltr'>Ergo</span> <span class='ocrx_word' id='word_1_340' title='bbox 1755 4410 1830 4549; x_wconf 87' lang='lat' dir='ltr'>qui</span> 
     </span>
     <span class='ocr_line' id='line_1_37' title="bbox 382 4527 1835 4648; baseline 0.003 -35"><span class='ocrx_word' id='word_1_341' title='bbox 382 4527 467 4614; x_wconf 91' lang='lat' dir='ltr'>urbi</span> <span class='ocrx_word' id='word_1_342' title='bbox 490 4530 714 4617; x_wconf 88' lang='lat' dir='ltr'>condendae</span> <span class='ocrx_word' id='word_1_343' title='bbox 735 4556 859 4645; x_wconf 89' lang='lat' dir='ltr'>potest</span> <span class='ocrx_word' id='word_1_344' title='bbox 873 4531 1001 4620; x_wconf 90' lang='lat' dir='ltr'>locum</span> <span class='ocrx_word' id='word_1_345' title='bbox 1016 4560 1063 4619; x_wconf 86' lang='lat' dir='ltr'>ex</span> <span class='ocrx_word' id='word_1_346' title='bbox 1082 4531 1195 4618; x_wconf 87' lang='lat' dir='ltr'>animi</span> <span class='ocrx_word' id='word_1_347' title='bbox 1208 4531 1392 4619; x_wconf 91' lang='lat' dir='ltr'>sententia</span> <span class='ocrx_word' id='word_1_348' title='bbox 1407 4530 1592 4648; x_wconf 90' lang='lat' dir='ltr'>deligere,</span> <span class='ocrx_word' id='word_1_349' title='bbox 1613 4527 1710 4645; x_wconf 74' lang='lat' dir='ltr'>(nec</span> <span class='ocrx_word' id='word_1_350' title='bbox 1724 4529 1835 4617; x_wconf 90' lang='lat' dir='ltr'>enim</span> 
     </span>
     <span class='ocr_line' id='line_1_38' title="bbox 383 4645 1835 4787; baseline 0.001 -54"><span class='ocrx_word' id='word_1_351' title='bbox 383 4645 560 4734; x_wconf 91' lang='lat' dir='ltr'>omnibus</span> <span class='ocrx_word' id='word_1_352' title='bbox 584 4677 630 4734; x_wconf 90' lang='lat' dir='ltr'>ea</span> <span class='ocrx_word' id='word_1_353' title='bbox 643 4645 793 4735; x_wconf 86' lang='lat' dir='ltr'>felicitas</span> <span class='ocrx_word' id='word_1_354' title='bbox 813 4650 1064 4770; x_wconf 90' lang='lat' dir='ltr'>contingit)</span> <span class='ocrx_word' id='word_1_355' title='bbox 1053 4681 1083 4740; x_wconf 88' lang='lat' dir='ltr'>ts</span> <span class='ocrx_word' id='word_1_356' title='bbox 1098 4651 1261 4767; x_wconf 91' lang='lat' dir='ltr'>primum</span> <span class='ocrx_word' id='word_1_357' title='bbox 1287 4649 1461 4738; x_wconf 92' lang='lat' dir='ltr'>omnium</span> <span class='ocrx_word' id='word_1_358' title='bbox 1484 4649 1676 4787; x_wconf 83' lang='lat' dir='ltr'>regionem</span> <span class='ocrx_word' id='word_1_359' title='bbox 1699 4647 1835 4734; x_wconf 89' lang='lat' dir='ltr'>consi-</span> 
     </span>
    </p>

    <p class='ocr_par' dir='ltr' id='par_1_10' title="bbox 192 4761 1838 5006">
     <span class='ocr_line' id='line_1_39' title="bbox 193 4761 1837 4885; baseline 0.003 -33"><span class='ocrx_word' id='word_1_360' title='bbox 193 4762 243 4873; x_wconf 58' lang='lat' dir='ltr'>,ll</span> <span class='ocrx_word' id='word_1_361' title='bbox 243 4761 559 4874; x_wconf 52' lang='lat' dir='ltr'>lllgugfderabir,</span> <span class='ocrx_word' id='word_1_362' title='bbox 579 4792 624 4855; x_wconf 92' lang='lat' dir='ltr'>ut</span> <span class='ocrx_word' id='word_1_363' title='bbox 637 4766 803 4853; x_wconf 90' lang='lat' dir='ltr'>dulcium</span> <span class='ocrx_word' id='word_1_364' title='bbox 818 4795 1003 4883; x_wconf 84' lang='lat' dir='ltr'>aquarum</span> <span class='ocrx_word' id='word_1_365' title='bbox 1026 4770 1249 4885; x_wconf 89' lang='lat' dir='ltr'>perennibus</span> <span class='ocrx_word' id='word_1_366' title='bbox 1274 4765 1441 4857; x_wconf 87' lang='lat' dir='ltr'>fontibus</span> <span class='ocrx_word' id='word_1_367' title='bbox 1465 4766 1773 4875; x_wconf 78' lang='lat' dir='ltr'>scamrientibus,</span> <span class='ocrx_word' id='word_1_368' title='bbox 1788 4789 1837 4857; x_wconf 91' lang='lat' dir='ltr'>et</span> 
     </span>
     <span class='ocr_line' id='line_1_40' title="bbox 192 4827 1838 5050; baseline -0.001 -72"><span class='ocrx_word' id='word_1_369' title='bbox 192 4884 264 4934; x_wconf 60' lang='lat'>‘¹⁸⁰⁵</span> <span class='ocrx_word' id='word_1_370' title='bbox 383 4827 602 4978; x_wconf 70' lang='lat' dir='ltr'>duntinillus</span> <span class='ocrx_word' id='word_1_371' title='bbox 623 4882 947 5000; x_wconf 75' lang='lat' dir='ltr'>interfluentibus,</span> <span class='ocrx_word' id='word_1_372' title='bbox 962 4916 1088 4980; x_wconf 88' lang='lat' dir='ltr'>rerum</span> <span class='ocrx_word' id='word_1_373' title='bbox 1112 4888 1215 4978; x_wconf 85' lang='lat' dir='ltr'>ad</span> <span class='ocrx_word' id='word_1_374' title='bbox 1179 4914 1322 4982; x_wconf 77' lang='lat' dir='ltr'>victum</span> <span class='ocrx_word' id='word_1_375' title='bbox 1336 4886 1564 4999; x_wconf 89' lang='lat' dir='ltr'>hominum,</span> <span class='ocrx_word' id='word_1_376' title='bbox 1578 4910 1619 4978; x_wconf 90' lang='lat' dir='ltr'>et</span> <span class='ocrx_word' id='word_1_377' title='bbox 1644 4916 1838 5050; x_wconf 84' lang='lat' dir='ltr'>pecorum</span> 
     </span>
    </p>
   </div>
   <div class='ocr_carea' id='block_1_8' title="bbox 0 0 2076 5872">
    <p class='ocr_par' dir='ltr' id='par_1_11' title="bbox 0 0 2076 5872">
     <span class='ocr_line' id='line_1_41' title="bbox 0 0 2076 5872; baseline 0 0"><span class='ocrx_word' id='word_1_378' title='bbox 0 0 2076 5872; x_wconf 95' lang='lat' dir='ltr'> </span> 
     </span>
    </p>
   </div>
   <div class='ocr_carea' id='block_1_9' title="bbox 1719 5030 1930 5095">
    <p class='ocr_par' dir='ltr' id='par_1_12' title="bbox 1719 5030 1930 5095">
     <span class='ocr_line' id='line_1_42' title="bbox 1719 5030 1930 5095; baseline 0 0"><span class='ocrx_word' id='word_1_379' title='bbox 1719 5030 1930 5095; x_wconf 67' lang='lat' dir='ltr'>ar·&#39;</span> 
     </span>
    </p>
   </div>
  </div>
 </body>
</html>
