4050 5858
670 395 875 467 LIBER
921 393 969 463 11
1446 415 1523 489 ²73

97 523 242 638 virtutis
258 520 419 637 speciem
447 518 632 627 retulisti,
648 495 786 605 oblitus
802 516 985 623 fortasse,
1002 539 1042 604 ιι
1056 518 1207 606 militem
1223 549 1300 607 esse
1315 581 1328 627 ,
1345 514 1439 608 dum
1456 551 1541 659 par

94 665 151 729 tes
179 642 257 773 agis
282 638 617 775 pbilosophorum.
647 643 737 754 Ego
759 636 860 723 enim
886 635 936 722 sic
958 661 1112 744 statuo,
1130 668 1197 725 aut
1212 640 1356 724 nullum
1378 643 1539 730 omnino

97 759 178 873 jure
197 788 306 875 posse
328 758 450 844 virum
468 752 606 841 fortem
636 754 841 870 appellari,
869 779 939 841 aut
968 754 1071 841 hunc
1103 785 1180 843 esse
1210 756 1258 843 de
1289 758 1448 844 militurn
1479 791 1537 847 or·

92 877 179 964 dine
203 875 438 991 petendum
470 872 623 959 Nam
597 902 653 979 st,
667 899 712 960 ut
735 897 880 959 ceterae
895 872 1050 960 virtutes
1068 874 1202 990 ,quod
1228 874 1306 960 heri
1327 905 1415 963 cum
1440 884 1536 966 Iseo

94 988 216 1110 poldo
233 994 460 1097 disserebas,
477 991 526 1077 sic
544 988 729 1079 fortintdo
754 1019 835 1078 non
859 991 954 1078 inest
970 1018 992 1073 a
1008 1018 1167 1096 natura,
1182 994 1248 1079 sed
1263 997 1538 1083 consuetudine

86 1111 382 1227 periculorum
372 1134 633 1227 ingeneratur:
656 1110 741 1225 quis
768 1108 933 1245 pluribus
960 1109 1132 1222 quotidie
1158 1135 1225 1196 aut
1247 1106 1449 1224 majoribus
1457 1144 1537 1249 pe·

89 1229 211 1316 riculis
238 1253 427 1316 exercetur
442 1289 454 1334 ,
470 1256 587 1342 quam
612 1226 745 1312 miles?
771 1225 855 1342 quis
880 1251 1024 1312 aestum
1043 1225 1225 1363 ,frigus,
1254 1225 1424 1334 famem,
1439 1231 1538 1318 sitim

89 1347 305 1483 vigiliasque
335 1346 564 1452 tolerando,
588 1374 672 1460 pars
696 1370 779 1431 tum
810 1344 958 1459 corpori
974 1402 989 1449 ,
1005 1368 1089 1430 tum
1118 1345 1231 1430 etiam
1257 1346 1385 1432 arriano
1416 1349 1536 1436 adla-

88 1465 237 1550 boriosa
254 1463 459 1551 discrimina
484 1463 681 1550 subeunda
703 1461 816 1549 callos
841 1461 1028 1565 obduxit?
1056 1468 1156 1546 Dru.
1175 1468 1305 1550 Nemo
1324 1489 1451 1551 certe:
1471 1495 1537 1552 ne·

87 1609 165 1697 que
189 1611 372 1697 umquam
398 1611 474 1697 ego
505 1583 741 1666 committam
760 1604 832 1685 ,ut
856 1607 962 1665 more
977 1579 1297 1716 quorumdam'pu
1299 1583 1425 1667 dicum
1448 1585 1534 1670 stul

87 1721 127 1785 te
149 1699 435 1786 ambitiosorum
451 1697 617 1807 ,injuste
649 1694 811 1782 faciam
802 1724 841 1780 ιιι
865 1725 997 1802 ιιιιοι,
1017 1725 1068 1781 ne
1088 1696 1221 1810 injuste
1245 1694 1369 1784 fecisse
1387 1700 1534 1788 videar·

86 1845 216 1906 veram
238 1818 350 1934 igitur
377 1759 662 1901 fortitudinem
652 1843 691 1898 ιιι
713 1813 837 1899 multis
862 1815 1034 1900 militibus
1050 1839 1089 1900 er
1109 1811 1244 1921 fuisse,
1260 1841 1300 1901 et
1320 1844 1397 1902 esse
1424 1816 1533 1940 ιιιιο,

85 1962 158 2020 nec
183 1935 287 2020 aliter
314 1961 497 2048 umquam
528 1932 757 2047 existimavi:
781 1932 847 2018 sed
880 1961 1004 2048 neque
1028 1935 1067 2017 in
1093 1933 1224 2021 milites
1248 1957 1398 2020 tantum
1426 1928 1534 2022 forti·
1567 1986 1569 1990 J

87 2051 261 2137 tudinem
282 2052 445 2156 cadere,
463 2073 506 2134 ut
533 2049 722 2184 quidam
711 2077 877 2165 ipsorum
905 2049 1123 2137 levissime
1113 2074 1252 2162 jactant
1268 2109 1282 2157 ‚
1300 2075 1339 2138 et
1358 2052 1535 2168 complu-

87 2198 143 2255 res
168 2197 302 2253 eorum
318 2166 432 2254 videri
454 2166 571 2283 magis
586 2229 598 2274 ,
615 2196 733 2283 quam
756 2196 834 2253 esse
849 2166 940 2253 tales
962 2191 1108 2254 certum
1133 2169 1283 2256 habeo.
1326 2175 1411 2256 Nec
1438 2200 1568 2268 vero¹
1555 2223 1669 2330 ΛΜ,
1676 2240 1712 2277 ,,

86 2289 212 2371 mitan
195 2286 337 2391 debes
353 2345 365 2391 ,
381 2285 489 2420 quod
507 2313 577 2369 nec
604 2282 709 2370 sacile
734 2314 804 2370 nec
820 2285 932 2373 valde
959 2285 1082 2371 multis
1106 2316 1196 2373 vera
1223 2284 1411 2374 fortintdo
1439 2296 1571 2376 con-'¹

88 2405 239 2540 tingat,
257 2432 346 2489 narn
362 2405 479 2490 virtus
501 2401 624 2488 omnis
647 2404 686 2485 in
707 2431 748 2488 re
776 2400 915 2488 difficili
946 2429 1141 2509 versatur,
1158 2428 1197 2489 et
1219 2432 1306 2488 curn
1332 2403 1533 2497 adurcium

87 2520 287 2608 innumeris
302 2521 370 2608 viis
392 2523 612 2626 aberretur,
628 2548 705 2604 una
729 2520 983 2606 dumtaxat
947 2549 1009 2607 vta
1037 2545 1092 2606 est
1109 2549 1237 2637 ,quae
1259 2520 1364 2607 ducit
1386 2522 1500 2608 ad
1463 2555 1533 2612 vtt-

87 2662 211 2725 tutem
227 2696 242 2744 ,
258 2665 295 2725 et
312 2668 357 2725 ea
371 2639 556 2754 quidem,
579 2664 623 2724 ut
646 2637 893 2723 Hesiodus
861 2661 912 2724 art
929 2637 1072 2754 ,longa
1096 2661 1135 2722 ιι
1157 2639 1276 2725 ardua
1292 2640 1534 2758 ,asperisque

87 2754 363 2843 difficultatibus
388 2756 592 2870 impedita.
625 2756 698 2841 Sed
725 2756 869 2841 ratione
897 2752 1124 2840 fortitudinis
1151 2756 1358 2871 explicata,
1376 2787 1534 2870 parum·

88 2902 185 2989 per,
201 2904 229 2959 st
219 2875 420 2983 videtur,
438 2875 486 2961 de
492 2872 774 3010 magnitudine
797 2872 911 2957 animi
937 2872 1154 2959 disseramus
1170 2935 1182 2979 ,
1197 2898 1244 2959 ut
1262 2873 1319 2959 his
1334 2873 1535 2964 virtutibus

92 2992 282 3108 cognitis,
300 3022 395 3109 quas
421 2993 569 3106 optimo
585 2989 689 3076 militi
704 2991 923 3096 tribuimus,
942 2990 1155 3107 propositae
1179 2989 1390 3109 quaestioni
1416 2991 1533 3086 finem

90 3108 297 3224 aliquando
325 3108 520 3196 faciamus.

145 3229 275 3312 XXV.
333 3228 618 3346 Intelligendum
645 3255 700 3315 est
724 3227 866 3345 igitur,
882 3253 929 3313 ur
944 3228 1108 3343 pecuniis
1133 3225 1360 3315 collocandis
1392 3228 1533 3347 duplex
1651 3227 1654 3232 ’

87 3343 203 3433 virtus
216 3348 530 3433 accommodatur
543 3409 555 3454 ,
570 3347 764 3432 liberalitas
773 3374 880 3463 ,qua
894 3376 1098 3462 parvorum
1113 3374 1158 3430 ac
1173 3347 1416 3432 mediocrium
1430 3381 1530 3434 sum·

86 3483 216 3548 tuum·
208 3463 530 3602 magnificentia,
546 3493 623 3578 qua
643 3493 870 3580 magnorum
892 3463 1221 3551 moderamentum
1238 3493 1277 3551 ιι
1293 3465 1398 3580 quasi
1424 3494 1529 3551 men
1514 3498 1721 3620 3333qu

87 3608 172 3666 sura
197 3584 440 3692 continetur,
456 3584 505 3668 sic
530 3582 723 3696 honorum
743 3581 973 3696 appetentias
993 3582 1138 3668 duabus
1165 3582 1363 3669 virtutibus
1385 3607 1527 3698 tempe
1537 3632 1575 3669 ιιι
1583 3633 1661 3680 parv
1664 3633 1719 3669 ιιιι

85 3696 184 3782 rari:
211 3728 371 3814 quarum
394 3729 494 3817 quae
516 3700 556 3785 in
582 3702 703 3816 parvis
729 3699 937 3785 honoribus
962 3724 1029 3785 aut
1055 3699 1303 3785 mediocribus
1333 3702 1496 3787 cernitur
1512 3682 1717 3810 ,ιὲιῖιιιιιιι“ῗ”

83 3817 276 3904 vocabulo
290 3819 474 3953 quidem,
492 3843 536 3904 ut
551 3817 657 3905 ιιιιιιιι
682 3814 835 3902 affectus
858 3815 990 3924 animi,
1006 3842 1145 3922 vacat,
1159 3817 1225 3903 sed
1248 3815 1527 3906 interdumno
1512 3763 1649 3922 llll?
1670 3812 1717 3862 ⁰⁹

84 3962 175 4019 men
197 3935 248 4019 ab
269 3934 439 4021 extremis
464 3962 684 4023 mutuatur:
703 3963 869 4050 quorum
901 3934 1058 4019 alterum
1085 3879 1242 4020 anibitio
1258 3933 1421 4040 dicitur,
1437 3965 1526 4025 cum

83 4078 190 4163 parva
178 4053 374 4139 honores
392 4052 473 4166 plus
495 4082 612 4190 quam
632 4052 881 4139 communiter
908 4050 1028 4139 solent
1044 4075 1328 4164 ,texpetunrur
1345 4055 1455 4168 quod
1470 4080 1527 4142 est

83 4195 245 4284 magnae
264 4170 447 4277 levitatis,
463 4176 585 4288 etqui
609 4172 685 4256 hoc
709 4170 810 4256 malo
827 4171 1001 4277 laborat,
1017 4114 1253 4255 ainbitiosus:
1272 4169 1429 4256 alterum
1452 4201 1523 4259 nec

83 4287 232 4372 Graece
255 4318 323 4374 nec
347 4233 480 4374 Latiire
509 4318 651 4376 nomen
677 4289 848 4395 invenit,
865 4289 931 4375 sed
958 4287 1024 4424 qui
1054 4285 1128 4370 hoc
1153 4285 1247 4373 vitio
1264 4284 1524 4398 delicitfaqr-

83 4400 235 4505 adorate
260 4407 390 4492 dicitur
404 4437 428 4491 a
441 4409 621 4515 Graecis,
637 4408 743 4522 quasi
769 4406 989 4540 negligens
981 4436 1020 4491 ιιι
1034 4403 1210 4510 honore,
1232 4433 1323 4490 narn
1337 4405 1414 4493 hoc
1428 4436 1524 4522 quo

80 4546 162 4632 que
186 4519 361 4607 vitiosum
387 4549 470 4630 est,
496 4550 539 4613 ut
564 4526 608 4611 sit
631 4552 778 4610 necesse
810 4523 1016 4610 medium
1007 4551 1172 4638 ipsorum
1202 4550 1226 4606 a
1255 4522 1394 4611 virtute
1427 4552 1523 4640 qua·

80 4637 173 4720 dam
200 4639 397 4752 possideri:
414 4671 492 4757 qua
506 4673 573 4760 qut
561 4642 775 4756 praeditus
789 4667 844 4727 est
858 4701 871 4744 ,
887 4665 980 4725 tunc
1003 4639 1187 4726 ambitiosl
1202 4640 1433 4776 vocabulum
1455 4672 1523 4728 su-

72 4751 148 4837 mit
166 4785 288 4860 ,cum
309 4757 455 4845 alterius
478 4760 630 4848 extremi
657 4757 938 4874 comparatione
964 4757 1163 4845 laudatur:
1184 4781 1277 4843 tunc
1302 4757 1344 4841 in
1369 4759 1518 4846 honore
1630 4811 1632 4815 ,
1687 4758 1688 4761 ‘

74 4817 325 5041 negligentis,
340 4876 380 4966 id
393 4901 475 4988 est,
499 4877 552 4974 τι
578 4877 819 4989 ιἰριλοτιμιυ,
835 4904 924 4962 cum
947 4875 986 4961 in
1015 4873 1197 4964 ambitiosi
1214 4873 1392 4967 invidiam
1410 4904 1521 4990 com·

134 4992 240 5078 Tam.
259 4993 328 5082 W.
911 4997 999 5084 Mna
1410 5021 1522 5081 men·
