4034 5858
658 369 862 449 tanen
912 373 977 444 ur.
1256 337 1260 343 ’
1430 388 1511 476 ςος

67 502 303 621 ri,ejusque
329 494 576 609 liberalitate,
593 529 693 620 quae
724 501 801 588 sine
825 500 961 617 opibus
982 528 1062 587 uon
1090 526 1327 618 praestatur,
1345 506 1403 592 uti
1432 536 1538 624 prae-²

72 627 229 743 cipiebat
247 656 255 709 :
271 622 362 709 illud
393 622 566 734 adjiciens
584 652 592 705 :
612 623 695 733 Qui
714 630 855 732 recipit
885 649 956 706 vos
972 681 987 729 ,
1003 650 1058 705 me
1074 634 1238 735 recipit:
1259 643 1297 710 et
1318 634 1383 734 qui
1399 655 1455 712 me
1472 640 1538 712 re·
1551 649 1643 706 moro.
1654 663 1696 710 m

72 756 193 863 cipit,
210 752 351 854 recipit
372 770 452 825 eum
469 748 562 848 ,qui
587 770 643 826 me
670 751 796 828 misit.
816 742 899 851 ,Qui
921 750 1060 858 recipit
1080 747 1300 861 prophetam
1326 753 1366 830 in
1393 755 1540 832 nomime

32 925 33 928 a
66 867 299 976 prophetoe,
327 866 528 946 mercedem
557 864 765 974 prophetae
799 868 992 971 accipiet:
1010 877 1047 945 et
1079 871 1144 970 qui
1174 873 1313 977 recipit
1329 867 1474 976 justum
1497 874 1539 951 io

70 994 212 1069 nomine
230 987 333 1094 justi
349 1042 363 1088 ,
379 985 578 1067 mercedem
599 986 701 1094 justi
717 991 901 1093 accipiet.
927 983 985 1065 Et
1006 990 1220 1090 quicumque
1247 981 1393 1074 dederit
1408 993 1473 1069 uni
1487 1013 1538 1073 etr

70 1229 156 1308 dicu
173 1226 283 1308 vobis
301 1286 313 1330 ,
328 1244 395 1306 uon
415 1225 551 1333 perdet
568 1226 768 1307 mercedem
794 1248 919 1306 suam.
950 1227 1044 1307 Non
1068 1221 1180 1339 igitur
1205 1223 1430 1339 pauperibus
1454 1249 1536 1311 tan-

69 1367 156 1428 tum
179 1344 301 1428 aditus
325 1341 444 1427 estad
462 1369 620 1458 regnum
644 1340 835 1428 caelorum
853 1403 866 1448 ,
882 1338 947 1425 sed
972 1341 1012 1426 iis
1027 1341 1140 1426 etiam
1159 1341 1275 1428 nihilo
1304 1342 1425 1429 minus
1441 1405 1454 1449 ,
1470 1343 1538 1459 qui

71 1490 255 1577 pauperes
283 1484 321 1546 et
352 1460 465 1573 iustos
492 1461 564 1546 suis
597 1461 733 1576 opibus
758 1459 953 1546 liberaliter
982 1456 1117 1545 fovent
1133 1492 1142 1546 :
1161 1485 1204 1548 ut
1232 1461 1333 1548 enim
1362 1462 1442 1548 illos
1458 1526 1470 1569 ,
1487 1463 1538 1547 sic

72 1581 144 1665 hos
172 1578 253 1665 fote
283 1580 321 1664 in
346 1580 406 1665 die
435 1579 559 1694 iudicii
585 1580 636 1666 ad
663 1580 854 1665 dextetam
874 1577 976 1683 Dei,
994 1578 1177 1692 pollicitus
1203 1607 1258 1666 est
1281 1581 1452 1668 Christus
1469 1643 1481 1686 ,
1498 1605 1538 1668 et

72 1699 268 1786 audituros
289 1698 339 1782 ab
362 1699 445 1812 ipso
472 1728 623 1783 summo
648 1698 794 1813 iudice:
822 1700 953 1782 Vemte
978 1699 1163 1782 benedicti
1180 1709 1312 1809 patris
1331 1709 1403 1784 mei
1420 1760 1434 1806 ,
1446 1719 1535 1810 pos·
1547 1748 1694 1808 mm„

71 1822 192 1903 ridete
213 1832 395 1927 paratum
419 1815 531 1900 vobis
559 1844 712 1926 regnum
740 1845 765 1900 u
790 1825 1044 1903 constitutione
1071 1821 1227 1904 mundi:
1255 1828 1404 1903 esurivi
1424 1829 1536 1924 enim,

70 1951 111 2020 et
130 1940 290 2021 dedistis
318 1937 410 2019 mihi
437 1940 659 2020 manducare
677 1968 686 2020 :
704 1945 843 2043 sitivi,
860 1954 898 2020 et
928 1942 1088 2020 dedistis
1118 1938 1211 2019 mihi
1244 1940 1371 2021 bibere
1388 1967 1397 2021 :
1415 1943 1536 2022 nudus

70 2081 177 2140 erum
193 2113 207 2160 ,
225 2069 263 2137 et
288 2062 535 2163 cooperuistis
552 2082 632 2137 me:
658 2060 839 2165 quidquid
861 2063 960 2139 euim
974 2054 1135 2161 fecistis
1161 2064 1226 2139 uni
1254 2085 1304 2139 ex
1327 2064 1417 2139 istis
1432 2056 1535 2162 fra·

70 2176 198 2257 tribus
222 2180 416 2277 minimis,
446 2175 538 2256 milti
553 2171 737 2280 fecistis.
767 2180 900 2290 Itaque
924 2174 1061 2258 Paulus
1075 2173 1325 2259 Timotheum
1341 2173 1446 2285 jubet
1462 2236 1474 2279 ,
1490 2199 1536 2262 ut
1547 2194 1651 2250 nmo.
1667 2201 1692 2250 ⁶-
1741 2217 1743 2221 ⁴

70 2291 247 2409 divitibus
276 2291 386 2404 hujus
412 2291 544 2378 saeculi
576 2294 804 2408 praecipiat,
823 2324 902 2379 non
937 2292 1082 2380 divitias
1110 2290 1267 2402 abjicere
1297 2288 1466 2403 (sciebat
1491 2322 1535 2380 e-

70 2408 174 2516 nim,
190 2435 235 2494 ut
251 2411 547 2525 Chrysostomus
570 2410 833 2527 interpretatur
851 2473 863 2518 ,
881 2409 1023 2497 divitias
1042 2439 1124 2496 non
1140 2439 1218 2495 esse
1233 2410 1452 2634 Pl0hlblt²s⁸l
1468 2414 1536 2500 sed

69 2554 154 2614 non
180 2526 326 2636 efferri,
346 2556 414 2615 non
437 2549 593 2639 sperare
621 2537 661 2612 im
690 2539 831 2614 incerto
862 2534 1115 2635 divitiorum,
1136 2531 1224 2612 bene
1251 2557 1393 2640 cgere,
1438 2537 1534 2614 acile

69 2650 263 2752 tribuere,
280 2664 317 2732 et
336 2658 624 2735 cummunicare.
658 2654 798 2764 Neque
822 2650 921 2733 enim
954 2648 1099 2734 divitias
1128 2647 1278 2762 expavit
1307 2647 1472 2756 Paulus,
1489 2672 1534 2734 ut

71 2764 196 2880 inquit
211 2769 445 2884 Augustinus
462 2830 475 2874 ,
492 2768 557 2854 sed
576 2769 754 2853 morbum
772 2767 985 2853 divitiarum
1003 2828 1015 2871 ,
1032 2767 1200 2870 horest,
1219 2766 1451 2881 superbiam.
1466 2769 1533 2852 Di·
1577 2795 1682 2852 ouem·
1703 2795 1732 2841 o

69 2883 186 2970 vitiae
216 2886 329 3001 igitur
359 2887 469 2972 bonis
498 2913 537 2972 ct
562 2886 780 2971 Christianis
812 2885 1027 2970 hominibus
1056 2908 1206 2969 tantum
1235 2887 1341 2971 abest
1359 2947 1372 2992 ,
1387 2909 1433 2969 ut
1458 2913 1531 2972 no*
1546 2855 1729 2962 ἕῖῗὲ.”””’

68 3027 183 3087 ceant
200 3064 212 3108 ,
231 3029 274 3088 ut
296 3006 500 3121 praebeant
525 3005 638 3090 etiam
663 3005 798 3090 multas
824 3005 874 3090 ad
902 3003 1080 3090 virtutem
1106 3026 1144 3088 et
1167 3001 1386 3120 religionem
1408 3003 1535 3091 colen-

68 3121 224 3209 damet
251 3125 507 3210 exornandam
534 3124 851 3211 commoditates:
870 3147 958 3207 sunt
986 3121 1087 3208 enim
1111 3120 1218 3236 quasi
1243 3147 1357 3238 caput
1383 3146 1422 3209 et
1448 3119 1535 3228 fons

20 3307 27 3313 .
66 3238 339 3329 beneficentiae
371 3269 411 3329 et
434 3244 658 3330 liberalitatis
676 3305 688 3349 ‚
705 3272 784 3360 qua
808 3271 989 3360 pauperes
1022 3240 1265 3326 sublevantur
1281 3263 1346 3347 ,et
1369 3242 1536 3357 magistri

69 3385 221 3443 motum
242 3389 287 3444 ac
310 3361 495 3480 religionis
520 3392 787 3478 sacrorumque
811 3359 986 3477 praefecti
1012 3359 1164 3444 aluntur
1181 3421 1194 3466 ,
1209 3360 1350 3476 templa
1376 3379 1536 3476 surgunt
1587 3363 1589 3367 '

65 3499 107 3561 et
123 3502 353 3566 exornantur
369 3541 382 3582 ,
397 3510 444 3566 ea
468 3480 744 3599 magnificentia
760 3482 948 3598 quaedam
965 3479 1124 3581 dotata,
1144 3502 1188 3564 ut
1203 3508 1335 3565 census
1349 3507 1430 3563 non
1446 3509 1537 3564 mo·

68 3593 124 3677 do
138 3597 383 3711 procurandis
398 3596 651 3716 faciendisque
676 3600 782 3686 sacris
798 3662 811 3707 ,
828 3626 868 3687 et
892 3601 1058 3716 ipsorum
1082 3597 1251 3684 ministris
1280 3595 1421 3683 alendis
1438 3594 1535 3684 suffi·
1633 3584 1645 3602 ’

66 3710 279 3817 ciant,scd
307 3719 493 3805 etiamad
528 3718 735 3806 multorum
765 3746 975 3835 pauperum
1008 3717 1252 3834 indigentiam
1281 3716 1532 3806 allevandam.

66 3831 149 3928 Qui
172 3860 303 3920 census
326 3839 354 3923 si
377 3839 426 3923 ab
449 3839 642 3955 Episcopis
666 3838 893 3955 quibusdam
925 3838 1049 3927 aliisve
1074 3836 1326 3923 sacerdotibus
1351 3836 1448 3923 male
1471 3837 1535 3924 ad·

64 3950 320 4041 ministrantur
337 4019 350 4064 ,
366 3956 434 4073 qui
461 3986 541 4042 non
558 3957 704 4044 domini
721 4019 733 4064 ,
750 3958 816 4046 sed
832 3957 939 4074 quasi
955 3981 1172 4075 quaestores
1196 3980 1234 4041 et
1261 3956 1532 4072 dispensatores

64 4096 154 4158 sunt
180 4073 507 4162 ecclesiasticarum
533 4102 654 4193 opum
671 4139 684 4183 ,
701 4076 795 4162 haec
822 4077 932 4192 culpa
960 4106 1111 4161 morum
1130 4136 1143 4181 ,
1159 4098 1202 4159 ut
1230 4100 1320 4161 ante
1347 4074 1533 4182 dicebam,

67 4209 151 4293 est,
168 4219 246 4276 non
272 4193 507 4283 divitiarum.
533 4197 632 4310 Justi
660 4196 761 4283 enim
787 4224 832 4282 ac
855 4194 1013 4313 religiosi
1030 4194 1205 4310 Episcopi
1234 4219 1273 4279 et
1298 4194 1531 4300 sacerdotes,
1579 4279 1584 4301 ,
1632 4294 1634 4301 y
1670 4302 1673 4311 .
1701 4290 1705 4303 ‚

65 4333 149 4419 quo
178 4308 351 4419 ditiores,
367 4314 444 4401 hoc
473 4317 672 4402 sanctiores
700 4332 787 4401 sunt
803 4377 815 4420 ,
834 4332 873 4401 et
904 4312 1126 4429 reipublicae
1153 4316 1273 4428 magis
1295 4311 1401 4398 utiles
1417 4312 1583 4424 ,plu-'''
1616 4307 1622 4321 ’
1691 4309 1703 4317 ”

59 4422 161 4508 rimis
187 4425 431 4538 hominibus,
464 4434 610 4548 pupillis
628 4496 640 4538 ,
657 4460 695 4518 et
720 4434 870 4539 viduis,
895 4432 1098 4549 egenisque
1125 4431 1253 4516 ceteris
1285 4429 1526 4517 ecclesiastica

59 4540 165 4628 bona
193 4546 326 4633 sedulo
358 4578 429 4666 pro
457 4551 524 4636 sibi
551 4552 751 4638 commisso
783 4579 938 4636 munere
968 4549 1242 4665 impartientes.
1508 4558 1513 4565 ’

118 4663 228 4749 ΧΧΙ.
289 4672 342 4752 Et
366 4665 537 4783 profecto
554 4669 777 4784 ,Ieopolde
794 4732 806 4775 ,
822 4670 852 4754 si
876 4669 987 4786 aequi
1018 4698 1096 4755 esse
1121 4668 1326 4772 volumus,
1347 4695 1417 4754 nec
1442 4694 1524 4754 stu-

56 4771 190 4887 diose,
208 4810 253 4871 ut
274 4784 459 4902 quidam,
476 4789 729 4875 sacerdotibus
746 4786 956 4874 obtrectare
977 4850 989 4894 ,
1005 4817 1239 4904 quamquam
1256 4787 1422 4900 ipsorum
1438 4787 1520 4903 qui·
1535 4770 1589 4883 Ei,
1602 4775 1722 4894 ‘lffilffi‘ij

1535 4907 1561 4943 et
1610 4896 1720 4954 ipsa-nm

50 4894 146 4989 'dam
161 4903 270 4993 bottis
295 4905 538 5000 ecclesiasticis
563 4909 766 4996 abutantur
781 4968 793 5017 ,
808 4905 901 4996 illud
923 4934 1052 4998 tamen
1078 4903 1249 4995 confiteri
1273 4932 1421 4991 necesse
1448 4929 1518 5030 est,
1532 4955 1721 5006 attributum,

79 5077 83 5081 .
143 5076 145 5079 -
1454 5053 1519 5110 eo·
