4034 5858
482 398 489 408 v·
534 366 730 470 onagro
757 354 826 435 au
853 368 1033 470 canoa.
1057 365 1102 432 v.
1452 370 1515 460 361

88 494 171 593 dini
189 497 407 585 examussim·
421 494 717 581 accommodatis
734 521 925 608 ,quorum
942 521 1063 577 unum
1077 490 1341 578 exsecrandum
1352 487 1389 576 in
1408 492 1543 607 primis,

88 619 180 733 ipsis
195 645 322 705 tamen
341 616 630 719 sanctissimum,
659 643 704 699 ex
722 641 803 728 quo
826 609 938 699 facilis
955 607 1065 697 fuerit
1081 613 1129 697 de
1153 610 1302 728 reliquis
1315 610 1543 724 conjectura,

89 767 168 822 non
188 735 298 823 fuerit
314 737 475 822 alienum
493 761 805 836 commemorare.

90 916 93 922 -
150 860 201 941 V.
263 860 431 940 Cautum
448 880 504 939 est
522 853 616 938 inter
632 859 668 936 T
671 881 774 936 urcas
791 911 804 958 ,
830 876 874 936 ut
891 879 971 936 non
987 850 1110 937 solum
1135 849 1313 935 intestato
1337 849 1413 936 sine
1428 850 1546 938 liberis
1560 929 1616 978 Rex
1642 933 1739 982 Tum·

88 973 355 1067 decedentium
382 975 483 1058 bona
513 972 618 1090 regio
641 969 731 1055 fisco
749 970 1037 1081 adjudicentur,
1071 969 1135 1054 sed
1152 969 1190 1052 in
1207 969 1312 1055 omni
1343 970 1547 1056 hereditate
1560 1001 1613 1036 rum
1630 990 1654 1038 ir
1668 992 1739 1041 omni

1575 1050 1715 1102 hereditate

85 1097 169 1181 Rex
194 1119 390 1208 tamquam
422 1122 519 1176 unus
550 1123 596 1176 ex
621 1090 809 1175 demortui
841 1087 920 1173 liliis
954 1090 1033 1204 pari
1065 1087 1195 1173 ceteris
1221 1089 1394 1202 portione
1424 1118 1546 1174 succe·
1560 1118 1685 1169 tamquam
1709 1129 1738 1162 u·

1497 1208 1505 1224 ,
1560 1181 1606 1217 nus
1623 1186 1654 1219 ex
1678 1175 1737 1225 filiis

84 1211 166 1298 dat.
200 1215 241 1296 O
258 1241 404 1298 novum
422 1240 541 1328 genus
556 1209 765 1326 tyrannidis
782 1271 794 1314 ,
811 1233 849 1293 et
866 1207 1217 1323 prioribussaeculis
1232 1202 1334 1321 apud
1353 1208 1546 1294 humanto
1559 1231 1741 1311 mammone

85 1361 144 1417 res
161 1356 292 1450 gentes
316 1330 555 1417 inauditum!
591 1332 631 1415 0
661 1329 854 1414 avaritiam
882 1326 1172 1414 intolerabilem!
1206 1330 1394 1412 Parumne
1424 1301 1686 1414 visumsucoe‘m'

83 1447 185 1556 filit,
217 1452 388 1536 omnium
407 1450 637 1565 municipum
655 1476 699 1532 ae
725 1446 978 1558 subjectorum
1005 1444 1175 1531 fortunas
1191 1470 1229 1531 et
1246 1445 1466 1560 patrimonia
1493 1447 1548 1533 lu·

85 1568 235 1674 dibri0,
258 1569 407 1683 quoties
423 1567 671 1672 collibuisset,
697 1596 802 1651 more
818 1590 991 1651 veterum
1010 1590 1259 1678 tyrannorum
1286 1565 1455 1672 habere,
1482 1567 1549 1652 nisi

85 1688 134 1775 de
153 1686 319 1774 nefanda
335 1687 466 1804 rapina
483 1714 521 1773 et
536 1684 762 1773 detestando
792 1683 989 1769 latrocinio
1015 1682 1218 1771 inviolabili
1235 1682 1317 1800 lege
1342 1696 1550 1771 caveretur?

83 1833 128 1892 ut
157 1807 279 1892 mirari
310 1806 521 1894 desinamus
546 1806 672 1910 ,inter
699 1809 842 1888 Turcas
859 1803 981 1888 nullos
998 1832 1075 1888 esse
1098 1807 1268 1916 Satrapas
1293 1864 1305 1907 ,
1332 1802 1453 1888 nullos
1474 1810 1555 1890 Tc·'

82 1927 280 2031 rrarchas,
316 1924 439 2011 nullos
467 1924 630 2040 denique
656 1953 701 2009 ea
731 1946 918 2038 potestate
934 1950 978 2006 ac
995 1921 1205 2039 dignitate,
1237 1948 1315 2035 qua
1344 1949 1432 2009 sunt
1448 1924 1550 2038 apud

85 2073 160 2142 nos
178 2043 349 2130 Comites
367 2106 379 2151 ,
397 2045 640 2130 Marchiones
657 2066 724 2128 aut
749 2047 875 2128 Duces
897 2040 1102 2157 appellati,
1132 2040 1199 2156 qui
1228 2038 1296 2124 sibi
1319 2070 1402 2126 eam
1433 2043 1552 2158 digni·

84 2185 203 2249 tatem
220 2163 325 2249 initio
351 2192 417 2278 per
432 2163 529 2247 clara
557 2159 722 2248 latinora
750 2186 1006 2277 pepererunt,
1038 2158 1140 2273 justis
1167 2188 1212 2243 ac
1243 2159 1411 2278 benignis
1439 2161 1552 2278 Regu

85 2281 159 2367 bus
174 2282 362 2399 egregiam
384 2282 563 2368 virtutem
577 2281 659 2396 pari
678 2281 846 2395 praemio
871 2279 1205 2365 remunerantibus.
1232 2279 1365 2393 Atque
1377 2278 1455 2363 talis
1469 2281 1552 2395 qui·

88 2399 178 2485 dem
196 2425 251 2486 est
267 2406 478 2485 Turcarum
508 2399 709 2504 conditio,
731 2399 951 2513 hujusmodi
982 2399 1123 2516 legibus
1152 2421 1191 2481 er
1221 2395 1391 2482 institutis
1417 2426 1552 2486 eorum

86 2518 293 2633 respublica
308 2519 573 2636 gubernatur.
601 2518 770 2613 Quodsi
788 2543 878 2613 ,tam
908 2518 1001 2604 dura
1027 2544 1082 2605 est
1105 2546 1238 2603 eorum
1269 2516 1453 2623 seruitus,
1487 2519 1554 2633 qui

86 2636 190 2731 bello
208 2663 373 2723 nostram
390 2637 597 2723 libertatem
625 2637 838 2743 lacessunt,
865 2661 904 2721 et
934 2637 1151 2755 religionem
1169 2661 1421 2753 oppugnant:
1457 2638 1551 2752 quid

85 2755 243 2841 tandem
262 2788 330 2844 vos
343 2786 488 2872 sperare
505 2781 684 2871 oportet,
702 2755 743 2861 si,
761 2756 869 2871 quod
882 2757 1096 2863 abominor,
1113 2785 1275 2841 essemus
1292 2783 1425 2842 eorum
1442 2756 1552 2842 armis

85 2873 302 3009 subjugati?
336 2900 403 2960 aut
427 2874 521 2991 quid
540 2875 640 2960 aliud
671 2903 832 2960 essemus
849 2872 989 2980 futuri,
1019 2906 1136 2991 quam
1156 2874 1287 2959 misere
1313 2876 1550 2961 servientium

85 2993 270 3109 mancipia
289 3051 303 3098 ,
331 3019 370 3080 et
384 2995 617 3109 abjectorum
634 3022 831 3080 servorum
847 2990 1074 3080 infelicissimi
1093 2992 1245 3080 vicarii?
1276 2995 1339 3080 Ad
1363 3025 1550 3080 summam
1680 3095 1685 3106 .

84 3109 232 3197 misellis
247 3110 303 3197 his
330 3109 492 3230 Judaeir
507 3112 752 3224 abjectiores,
772 3111 838 3228 qui
862 3113 957 3197 inter
974 3142 1044 3199 nos
1061 3111 1375 3230 peregrinantur,
1402 3143 1440 3200 et
1466 3144 1549 3224 quo
1561 3093 1741 3224 {ibiibi

84 3258 170 3315 rum
188 3254 244 3317 est
260 3254 330 3340 ,ut
351 3230 472 3347 inquit
498 3237 642 3346 po'e'ra,
665 3233 846 3342 cophinus
850 3230 1053 3339 fenumque
1070 3238 1248 3342 supellex.

95 3412 98 3421 .
145 3351 213 3433 Vl.
274 3351 346 3436 Sed
373 3351 466 3466 quid
491 3351 636 3468 agimus
664 3349 910 3457 coniecturis?
938 3355 1111 3437 Graecos
1140 3350 1237 3465 ipsos
1270 3378 1550 3466 percontemur,
1621 3384 1640 3421 ·

80 3496 252 3584 quorum
274 3468 436 3584 gemitus
455 3469 505 3555 ad
534 3499 603 3553 nos
639 3468 812 3584 quotidie
858 3495 972 3584 atque
1000 3470 1186 3584 lacrymae
1211 3467 1431 3557 deferuntur
1454 3474 1549 3557 taci-

86 3611 128 3671 te
151 3611 317 3672 nostram
334 3585 449 3675 fidem
466 3613 582 3703 atque
600 3619 713 3701 opem
731 3587 1037 3702 implorantium,
1053 3589 1203 3676 illorum
1219 3589 1435 3675 servitutem
1453 3593 1549 3677 mul·
1636 3664 1637 3667 a

88 3728 134 3789 to
156 3704 267 3791 etiam
292 3707 503 3823 graviorem
521 3705 701 3821 opinione
729 3732 857 3791 nosrta
887 3709 1134 3820 reperiemus.
1168 3712 1205 3792 A
1233 3708 1370 3824 quibus
1394 3737 1474 3796 non
1504 3739 1550 3796 ea

89 3823 212 3909 modo
227 3823 366 3911 tributa
389 3826 590 3943 exiguntur
611 3887 622 3932 ,
653 3827 819 3940 adquae
842 3826 1062 3941 pensitanda
1086 3827 1147 3916 vix
1174 3828 1329 3915 sudores
1352 3829 1547 3938 continui,

88 3968 128 4029 et
154 3943 369 4029 aerumnosi
398 3946 616 4031 miserorum
645 3944 790 4030 labotes
820 3940 1045 4050 sufficiunt,
1084 3947 1150 4032 sed
1177 3943 1338 4031 filiorum
1369 3947 1549 4065 dignitate

90 4060 189 4166 oris,
219 4063 387 4176 corporis
408 4063 661 4171 habitudine,
690 4092 734 4148 ac
751 4063 896 4151 virtutis
916 4064 1043 4152 indole
1078 4065 1374 4182 praestantissimi
1404 4067 1547 4184 quique

90 4179 142 4262 ab
158 4177 407 4268 infelicissimis
431 4184 675 4299 parentibus,
701 4182 837 4299 quibus
865 4213 914 4269 ne
944 4183 1071 4270 dolere
1098 4185 1263 4298 quidem
1279 4209 1407 4299 aperte
1435 4185 1547 4294 licet,

92 4297 358 4387 abstrahuntur
368 4365 382 4408 ,
398 4327 443 4387 ut
461 4301 630 4419 religioni
650 4301 885 4386 Christianae
901 4303 938 4386 in
956 4302 1109 4417 pueritia
1127 4303 1338 4388 renuntiare
1350 4304 1546 4422 compulsi,

90 4440 132 4502 et
148 4414 185 4497 in
211 4444 336 4502 errore
366 4421 643 4511 Mahumetaeo
659 4420 844 4526 enutriti,
876 4421 1031 4507 eumad
1061 4447 1223 4507 aetatem
1256 4422 1401 4510 militiae
1418 4453 1550 4538 perve-

3 4556 9 4563 ·
92 4532 246 4640 nerint,
276 4539 443 4625 satellites
467 4539 560 4625 fiant
589 4541 814 4656 Regiaeque
844 4539 1051 4653 tyrannidis
1067 4541 1244 4647 ministri,
1279 4543 1329 4628 ab
1363 4542 1445 4655 ipsis
1471 4545 1547 4627 Ge·

91 4661 218 4737 nizari
239 4659 464 4772 nuncupati,
482 4684 548 4764 et,
566 4688 653 4744 cum
671 4659 775 4743 bello
791 4658 1021 4764 lacessimur,
1046 4658 1233 4776 praecipui
1248 4661 1546 4746 Christianorum

91 4799 406 4890 oppugnatores.
435 4780 588 4863 Horum
613 4776 726 4892 igitur
743 4776 974 4863 durissimam
1005 4778 1081 4864 sine
1097 4809 1162 4893 spe
1192 4779 1364 4866 libertatis
1389 4779 1549 4864 seruitu-

94 4915 174 4976 tem
192 4953 204 4996 ,
223 4893 370 4985 'horum
388 4925 632 4987 aerumnosos
649 4896 794 4983 labores
809 4895 872 4986 vix
887 4896 939 4988 ad
969 4897 1068 4989 vitae
1086 4895 1285 4984 necessaria
1307 4921 1345 4985 ct
1374 4896 1548 4991 miserum
1626 4958 1634 4972 ·

98 5010 423 5103 ,samm
797 5012 800 5017 ’
970 5013 1115 5103 ⁴Zz
1321 5037 1325 5045 '
1479 5017 1583 5133 spi·.
