4034 5858
605 383 835 461 >urrann
867 382 950 457 nr.
1006 428 1012 439 -
1440 400 1508 484 325

91 515 188 608 darn
212 518 378 633 jamim
391 513 539 623 'fortiter
562 512 710 621 facete,
739 516 805 602 sed
832 514 1042 601 stultissime
1068 506 1173 632 pati,
1197 519 1288 603 Huc
1320 519 1446 634 iraque
1470 551 1542 607 va-

95 640 149 727 let
176 640 305 726 tritum
334 636 426 723 illud
447 636 543 721 inter
570 628 700 720 milites
726 637 886 722 verbum
903 695 916 741 ,
932 634 1161 722 vincendum
1177 665 1253 722 esse
1271 698 1283 742 ,
1300 663 1366 724 aut
1382 637 1544 723 morien·

96 759 189 851 dum
205 758 287 843 viro
303 753 416 858 forti,
435 777 480 838 ur
509 780 581 837 nec
601 752 742 838 mortis
756 751 870 840 timor
886 814 899 857 ,
916 781 986 837 nec
1002 753 1207 868 periculum
1226 756 1324 839 obsit
1341 816 1354 859 ,
1370 785 1452 868 quo
1468 757 1545 840 mi·
1651 802 1654 806 ,

94 903 163 961 nus
189 870 334 983 fortiter
363 871 614 984 actintropide
628 869 833 991 inimicum
856 900 1148 987 oppugnemus,
1167 900 1248 958 non
1270 896 1313 957 ut
1329 873 1465 959 viribus
1481 903 1545 959 ex-

93 992 261 1098 haustis,
279 994 322 1075 a'c
351 986 558 1103 utcumque
577 985 828 1103 'repugnandiv
849 987 1026 1073 facultate
1055 990 1229 1102 sublata,
1253 991 1354 1076 ultro
1381 1013 1544 1080 mortem

95 1136 353 1194 accersamus:
379 1109 489 1223 quod
511 1131 567 1191 est
586 1106 752 1190 ⁸hominis
775 1106 890 1219 plane
916 1105 1083 1218 stupidi,
1098 1107 1160 1195 vel
1185 1103 1369 1220 perfracto
1394 1109 1543 1196 anint'oa

93 1230 257 1321 Quanto
281 1226 382 1310 illudv
404 1224 551 1310 sanioris
561 1261 565 1291 1
578 1223 717 1308 mentis
739 1248 824 1327 est,
855 1245 893 1308 et
927 1222 1132 1339 integrioris
1157 1225 1270 1309 animi
1303 1226 1542 1316 inextrernis
1627 1258 1629 1271 ’

93 1345 199 1429 malis
234 1344 331 1428 bene
362 1353 534 1456 speraret
557 1340 687 1455 etqui
712 1340 866 1425 letaliter
893 1365 950 1426 est
982 1341 1221 1446 vulneratus,
1242 1343 1434 1460 desperata
1454 1373 1541 1432 cor-

94 1463 195 1575 poris
208 1492 229 1566 s,
252 1460 401 1546 animaex
420 1458 536 1544 salutis
553 1457 774 1561 consulere,
800 1457 860 1541 cui
881 1486 973 1542 veto
990 1487 1069 1572 spes
1095 1460 1219 1574 aliqua
1237 1460 1335 1546 vitae
1362 1488 1540 1576 superest,

94 1580 281 1666 emutare
305 1576 540 1663 :semelioti
557 1573 767 1660 fortunae(²
797 1572 913 1658 Multi
942 1576 1042 1659 enim
1059 1638 1070 1680 ,
1089 1606 1255 1692 quorum
1285 1579 1542 1694 exemplorum

93 1693 308 1811 plenarii
340 1696 395 1804 est
411 1718 549 1798 ,eumz5
568 1687 755 1776 infeliciter
785 1690 991 1806 aliquando
1025 1718 1283 1808 pugnassent,
1306 1725 1387 1781 non
1414 1699 1542 1786 solum

92 1816 236 1928 majore
249 1812 400 1900 uirtutis.
417 1807 797 1925 laudei'gnominiam
815 1808 985 1895 delevere
1002 1871 1015 1915 ,
1032 1812 1226 1897 sedetiam
1251 1815 1395 1928 optime
1412 1817 1459 1900 de
1475 1848 1541 1932 pa-·
1643 1809 1647 1820 ’

94 1932 244 2020 tria-sel
261 1928 450 2045 republica
478 1926 660 2013 merendo
686 1956 870 2014 summam
892 1926 1049 2043 gloriam
1073 1955 1159 2015 sunt
1173 1932 1386 2017 consecuti.
1418 1935 1541 2027 Quod

94 2050 240 2166 siquis
251 2042 683 2160 mortem-praeoptat,
711 2073 761 2129 ne
788 2044 897 2130 vivus
926 2041 1076 2129 infamia
1105 2071 1143 2132 et
1174 2044 1324 2134 infelicis
1344 2076 1456 2135 casus
1484 2082 1541 2138 re·

4 2157 13 2165 ’
93 2161 587 2276 εοςάιῑίοηεῐςοωίὶεἰκῑιιτ.>,
601 2158 775 2248 :similiter
806 2164 964 2248 omnino
990 2159 1077 2249 facit
1093 2225 1107 2269 ,
1123 2165 1249 2281 utqui
1275 2159 1454 2254 mortem'
1472 2170 1541 2256 sibi

93 2290 314 2395 consciscit,
338 2319 419 2404 quo
449 2284 605 2403 effugiat
633 2281 881 2405 calamitates:
910 2284 1018 2402 quod
1033 2282 1166 2369 'timidi
1189 2313 1281 2368 esse·
1298 2289 1540 2401 et'pros'rratl

92 2403 209 2491 animi
229 2396 358 2511 ,testis
371 2399 436 2491 *est
462 2402 549 2491 non
565 2395 963 2521 inodoAugustinus,
980 2403 1045 2488 sed
1066 2401 1174 2495 Plato
1204 2404 1314 2488 etiam
1338 2429 1376 2490 et
1392 2406 1538 2517 Aristo·

92 2522 206 2610 reles.
230 2531 314 2608 Nec
335 2547 463 2609 tamen
480 2520 591 2608 fuisse
608 2523 722 2607 miror
736 2580 750 2627 ,
766 2522 831 2636 qui
843 2521 1028 2606 Gusmani
1054 2520 1305 2635 imprudenter
1320 2535 1398 2626 ,ne
1414 2522 1537 2610 dicam

93 2641 230 2746 stulte,
244 2666 283 2728 et
308 2641 419 2754 impie
442 2637 587 2725 factum
602 2639 773 2726 laudibus
797 2636 997 2743 efferrent,
1015 2662 1056 2752 et
1073 2633 1231 2725 fortassis
1249 2669 1315 2726 ore
1331 2639 1444 2754 pleno
1460 2640 1535 2727 lau·

94 2759 259 2867 darent,
285 2786 365 2845 non
379 2756 514 2843 ‘solum
542 2752 724 2873 quoniam
754 2757 1007 2868 asolertibus=
1026 2756 1238 2843 hominibus
1261 2786 1370 2872 saepe
1399 2759 1536 2845 insania
1575 2786 1584 2793 ’

94 2874 194 2984 inter
216 2871 435 2962 insanientes
459 2875 740 2963 nonfinutiliter
755 2874 966 2982 simulatur,
982 2903 1030 2960 ne
1040 2900 1057 2979 ,‘
1068 2905 1166 2990 quos
1181 2875 1292 2960 animi
1309 2873 1461 2961 forsitan
1480 2898 1539 2987 rof

93 2994 202 3080 hore
216 2994 530 3112 intelligentiaque
556 2986 743 3078 excellunt
758 2992 835 3096 ,ab
866 2992 906 3078 iis
937 2993 1196 3110 magnitudine
1220 2994 1421 3081 verborum
1447 3010 1536 3083 cum

90 3110 220 3226 aliqua
249 3111 438 3228 popularis
466 3110 739 3196 existimationis
766 3109 1296 3225 jactura-superarivideantur
1314 3145 1322 3197 :
1340 3113 1534 3201 sedetiam

93 3229 187 3343 quia
212 3229 476 3316 multimilites
501 3252 608 3314 tanta
636 3227 837 3343 cupiditate
860 3228 976 3314 laudis
1005 3228 1178 3313 indomiti
1192 3229 1315 3314 acferi
1336 3230 1447 3314 animi
1463 3231 1534 3317 lla-

91 3371 235 3461 grant,
258 3355 310 3433 'ut
336 3346 461 3434 belluis
489 3345 738 3451 immanibus,
776 3338 897 3460 quarn
922 3345 1166 3459 prudentibus
1195 3371 1234 3432 et
1251 3348 1533 3461 'praestantibus

92 3463 309 3551 bominibus
334 3466 466 3560 similes
492 3489 657 3570 cresse,
682 3462 721 3549 'et
747 3463 880 3547 haberi*
899 3462 1028 3550 malint
1044 3525 1057 3567 ‚
1073 3463 1145 3567 ursi
1178 3458 1234 3551 vel
1263 3465 1378 3579 leonis
1403 3462 1532 3551 ferita-

90 3603 175 3666 tem
192 3576 399 3672 ‘virtutibus
427 3582 600 3670 humanis
624 3577 886 3696 praeferentes.
902 3572 1040 3694 v'Qua'ef
1054 3581 1271 3697 perniciosa·
1281 3602 1531 3698 perversaque

90 3700 247 3786 ambitio
271 3726 464 3817 =quantum
495 3699 590 3786 absit
617 3701 666 3785 ab
697 3728 741 3784 ea
758 3762 771 3805 ,
787 3727 903 3814 quam
930 3727 1038 3812 saepe
1065 3699 1150 3785 dico
1167 3750 1184 3804 ,¹
1202 3699 1458 3814 magnitudine
1485 3733 1531 3786 a·

89 3816 208 3921 nimi,
226 3820 310 3904 satis
327 3845 406 3924 est,
422 3844 466 3904 ut
483 3818 665 3921 arbitror,
682 3847 705 3900 a
721 3814 963 3930 nobis‘supra
979 3816 1228 3931 declaratum.
1260 3816 1343 3903 Alia
1358 3842 1414 3904 est
1428 3818 1530 3908 enirn

91 3934 325 4035 Sanmmuci
362 3938 497 4022 causat:
524 3936 594 4052 qui
624 3933 712 4022 licet
728 3930 887 4020 ='succiso
914 3931 1056 4019 femore
1082 3934 1122 4019 in
1151 3961 1259 4049 genu
1280 3934 1499 4054 concidisset
1513 3956 1536 4041 ,-

90 4054 328 4141 nontamen
357 4079 428 4140 nec
458 4050 630 4172 gladium
651 4052 865 4157 amiserat,
898 4074 980 4137 nec
996 4081 1100 4165 spem
1128 4075 1250 4166 posse
1269 4078 1308 4156 se
1322 4106 1324 4113 s
1340 4053 1534 4139 inimicum

89 4168 188 4253 male
211 4175 400 4289 accipe'r'e,
426 4171 454 4256 si
477 4172 536 4257 ille
561 4170 616 4256 ut¹
632 4171 757 4262 relator
780 4170 876 4285 pede
904 4168 1246 4286 largius-manante
1263 4161 1450 4286 ‘sanguine
1466 4171 1535 4285 *ad*

90 4285 520 4394 victoriam‘utebatur,
548 4289 597 4372 sic
623 4289 793 4373 cominus
814 4314 982 4403 pugnare
1004 4285 1215 4398 perrexisset
1229 4347 1238 4367 .
1251 4287 1535 4403 ’Quem‘pono'
1598 4336 1601 4342 v

90 4403 234 4488 exitum
265 4434 468 4492 certamen
484 4405 680 4511 habuerit,
705 4435 785 4491 non
806 4400 1005 4519 ignoratis.
1035 4401 1298 4489 Sancticrucius
1326 4406 1425 4491 enirn
1442 4418 1531 4512 'non‘

87 4516 178 4605 fecit
206 4520 266 4605 ille
292 4524 446 4639 quidem
477 4522 742 4626 deditionem,
774 4549 843 4604 nec
872 4545 1069 4604 tamen-se
1101 4548 1228 4633 passus
1262 4546 1317 4606 est
1346 4512 1527 4639 jugulari:

90 4636 326 4753 quamquam
353 4642 471 4728 victus
488 4636 609 4725 fuerit
634 4637 779 4725 Allonsi
804 4637 907 4722 ducis
930 4636 1097 4749 judicio,
1110 4631 1178 4751 qui
1192 4639 1304 4725 vvicto
1334 4641 1534 4726 consulens

84 4755 268 4868 paulatim
287 4757 472 4845 deficienti
486 4814 504 4862 ,¹
515 4782 555 4844 et
576 4756 650 4870 jain
675 4783 794 4869 paene
810 4783 952 4869 quasso
978 4756 1159 4871 'sanguine
1184 4757 1534 4871 pugnarn‘diremit,

98 4921 103 4930 ·
146 4876 285 4986 xuv,
345 4875 469 4999 Quod
495 4871 789 4992 autem-,quaeris
807 4873 856 4962 de
877 4871 960 4990 'spe‘
974 4873 1089 4966 divini
1118 4872 1239 4987 judicii
1268 4872 1417 4962 ineunt
1435 4875 1534 4985 ,qul

1444 5016 1528 5081 tur·
