4020 5864
530 422 532 426 ⁸
584 396 666 465 ⁴IN
698 389 1039 466 EusthJM.
1437 414 1502 482 555

101 565 108 578 ·
142 528 280 621 XVIII.
289 558 300 593 ··
324 529 409 615 ,Tu
422 550 549 613 tamen
565 520 750 637 plurimos
760 519 913 608 novisse
929 517 1091 607 affirmas
1106 521 1123 626 ,⁷
1150 518 1285 636 quibas
1308 517 1423 635 copiis
1443 552 1530 610 usus

82 654 135 742 sit
153 654 327 740 Albertus
347 649 432 733 Pius
448 644 631 758 ,aliquot
644 670 681 728 te
695 646 834 757 posse,
863 641 892 725 si
918 669 974 726 res
999 638 1194 756 postulet,
1221 638 1428 725 nominare.
1458 649 1523 729 An

81 773 173 876 tibi,
201 799 289 855 cum
312 766 444 873 jvirum
461 762 733 880 grauissimum
765 764 933 847 summae
958 758 1116 847 levitatis
1146 788 1250 846 reum
1281 752 1450 863 faceres,
1485 785 1526 848 et

80 916 194 1006 quem
220 915 353 976 omnes
379 886 500 970 sciunt
525 880 779 966 doctissimum
812 874 925 965 fuisse
950 904 991 964 et
1022 877 1264 995 elegantem,
1296 875 1373 993 ipse
1389 879 1524 966 rudem

78 1007 313 1108 litterarum,
340 1029 379 1089 et
392 998 675 1087 infamissimum
693 999 971 1102 contenderes,
998 1027 1078 1085 non
1095 997 1300 1085 videbatur>
1316 1025 1374 1084 res
1389 1027 1523 1112 posce·

79 1155 120 1212 re
135 1189 146 1232 ,
163 1149 206 1211 ut
234 1147 344 1211 testes
361 1121 422 1209 vel
445 1118 743 1237 quamplurimos
774 1118 1027 1234 produceres,
1068 1118 1313 1234 consciosque
1345 1118 1525 1234 proderes
1620 1198 1624 1203 ,

81 1240 244 1349 omnes,
264 1238 320 1326 'ne
334 1268 414 1326 non
431 1263 559 1353 aperte
580 1236 824 1342 calumniari,
849 1235 915 1322 sed
949 1236 1083 1322 veru'm
1100 1237 1238 1323 crimen
1260 1237 1421 1350 objicere
1445 1264 1525 1323 cre⁴

81 1359 243 1448 dereris?
271 1360 345 1446 Sed
372 1359 453 1476 quis
467 1383 546 1445 ram
566 1356 671 1441 rudis
696 1383 752 1442 est
764 1417 777 1463 ,
793 1381 943 1464 utnon
967 1381 1147 1471 agnoscat
1172 1353 1392 1442 artificium?
1421 1357 1523 1442 Cum

82 1476 270 1565 neminem
303 1476 391 1565 v‘ere
416 1504 568 1592 posses,
595 1474 742 1591 aliquot
777 1499 815 1563 tc
845 1473 1042 1559 nominare
1071 1503 1205 1588 posse,
1234 1476 1262 1560 si
1289 1504 1346 1562 res
1364 1500 1524 1592 poseat,

80 1594 273 1713 scripsisti,
307 1624 368 1682 me
383 1625 504 1681 unum
518 1593 732 1679 nominasti.
764 1593 800 1677 si
814 1592 883 1677 ³res
910 1592 1118 1707 poscebat,
1145 1621 1212 1678 cur
1235 1618 1379 1680 ceteros
1396 1595 1525 1681 tacui·

81 1716 156 1802 sti?
185 1717 248 1802 Sin
276 1743 355 1799 non
385 1714 564 1838 poscebat
579 1773 601 1813 ,2
616 1713 683 1796 cur
698 1777 702 1787 .
716 1711 782 1820 me
802 1711 1033 1797 nominasti?
1060 1711 1209 1824 Subjicis
1231 1713 1524 1823 enim,Septul·

81 1839 217 1918 vedum
236 1829 335 1919 nemo
354 1830 542 1916 ronnrvr't
558 1834 685 1914 virum
700 1835 912 1935 >eruditum
927 1839 967 1913 εἰ
982 1833 1278 1924 beneuartnam.
1297 1831 1420 1928 Quod
1435 1859 1524 1917 cum

82 1951 250 2070 legissem
268 1948 373 2060 ,stibi
397 1948 603 2066 equidem,
631 1955 784 2037 Erasme
800 1974 1018 2065 ,magnam
1046 1948 1162 2033 habui
1190 1949 1352 2066 gratiam
1378 2007 1392 2052 ‚
1414 1950 1524 2064 quod

82 2071 139 2159 vir
155 2067 281 2157 tanttts
306 2099 369 2155 me
382 2069 521 2184 aliquid
550 2067 717 2153 didicisse
747 2091 901 2153 testatus
910 2068 1052 2171 sis,et
1069 2066 1206 2152 Latine
1223 2096 1300 2152 non
1326 2063 1524 2183 ignorare3

81 2188 149 2275 sed
171 2188 293 2275 multo
322 2187 501 2300 majorem
522 2184 764 2288 habiturus,
779 2182 783 2193 ’
798 2185 826 2268 si
852 2185 1108 2270 testimonium
1134 2185 1232 2271 istud
1258 2185 1380 2270 minus
1402 2185 1524 2272 alieno

82 2305 175 2391 loco
200 2307 288 2390 mihi
318 2305 561 2419 contigisset,
595 2330 665 2385 nec
692 2330 753 2385 me
770 2299 898 2411 ineius
922 2301 1110 2390 invidiam
1127 2298 1313 2388 laudasses
1330 2364 1341 2410 ,
1359 2303 1420 2387 cui
1435 2332 1523 2420 ego,

86 2420 321 2538 quamquam
340 2423 379 2505 in
401 2419 678 2532 eisdematqae
701 2418 1071 2507 ile-studitsmuttos
1085 2446 1205 2505 annos
1230 2445 1310 2506 non
1336 2420 1527 2537 negligen·

86 2564 144 2626 ter
159 2538 478 2633 fiterim‘versarus
493 2599 513 2644 ,-
536 2562 683 2650 semper
707 2537 968 2654 tamenlonge
992 2534 1174 2649 majorem
1188 2539 1462 2644 eruditionem,
1479 2565 1526 2628 -et

82 2659 241 2744 Latinae
270 2657 419 2774 linguae
441 2655 608 2771 peritiam
622 2654 801 2742 concessi.
830 2656 903 2740 Vel
920 2654 1109 2772 me‘igitur
1124 2660 1244 2743 tacere
1260 2655 1530 2752 debebas-cum

83 2777 276 2892 reliquis„
310 2773 370 2862 vel
396 2803 529 2860 omnes
560 2778 728 2858 mecum'
744 2773 950 2860 nominare.
982 2777 1085 2888 Nam
1113 2772 1263 2860 currite
1294 2774 1526 2891 potissimum

86 2894 362 2980 nomi-nandum
379 2893 546 3008 putasti?
575 2889 638 2977 Aa
655 2890 807 3006 quiade
824 2920 885 2976 me
909 2893 1025 3008 magis
1044 2918 1242 2999 constare,
1265 2918 1304 2979 et
1331 2923 1392 2978 me
1408 2925 1526 3011 quam

84 3008 429 3098 ceterosnotiorem
445 3006 523 3096 esse
538 3009 749 3095 credidisti?
777 3036 891 3125 negas
907 3010 1007 3095 enim
1024 3039 1124 3128 mea
1149 3040 1347 3127 quoquam
1376 3011 1526 3129 ignora·
1618 3082 1624 3096 .

85 3127 130 3214 ri.
160 3126 254 3215 Non
270 3127 445 3245 equidem
459 3123 628 3231 infitior,
660 3133 801 3213 nomen
812 3154 945 3213 ‘meum
964 3128 1016 3212 ob
1032 3128 1178 3242 aliquos
1196 3157 1299 3215 meos
1323 3130 1470 3216 labores
1486 3132 1526 3218 in

85 3245 213 3333 studio
230 3247 432 3333 litterarum
444 3307 462 3352 .,
492 3270 572 3338 non
589 3244 744 3362 quidem
768 3266 847 3329 tant
863 3244 1010 3352 multis,
1043 3273 1161 3361 quam
1176 3271 1219 3345 tu
1235 3247 1316 3354 ais,
1345 3249 1410 3336 sed
1426 3275 1525 3342 certe

85 3391 166 3451 non
184 3362 396 3457 admodum
414 3364 561 3480 paucis,
576 3363 797 3448 innotuisse.
830 3414 832 3424 ι
1263 3363 1265 3367 ’
1338 3425 1341 3433 »
1454 3382 1456 3386 ’
1510 3390 1516 3427 ³

148 3486 255 3569 XIX.
318 3478 499 3570 'Ceterum
519 3510 599 3597 quo
628 3508 690 3566 me
720 3479 841 3594 plures
872 3503 1099 3587 noverunt,
1129 3478 1204 3567 hoc
1233 3482 1394 3601 plurium
1422 3485 1526 3570 testi·

85 3597 219 3684 monio
259 3596 405 3688 vanitas
429 3600 533 3699 istius
547 3594 819 3683 criminationis
843 3595 950 3695 ltaud
980 3599 1094 3686 dubie
1119 3595 1365 3687 convincitur.
1398 3607 1527 3690 Nemo

85 3715 189 3803 enim
206 3714 277 3803 me
287 3712 426 3822 novit,
451 3714 671 3834 quinescifat
695 3714 788 3801 'toto
813 3743 863 3800 eo
889 3741 1095 3832 tempore,
1119 3749 1200 3834 quo
1226 3723 1395 3806 Lutetiae
1421 3721 1459 3804 in
1486 3747 1527 3808 te

83 3831 499 3940 antebarnlbmas,
513 3864 588 3920 xnae
603 3839 777 3939 Romae,
802 3856 872 3919 aut
886 3859 985 3921 certe
1001 3836 1039 3921 in
1069 3837 1171 3922 Italia
1200 3834 1331 3924 fuisse:
1363 3837 1472 3955 quod
1489 3866 1527 3926 te

84 3948 320 4070 magnopere
338 3954 458 4054 miror
480 3948 561 4039 non
576 3951 908 4058 animadvertisse,
937 3981 1025 4040 cum
1042 3953 1127 4040 talia
1152 3957 1311 4068 prodere
1326 3958 1528 4044 inducebas

87 4071 283 4159 animum:
313 4100 402 4158 nam
419 4100 499 4159 non
515 4072 703 4189 ignorasse
725 4095 869 4157 certum
886 4070 1024 4158 habeo.
1058 4072 1215 4158 Memini
1245 4076 1344 4159 enim
1378 4076 1527 4160 Placen·

83 4182 191 4293 riae,
216 4191 307 4278 cum
318 4187 829 4306 eopervenis'settr'anciscus
843 4185 1088 4307 Quignonius
1106 4214 1253 4277 sanctae
1282 4191 1411 4277 Crucis
1437 4192 1529 4308 Car·

77 4296 223 4392 ¹dinalis
249 4308 415 4427 ,quem
442 4307 648 4394 litterarum
684 4309 764 4394 ac'
785 4306 908 4394 omnis
939 4307 1083 4396 virtutis
1113 4304 1299 4396 fautorem
1337 4311 1529 4429 egregium

79 4419 244 4513 '‘Stunie'a
273 4453 313 4514 et
341 4422 425 4544 ‘ego
456 4428 706 4544 sequebamur
727 4426 779 4511 'in
809 4423 996 4544 legatione
1013 4426 1104 4543 illa,
1145 4456 1221 4544 qua
1261 4455 1348 4516 cum
1380 4431 1531 4518 duobus

92 4538 265 4682 collegis?
284 4566 343 4630 ex*
360 4573 466 4631 more
510 4543 760 4631 aelemente
790 4541 972 4631 Pontifice
992 4540 1183 4631 'Maximo
1208 4549 1361 4635 obviam
1389 4547 1531 4634 Carolo

75 4653 251 4781 ‹Calestttiv
276 4657 518 4767 mittebatur,
547 4658 689 4748 litteras
700 4663 882 4778 quasdam
901 4687 984 4751 tuas
1005 4663 1167 4770 vidisse,
1196 4668 1332 4784 quibus
1352 4667 1432 4752 viro
1449 4695 1533 4752 eru·

75 4775 348 4900 editoresque
384 4779 651 4866 studiosissimo
688 4777 847 4867 Allonso
889 4783 1067 4872 Valdesio
1109 4786 1274 4872 Caesaris
1306 4815 1329 4871 a
1362 4785 1532 4891 secretis,

72 4896 146 4995 ad
162 4892 469 5018 eam·epistolam
485 4898 766 5017 respondebas,
790 4901 922 5018 inqua
950 4896 1028 5021 ipse
1043 4904 1092 4993 ad
1122 4929 1160 4991 te
1187 4903 1303 5022 paulo
1331 4928 1420 4991 ante
1449 4903 1537 4989 scri·

71 5036 139 5108 υἱ
809 5023 956 5109 Aaou
1160 5111 1161 5115 ,
1465 5048 1546 5140 pse·
