4020 5864
506 404 575 478 540
794 391 863 461 DE
885 392 1014 462 FATO
1036 393 1101 463 ET
1122 392 1302 464 LIBERO
1330 390 1570 465 huurrulo

483 517 622 596 caetum
644 527 680 597 et
695 525 869 618 terram,
899 519 996 622 qnod
1017 522 1278 628 proposuerim
1303 516 1415 600 nobis
1441 522 1563 599 bitom
1589 527 1628 599 et
1652 525 1852 616 mortem,
1880 515 1930 600 bo

484 635 722 716 indictionem
741 649 779 716 et
795 640 1098 719 maledictionem.
1123 637 1235 744 Elige
1250 661 1340 744 ergo
1353 640 1488 738 viram,
1504 647 1547 717 nt
1560 639 1695 718 minas.
1715 635 1771 716 Et
1794 634 1932 717 Zacha-

488 747 563 835 riae
581 780 590 834 :
624 751 894 835 convertimini
910 757 962 836 od
976 764 1031 835 me
1048 816 1061 858 ,
1076 822 1078 826 ,
1095 761 1152 836 nit
1170 759 1354 837 Dominus
1383 759 1641 857 exercituum,
1676 763 1715 831 et
1735 768 1934 835 convertm

344 915 402 975 op.
418 926 446 976 3.
488 872 542 959 td
559 896 643 953 vos.
675 875 726 954 Et
741 872 890 982 Jonae:
920 870 1172 955 Convertuntur
1202 878 1270 954 vir
1297 877 1409 956 ovio
1432 895 1502 954 sno
1516 874 1647 972 moin,
1675 882 1714 949 et
1739 869 1791 949 ab
1804 875 1933 976 iniqni-

491 1001 598 1092 tnte,
623 1014 719 1094 qnae
743 1007 801 1072 est
817 999 858 1071 in
873 993 1041 1072 monibus
1054 1016 1192 1074 eornm.
1223 989 1277 1071 Et
1293 992 1395 1073 vidit
1409 989 1521 1072 Dent
1535 1008 1650 1097 opera
1669 1011 1802 1070 eornm
1820 1045 1833 1088 ,
1848 996 1930 1093 qnia

369 1158 374 1163 „
493 1116 669 1193 conversi
698 1123 783 1190 sont
805 1113 850 1190 de
877 1116 948 1191 eia
980 1135 1051 1191 sna
1076 1114 1201 1194 'moins
1235 1121 1273 1191 et
1297 1116 1472 1190 misertus
1498 1121 1556 1188 est
1578 1107 1713 1187 Deus.
1749 1101 1809 1189 Et
1824 1104 1934 1190 iliter

331 1271 418 1325 noer.
429 1283 465 1334 19.
495 1227 617 1309 Novo
633 1249 887 1311 testamento:
917 1227 969 1308 Si
990 1234 1057 1311 nis
1086 1220 1136 1313 nd
1165 1233 1286 1309 vitam
1316 1229 1497 1333 ingredi,
1523 1248 1641 1306 serva
1663 1225 1862 1306 mandato.
1890 1229 1936 1308 Er

329 1330 407 1397 Μ
420 1348 442 1387 ¹·
495 1340 609 1461 qlibi:
641 1344 764 1426 Dedit
792 1352 849 1426 eis
871 1358 1093 1452 potestatem
1108 1340 1216 1442 filios
1241 1347 1321 1427 Dei
1325 1341 1450 1440 fieri:
1482 1365 1527 1424 ut
1555 1365 1680 1425 cetera
1708 1369 1800 1425 non·
1826 1340 1936 1426 minus

496 1483 626 1575 aperta
652 1458 735 1545 loca
762 1485 1018 1573 praeteream,
1051 1462 1187 1577 quibus
1211 1486 1268 1547 est
1289 1461 1468 1574 scriptura
1495 1457 1623 1547 divina
1643 1454 1804 1543 referta.
1832 1461 1936 1545 Adde

498 1603 559 1663 tot
586 1604 811 1694 praecepta,
837 1603 897 1665 rot
925 1580 1235 1684 adhortationes,
1264 1577 1651 1692 dehortationcsque,
1684 1576 1828 1690 quibus
1855 1636 1870 1683 ,
1900 1603 1939 1663 ur

500 1696 725 1803 docuimus,
754 1727 966 1813 numquam
991 1703 1095 1784 Deus
1126 1726 1244 1782 sacras
1274 1697 1440 1804 litteras,
1467 1725 1561 1811 quas
1577 1698 1628 1781 ad
1656 1694 1856 1780 hominum
1886 1694 1938 1779 in·

492 1814 729 1906 ¹stitutionem
754 1838 902 1901 constat
917 1843 994 1900 esse
1022 1816 1071 1900 ab
1087 1816 1224 1930 Spiritu
1239 1840 1369 1901 sancto
1393 1838 1589 1917 exaratas,
1612 1812 1832 1926 replevisset
1848 1871 1863 1920 ,
1878 1812 1939 1899 nisi

493 1959 596 2019 recte
614 1995 626 2037 ,
644 1964 694 2018 an
710 1962 813 2018 secus
833 1933 1002 2018 homines
1015 1960 1160 2050 agant,
1194 1933 1231 2018 in
1248 1933 1414 2048 ipsorum
1438 1959 1533 2018 essct
1548 1955 1759 2045 potestate.
1934 2028 1938 2041 ,

492 2103 494 2107 ·
557 2051 705 2136 XXXI.
765 2050 851 2135 Pari
870 2050 1014 2136 ratione
1038 2054 1067 2137 si
1096 2051 1312 2166 sophisma,
1341 2051 1504 2167 quoda
1534 2050 1608 2134 Dei
1634 2050 1939 2178 praecognitione

497 2193 717 2260 cunctarum
750 2196 873 2254 terum
896 2170 1147 2256 necessitatem
1168 2168 1341 2284 colligere
1366 2168 1550 2271 molitur,
1581 2167 1779 2271 relellere,
1809 2197 1936 2282 quam·

498 2315 615 2404 quam
632 2315 743 2400 supra
771 2315 827 2373 est
858 2313 882 2369 a
910 2287 1019 2372 nobis
1041 2287 1150 2401 plane
1174 2312 1214 2371 et
1243 2310 1372 2401 aperte
1388 2282 1623 2390 refutatum,
1653 2310 1696 2371 et
1714 2285 1786 2399 jam
1800 2286 1937 2400 pridem

490 2408 684 2490 v‘consensu
707 2404 1006 2490 doctissimorum
1038 2404 1237 2490 hominum
1266 2403 1445 2510 reiectum
1471 2463 1485 2510 ,
1515 2405 1545 2489 si
1573 2431 1712 2490 tamen
1737 2403 1936 2520 ignorantie

498 2517 628 2629 forte,
657 2546 724 2607 aut
738 2521 876 2641 ingenii
904 2522 1078 2609 tarditate
1100 2522 1187 2607 huic
1218 2523 1338 2610 verbis
1359 2549 1582 2628 occurrere,
1614 2545 1656 2607 et
1686 2523 1863 2610 oratione
1893 2551 1938 2608 re

498 2634 620 2727 furate
646 2639 821 2729 nescirem
833 2659 851 2743 ‘;
877 2640 926 2727 sic
941 2640 1031 2748 tibi,
1050 2640 1242 2746 Marrine,
1271 2641 1563 2756 responderem:
1589 2640 1817 2733 Quomodo
1845 2647 1938 2727 Deus

500 2754 626 2845 futrum
650 2784 946 2879 praecognoscat
969 2822 981 2867 ,
1014 2759 1161 2848 nescio:
1188 2760 1199 2845 i
1226 2758 1298 2846 sius
1327 2759 1582 2879 praeeognitio
1616 2787 1741 2873 quam
1773 2760 1850 2848 vim
1880 2760 1938 2846 ht·

500 2877 590 2964 beat
605 2940 617 2985 ,
634 2878 797 2995 ignoro:
829 2879 903 2966 hoc
916 2904 1019 2967 certo
1035 2883 1141 2988 scio,
1172 2792 1350 2997 plitaqu‘e
1371 2879 1449 2966 fieri
1464 2878 1761 2994 contingenter:
1792 2878 1938 2964 liberam

320 3041 325 3049 ·
447 3030 449 3033 ·
499 3023 578 3082 esse
604 2997 802 3086 hominum
827 2998 1094 3106 voluntatem,
1126 3024 1165 3086 et
1196 2999 1246 3083 in.
1259 3000 1559 3115 quibuscumque
1594 2998 1712 3083 rebus
1753 3023 1937 3102 versatur,

498 3143 621 3230 acque
635 3143 711 3202 sese
725 3115 765 3202 in
782 3134 981 3233 utramque
1012 3144 1157 3233 partem
1184 3115 1334 3204 flectere
1352 3145 1486 3233 posse:
1517 3145 1641 3203 tetum
1670 3114 1848 3204 videlicet
1863 3147 1934 3222 usu,

509 3259 554 3318 ac
583 3232 796 3321 indubitatis
818 3237 1073 3349 experimentis
1097 3236 1284 3342 edoctus,
1305 3260 1530 3324 cunctorum
1557 3261 1739 3321 sensuum
1761 3236 1934 3322 adductus

499 3376 755 3467 argumento,
778 3354 947 3439 omnium
979 3354 1177 3440 hominum
1201 3355 1404 3440 doctorum
1437 3379 1477 3440 et
1499 3353 1746 3440 indoctorum
1787 3353 1931 3466 judieio',

498 3468 575 3555 hoc
590 3495 675 3575 est,
699 3471 781 3586 lege
805 3495 960 3556 naturae
976 3472 1015 3556 in
1037 3474 1170 3559 eadem
1187 3473 1370 3558 sententia
1384 3470 1628 3557 confirmatus
1649 3531 1663 3574 ,
1695 3471 1789 3587 quia
1808 3470 1933 3577 video,

498 3587 626 3675 sinon
644 3588 688 3674 sit
711 3616 810 3705 vaga
829 3588 1018 3706 liberaque
1036 3616 1164 3677 nostra
1181 3590 1384 3695 voluntas,
1412 3618 1489 3677 esse
1505 3613 1659 3675 cunctas
1687 3589 1793 3706 leges
1818 3616 1933 3705 super

499 3702 714 3815 incantas,
740 3735 840 3822 quae
854 3710 1020 3821 petenda
1046 3710 1215 3824 justaque
1230 3707 1515 3823 praescribunt,
1542 3708 1592 3793 ab
1615 3708 1802 3822 oppositis
1829 3709 1934 3796 dener·

389 3842 392 3849 “
498 3847 582 3909 tent
613 3852 658 3909 ac
691 3825 962 3911 dehortantur:
993 3827 1126 3913 ludum
1156 3854 1233 3911 esse
1267 3824 1482 3912 mortalium
1497 3824 1645 3931 vitam,
1674 3851 1717 3912 et
1729 3823 1934 3940 perfecisse·-

500 3970 607 4026 mum
625 3940 839 4026 animalium
857 3943 1052 4029 hominem
1073 3945 1123 4031 ad
1138 3942 1337 4030 ludibrium
1354 3973 1431 4032 esse
1446 3967 1579 4032 natum
1594 3973 1604 4027 ι
1622 3944 1850 4058 prudentiae
1861 3942 1935 4032 nul—

496 4055 576 4144 lum
593 4058 719 4144 locum
747 4059 905 4175 relinqui
923 4092 932 4145 ε
963 4063 1080 4175 perire
1096 4063 1248 4148 virtutes
1279 4093 1441 4171 omnes,
1464 4089 1503 4150 et
1519 4092 1643 4150 secum
1661 4061 1800 4151 iaudes
1826 4062 1935 4150 interi

498 4178 772 4282 mere,-nullum
788 4176 998 4293 quamlibet
1014 4205 1124 4294 turpe
1140 4177 1280 4266 facinus
1296 4183 1435 4269 crimen
1451 4211 1542 4290 esse,
1556 4179 1644 4268 nihil
1658 4184 1776 4295 quod
1790 4181 1870 4294 jure
1883 4211 1936 4269 ve

498 4292 571 4380 leat
585 4296 813 4410 vituperati:
836 4297 1147 4384 consultationem
1166 4299 1364 4386 hominum
1389 4330 1465 4388 esse
1481 4330 1630 4416 prorsus
1643 4298 1850 4387 inutilem:
1880 4331 1935 4415 po

498 4436 637 4497 stremo
650 4418 775 4499 Deum
792 4438 830 4498 et
846 4441 1032 4521 naturam,
1048 4444 1070 4498 a
1086 4416 1222 4532 quibus
1236 4413 1369 4505 frustra
1385 4419 1475 4505 nihil
1490 4416 1586 4505 effici
1601 4443 1772 4525 constat,
1791 4417 1934 4536 nequid

498 4558 615 4644 quam
632 4530 843 4616 hominibus
864 4534 1030 4619 tribuisse
1053 4533 1132 4622 vim
1156 4535 1427 4643 consultandi,
1453 4566 1570 4653 quam
1598 4536 1627 4622 si
1651 4537 1740 4651 quis
1763 4569 1789 4622 a
1816 4562 1932 4626 natm

498 4647 714 4734 mortalium
731 4644 907 4755 auferat,
934 4651 961 4736 is
979 4679 1054 4769 ego
1081 4681 1161 4738 non
1185 4652 1300 4740 video
1318 4715 1332 4762 ,
1350 4656 1554 4771 quomodo
1582 4655 1700 4772 possit
1729 4656 1932 4748 humanu

443 4800 446 4804 *
496 4787 573 4850 tem
591 4766 629 4850 in
647 4765 859 4853 hominibus
883 4767 1103 4884 relinquere.

554 4886 703 4971 XXXII
760 4887 868 4973 Haec
886 4884 964 4979 fere
980 4886 1098 4998 mihi,
1122 4912 1227 5006 patet
1241 4891 1477 5010 gravissime,
1493 4893 1719 4984 monentem
1733 4914 1928 4995 vendunt,

1847 5036 1932 5133 quae

329 738 391 798 Cap.
410 745 432 782 ι.
