4034 5858
526 414 594 483 DE
625 409 773 504 JUSTIS
800 409 933 479 BELLI
956 404 1128 491 CAUSIS,
1449 431 1512 502 34¹

96 525 217 644 tima,
248 562 286 625 et
309 536 466 653 Joannis
491 533 648 649 Maioris
676 564 718 639 4.
735 540 1000 615 sententiarum
1022 537 1111 615 dist.
1135 561 1206 638 44.
1235 561 1275 648 q.
1296 563 1332 643 3.
1355 533 1422 648 qui
1449 535 1546 622 hanc

99 656 140 744 in
166 601 342 742 birbaros
359 653 637 788 expeditionem
655 651 878 736 nominatim
895 651 1056 764 probat.

88 830 92 837 ·
158 778 265 860 XlV.
325 777 434 871 Quas
450 772 613 857 rationes
644 795 758 885 atque
774 770 926 855 decreta
950 793 1096 853 secutus
1126 767 1335 853 Alexander
1350 772 1416 855 Vl
1447 776 1599 908 PapaVI
1595 793 1741 902 ⁸¹⁸¹²1uii¹i¹i¹

88 889 204 980 ·anno
216 893 361 978 Christi
384 921 509 1000 1493.
472 889 737 999 3fernando
753 912 792 973 et
817 887 990 973 isabellae
1014 887 1180 1001 Regibus
1206 886 1368 1022 nostris,
1392 889 1442 973 ab
1471 893 1546 976 exi·
1563 854 1623 1018 pin
1620 855 1712 972 inere
1714 927 1740 962 m

99 1011 177 1097 mia
194 1013 383 1143 religione
398 1007 600 1097 Catholicis
615 1005 918 1122 cognominatis,
947 1006 1144 1089 oraculum
1157 1030 1196 1089 et
1211 1007 1431 1090 sententiam
1456 1010 1578 1138 sedisg
1563 971 1739 1081 “e'r
1706 987 1739 1033 εἶ’

100 1128 383 1244 Apostolicae
375 1152 476 1243 Juxta
499 1127 635 1212 tradita
650 1131 766 1209 Deut.
790 1153 857 1225 17.
883 1148 920 1207 et
944 1150 978 1206 c.
988 1141 1063 1232 per
1079 1125 1359 1254 venerahilem,
1383 1151 1445 1230 qut
1440 1127 1572 1225 'l''fi
1516 1105 1607 1211 „ih

100 1257 182 1330 sint
197 1256 383 1358 legitimi,
413 1245 704 1350 sciscitantibus,
744 1240 1034 1356 volentibusque
1058 1265 1097 1326 er
1128 1271 1198 1325 suo
1227 1241 1304 1352 jure
1337 1244 1548 1354 petentibus

99 1367 301 1452 rescribens
317 1364 543 1498 ,negotium
560 1361 691 1466 dedit,
720 1384 759 1444 et
775 1388 1006 1476 magnopere
1021 1359 1192 1444 hortatus
1207 1385 1293 1464 est,
1320 1385 1364 1444 ut
1379 1361 1449 1446 hos
1465 1363 1548 1448 bar-

99 1483 246 1569 baros
237 1482 392 1598 imperio
419 1512 490 1566 suo
505 1480 752 1592 subjicerent,
783 1503 822 1562 et
853 1478 902 1562 ad
927 1477 1065 1562 Christi
1088 1475 1204 1561 fidem
1228 1421 1463 1566 reducendos
1478 1511 1548 1567 cu-

97 1627 251 1703 rarent,
278 1602 333 1688 bis
363 1600 515 1705 verbis,
547 1627 647 1712 quae
678 1625 735 1679 ex
749 1594 850 1679 bulla
873 1595 1068 1709 plumbata
1095 1594 1274 1707 descripta
1296 1621 1414 1682 sunt:
1446 1602 1548 1685 Unde
1563 1652 1698 1712 4444444,
1687 1666 1739 1704 ,44

100 1724 266 1807 munibus
281 1724 339 1804 dil
321 1728 511 1828 ligenter,
537 1732 575 1798 et
585 1721 814 1825 praesertim
834 1714 933 1814 fidei
961 1715 1099 1796 cathol
1069 1719 1164 1796 lacae
1181 1742 1253 1796 eata
1254 1721 1406 1799 ltatione
1433 1736 1471 1801 et
1486 1727 1546 1804 di·
1561 1715 1662 1879 h⁰¹¹¹¹¹
1665 1728 1739 1840 33„

100 1845 279 1923 lutatione
304 1844 320 1951 (
331 1853 446 1946 prout
477 1840 580 1918 decet
605 1834 752 1919 Cathol
736 1858 815 1916 acos
832 1845 957 1942 Reges
984 1848 1021 1914 et
1046 1832 1263 1940 Principes)
1286 1830 1652 1946 ιιιιιιιίἰιιιιιιι,44444,ῃ
1655 1847 1684 1882 ⁵
1614 1832 1740 1892 ¹

99 1985 200 2042 more
220 1966 499 2068 progenitorum
514 1969 725 2038 ventorum
746 1956 872 2033 clarae
895 1958 1089 2034 memoriae
1110 1964 1257 2058 Regum
1276 1952 1550 2050 terrasfirmas

97 2091 138 2157 et
172 2084 315 2159 insulas
341 2078 624 2186 praedicturi!
622 2080 810 2175 lorumque
831 2074 971 2151 incolas
986 2083 1026 2151 et
1056 2068 1287 2155 habitatores
1318 2074 1457 2178 vobis,
1491 2079 1547 2158 di

97 2200 191 2278 vino
209 2193 392 2299 flauente
401 2197 568 2277 clement
536 2207 592 2272 tra
607 2191 829 2297 ,subjicere
842 2202 879 2269 et
905 2189 959 2268 ad
983 2184 1103 2284 fidem
1124 2190 1342 2272 catholicam
1372 2195 1549 2278 reducere

91 2321 373 2421 proposuistis.
409 2313 491 2394 Nos
518 2317 640 2418 igitur
672 2310 881 2414 hujusmodi
909 2319 1078 2389 vestrum
1107 2322 1275 2391 sanctum
1299 2323 1337 2391 et
1361 2313 1548 2396 laudabile

91 2437 330 2538 propositum
364 2435 599 2536 plurimum
583 2453 624 2509 ιιι
639 2427 801 2509 Domino
832 2427 1156 2528 commendantes,
1181 2451 1228 2510 ae
1256 2434 1474 2534 cupientes,
1506 2447 1549 2514 ut

98 2552 194 2630 illud
208 2550 262 2629 ad
277 2548 437 2629 debitum
450 2543 567 2644 finem
589 2546 822 2652 perducatur
841 2599 856 2646 ‚
879 2544 1071 2626 hortamur
1089 2567 1160 2627 uos
1179 2551 1483 2653 quamplurimum
1506 2556 1548 2630 in

96 2663 275 2769 Domino,
293 2680 331 2747 et
340 2684 414 2773 per
430 2670 535 2746 sacri
555 2667 706 2745 lauacri
728 2669 1023 2770 susceptionem,
1046 2685 1120 2769 qua
1145 2667 1333 2746 mandatis
1348 2665 1548 2773 Apostoli-

97 2791 158 2866 cis
174 2787 330 2893 obligati
346 2790 439 2866 estis
461 2839 475 2885 ,
507 2795 544 2863 et
561 2788 714 2864 viscera
728 2782 1010 2865 misericordiae
1021 2784 1158 2863 domini
1174 2789 1294 2867 nostri
1308 2778 1406 2894 Jesu
1437 2782 1548 2867 Chri-

90 2909 154 2985 ati
187 2917 329 2986 attente
354 2906 620 3007 requirimus,
657 2913 698 2982 nt
730 2925 813 2982 cum
857 2902 1126 3005 expeditionem
1169 2899 1376 3008 hujusmodi
1406 2910 1546 2988 omnino

91 3029 273 3128 prosequi
303 3035 340 3104 et
370 3044 557 3103 assumere
590 3036 712 3127 prom
750 3030 865 3100 mente
894 3016 1118 3100 orthodoxae
1135 3013 1235 3115 fidei
1276 3026 1351 3104 zelo
1380 3024 1548 3105 intenda-

96 3143 180 3242 tis,
208 3145 364 3247 populos
392 3146 432 3221 in
450 3138 656 3246 huiusmodi
679 3141 812 3219 insulis
834 3147 872 3216 et
895 3142 1012 3218 terris
1028 3137 1202 3243 degentes
1215 3139 1270 3220 ad
1291 3137 1547 3239 Christianam

96 3261 315 3364 religionem
343 3258 617 3364 suscipiendam
642 3256 814 3337 inducere
829 3257 958 3335 uelitis
974 3267 1011 3334 et
1027 3255 1225 3359 debeatis,
1257 3281 1323 3338 nec
1341 3263 1545 3364 pericula,

97 3399 164 3458 nec
178 3377 325 3460 labores
343 3381 415 3461 ullo
430 3399 599 3481 umquam
615 3387 778 3480 tempore
791 3398 861 3463 vos
877 3374 1089 3454 deterreant
1100 3368 1241 3475 ,firma
1254 3394 1321 3484 spe
1327 3373 1544 3482 fiduciaque

96 3501 306 3603 conceptis,
323 3498 421 3600 quod
427 3493 536 3576 Deus
548 3500 771 3600 omnipotens
786 3506 938 3577 conatus
951 3506 1102 3576 nestros
1104 3489 1282 3594 feliciter
1284 3508 1542 3603 prosequetur.

86 3610 208 3694 Haec
223 3610 434 3696 Alexander
449 3606 639 3696 Pontifex.
673 3609 749 3694 Cui
776 3633 814 3693 et
843 3607 1019 3693 similibus
1037 3609 1213 3695 decretis
1223 3641 1304 3696 non
1334 3611 1456 3696 solum
1472 3635 1544 3696 sra-

96 3753 141 3811 re
164 3725 360 3814 Christiani
376 3728 548 3815 homines
563 3757 612 3813 eo
629 3726 781 3812 decreto
804 3725 1009 3838 jubentur,
1039 3727 1145 3814 sed
1120 3758 1148 3813 ιι
1164 3729 1246 3843 quis
1271 3758 1351 3814 non
1367 3729 1542 3844 paruerit,

96 3869 165 3929 aut
179 3846 509 3952 contradixerit,
500 3876 582 3961 apso
604 3845 682 3958 jure
709 3872 775 3960 per
803 3843 1000 3930 dictumc.
1015 3863 1090 3955 per
1117 3850 1365 3932 vernabilem
1394 3875 1543 3933 excom·

94 3962 334 4072 munientur,
365 3988 403 4050 er
419 3908 586 4080 alioquin
602 3962 740 4051 Christi
755 3960 946 4047 Vicatium
964 4023 976 4068 ,
1008 3988 1053 4048 ut
1068 3964 1107 4048 in
1120 3964 1214 4050 libro
1230 3965 1279 4051 de
1277 3965 1543 4100 dispensatio

94 4105 147 4164 ne
173 4106 332 4169 tesrann
353 4083 565 4176 Bernardus
580 4100 794 4197 ,tanquam
820 4080 941 4197 ipsum
959 4080 1179 4187 Christum,
1210 4082 1249 4167 in
1276 4081 1317 4167 iis
1333 4113 1432 4200 quae
1459 4093 1542 4169 non

95 4221 184 4282 sunt
212 4227 337 4338 aperte
364 4225 498 4289 contra
523 4203 682 4305 Βειιιιι,
709 4199 839 4288 audire
866 4200 1072 4287 debemus
1103 4198 1220 4311 Cujus
1246 4198 1394 4287 decreta
1418 4226 1456 4287 et
1486 4232 1543 4288 rc·

93 4313 231 4429 scripta
243 4319 281 4403 in
297 4320 338 4405 iis
353 4348 529 4454 ,quae
515 4317 630 4405 fidem
665 4343 733 4404 aut
750 4347 872 4405 mores
902 4317 1121 4434 attingunt,
1151 4342 1422 4426 contemnere,
1454 4320 1542 4406 hae-

92 4431 253 4519 reticum
268 4465 371 4542 esse,
404 4437 533 4555 magni
559 4437 753 4575 Theologi
767 4436 1030 4523 tradiderunt.
1062 4435 1182 4528 Quo
1174 4437 1283 4554 igitur
1301 4436 1380 4551 jure
1407 4381 1544 4524 Christi
1557 4428 1736 4565 abditi

91 4548 267 4638 Vicarius
296 4578 421 4670 potest
449 4579 584 4672 gentes
613 4585 745 4642 omnes
750 4555 819 4641 ab
835 4553 1025 4655 idolorum
1052 4552 1157 4638 cultu
1176 4614 1190 4660 ,
1208 4555 1235 4641 si
1264 4551 1418 4642 facultas
1432 4557 1542 4662 adsit,
1558 4555 1659 4609 ”mli

90 4669 322 4784 prohibere,
350 4696 389 4758 et
405 4674 455 4762 ad
469 4673 783 4789 praedicationem
803 4647 1069 4787 Evangelicam
1086 4672 1313 4761 audiendam
1341 4674 1540 4809 compelle·

90 4815 157 4873 te:
191 4790 333 4878 eodem
359 4706 495 4878 valetp
477 4822 570 4908 ipsas
590 4791 746 4909 imperio
777 4789 1074 4875 Christianorum
1101 4819 1167 4905 ρει
1199 4819 1238 4877 se
1266 4815 1332 4876 aut
1356 4790 1540 4906 Principes
1638 4850 1647 4864 κ

88 4904 323 5001 Christianos
347 4910 546 5028 subicere:
575 4938 664 4998 cum
679 4908 822 4997 haec
787 4934 850 4999 vra
865 4906 1177 5029 expeditissime
1152 4932 1197 4999 stt
1213 4932 1253 5005 et
1264 4909 1542 5000 commodissi-

1480 5057 1543 5120 lna

1674 1093 1739 1203 ,34Ῐο
