4034 5858
362 424 365 427 ’
491 390 543 460 IN
570 385 729 458 CAUSIS
754 382 964 455 OCCULT.
977 385 1179 459 cntinuo.
1439 411 1502 481 393

81 545 170 604 nom
184 531 221 604 et
236 516 304 602 boo
318 525 450 602 contro
466 521 695 599 voluntatem
721 516 799 596 dici
815 517 924 597 solet:
945 515 1015 594 sed
1032 517 1161 618 utique
1177 516 1263 596 uult
1279 513 1324 596 to
1340 571 1354 618 ,
1364 529 1525 624 propter

80 635 312 747 qnodfooit:
341 651 530 741 tamquam
544 642 580 716 si
590 635 766 740 pejerare
780 637 902 735 nolit,
925 635 1022 737 quod
1034 647 1156 712 tomen
1174 628 1310 737 fluit,
1337 659 1420 716 curn
1438 637 1526 716 vult

78 757 243 860 uivere,
270 763 307 838 si
323 761 550 860 quisquam,
573 748 800 855 nisifioerit
816 809 828 854 ‚
845 765 997 833 mortens
1019 758 1207 832 minetur:
1232 755 1318 834 vult
1346 777 1435 860 ergo
1453 749 1523 856 fo

78 901 192 981 cere,
208 882 298 983 quio
317 879 403 956 nuit
417 879 584 977 uivere,
602 851 737 953 ntideo
757 895 826 954 non
846 877 1107 978 perseipsum
1122 876 1297 977 oppetit,
1315 884 1357 950 ut
1373 869 1523 974 falsum

33 1093 35 1097 v
70 997 178 1106 juret
198 1052 212 1099 ,
231 995 302 1076 sed
315 987 511 1096 utfoisum
529 992 693 1099 jurando
706 994 836 1071 vivat.
872 987 989 1097 ,Quod
1000 995 1037 1069 si
1063 995 1120 1069 ito
1146 1003 1233 1092 est,
1257 995 1378 1071 nescio
1397 1004 1523 1071 utrum

74 1120 225 1222 possint
248 1119 326 1195 ista
347 1113 426 1192 dici
448 1122 610 1217 peccota
642 1112 863 1211 nolentium,
890 1112 1054 1213 qualiter
1074 1107 1137 1189 iic
1167 1109 1343 1190 dicuntur
1361 1121 1532 1215 peccota

80 1234 286 1340 expiando.
320 1230 424 1310 Nom
438 1235 475 1311 si
490 1230 690 1336 diiigenter
706 1232 936 1335 inspiciatur
954 1285 966 1327 ,
985 1221 1097 1330 forte
1111 1232 1234 1333 ipsum
1244 1245 1406 1333 peccare
1422 1251 1525 1312 nemo

81 1355 209 1453 velit,
233 1351 302 1430 sed
311 1362 472 1456 propter
487 1350 594 1430 oliui
604 1403 618 1449 ,
641 1347 737 1450 quod
750 1349 835 1428 vult
847 1401 861 1448 ,
872 1360 1035 1452 peccat,
1060 1370 1180 1427 onnes
1196 1352 1335 1453 quippe
1346 1347 1523 1452 homines,
1572 1418 1580 1423 ,

83 1474 148 1574 qui
167 1476 328 1551 scientes
348 1462 536 1569 fuciunt,
560 1470 656 1570 quoti
670 1486 738 1546 non
766 1470 855 1546 licet
876 1519 890 1566 ,
915 1466 1053 1544 veilent
1075 1467 1189 1544 licere
1204 1461 1343 1566 fhoere
1367 1492 1376 1546 ε
1409 1489 1525 1569 usqne
1591 1530 1609 1550 ,.
1658 1538 1685 1558 „

82 1588 174 1669 odeo
204 1595 327 1694 ipsum
347 1603 509 1691 peccare
528 1606 627 1664 naono
654 1590 801 1688 oppetit
818 1595 977 1690 propter
994 1581 1061 1663 hoo
1080 1589 1204 1688 ipsum
1228 1639 1241 1683 ,
1268 1587 1338 1664 sed
1362 1598 1523 1690 propter

83 1706 181 1787 illud
193 1761 207 1808 ‚
235 1707 333 1810 quod
347 1728 396 1783 eso
417 1710 500 1811 ipso
526 1707 778 1804 consequitur.
811 1700 923 1781 Haeo
938 1705 975 1779 si
986 1709 1043 1780 ito
1067 1725 1109 1780 se
1138 1699 1303 1803 hubent,
1334 1726 1402 1783 non
1432 1715 1521 1783 sunt

77 1837 240 1931 peccota
256 1827 449 1904 nolentium
478 1826 554 1902 nisi
579 1824 818 1901 nescientium
847 1874 862 1921 ,
887 1842 979 1924 quoe
1008 1818 1270 1901 discernuntur
1299 1843 1324 1899 n
1349 1828 1523 1927 percotis

84 1945 309 2024 vonntium.
349 1937 503 2042 Vides,
536 1935 750 2022 Aristoteles
781 1960 819 2021 et
847 1935 1083 2051 Augustinus
1105 1936 1378 2021 consentientes
1404 1966 1523 2052 quam

84 2056 196 2145 valde
212 2054 414 2161 sententiae
437 2080 526 2141 tuae
554 2050 814 2171 refragentur?
840 2057 986 2139 Contra
1002 2076 1131 2140 tantos
1146 2054 1259 2172 igitur
1276 2079 1315 2140 et
1334 2079 1414 2140 tam
1437 2085 1524 2173 gra-

84 2197 151 2263 ves
174 2199 345 2260 auctores
373 2172 564 2259 sustinebis
587 2172 702 2279 etiam
732 2200 834 2257 nunc
860 2198 993 2287 aperto
1011 2173 1129 2259 errori
1153 2173 1405 2287 patrocinari?
1437 2181 1524 2292 Age

84 2294 224 2381 verosi
242 2295 292 2378 sic
316 2293 444 2378 statuis
473 2330 486 2398 ,
512 2290 580 2406 qui
601 2287 695 2376 fallit
722 2288 905 2378 falsumve
938 2290 1027 2376 dicit
1055 2294 1287 2404 temporibus
1319 2292 1523 2400 adductus,

85 2441 167 2497 non
181 2410 375 2515 dicturus,
404 2411 433 2496 si
461 2434 586 2524 posset
602 2408 706 2495 aliter
734 2408 851 2497 vitate
875 2410 1015 2494 malum
1048 2470 1063 2516 ,
1092 2409 1179 2495 huic
1222 2411 1348 2496 abesse
1371 2406 1525 2501 fallendi

84 2525 269 2616 falsumve
294 2527 441 2615 dicendi
455 2527 625 2612 animum
641 2551 680 2613 et
694 2528 932 2621 voluntatem
950 2590 962 2634 ,
979 2553 1018 2613 et
1032 2554 1230 2645 propterea
1249 2558 1329 2614 non
1346 2528 1493 2616 mentiti
1510 2563 1522 2618 t

87 2675 170 2733 non
185 2648 288 2735 vides
304 2675 396 2752 eos,
420 2646 487 2761 qui
503 2645 801 2761 perniciosissime
819 2646 1052 2732 mentiuntur
1068 2709 1081 2753 ,
1096 2672 1136 2733 te
1161 2671 1316 2734 auctore
1340 2677 1417 2734 sese
1437 2679 1524 2763 pos·

84 2794 164 2852 sea
192 2763 390 2852 mendacio
411 2764 620 2851 vindicare?
652 2762 765 2850 etiam
781 2765 809 2850 si
824 2765 908 2880 quis
930 2764 1161 2853 Christianus
1184 2795 1271 2852 cum
1293 2766 1368 2871 sit,
1400 2795 1444 2851 ac
1469 2797 1525 2855 re·

84 2908 169 2970 ctae
184 2882 272 2971 fidei
288 2946 300 2988 ,
315 2882 508 2969 Christum
525 2907 638 3001 neget
650 2910 728 2969 esse
742 2887 884 2989 Deum,
904 2907 948 2968 ut
964 2910 1094 2971 necem
1111 2884 1177 2969 sibi
1188 2887 1237 2971 ab
1253 2882 1442 2971 haereticis
1457 2912 1526 2975 aut
1645 2915 1647 2923 ¹

86 2999 205 3117 impiis
218 3001 442 3088 intentatam
464 2997 650 3118 effugiat,
673 3028 755 3118 quo
781 3000 876 3117 quid
906 3003 1021 3118 magis
1047 3026 1171 3133 potest
1203 3004 1367 3089 Basilidis
1382 2997 1520 3112 errori,

86 3146 154 3206 aut
173 3117 436 3206 Elcesaitarum
452 3115 667 3239 suffragari?
697 3119 772 3206 Hic
799 3119 899 3206 enim
928 3150 1010 3206 non
1038 3119 1188 3206 lallendi
1215 3120 1365 3209 libidine
1389 3120 1522 3211 fulsum
1595 3166 1597 3170 ⁴

86 3236 205 3344 dicit,
227 3240 292 3326 sed
308 3238 363 3324 ob
376 3237 414 3325 id
431 3238 654 3344 dumtaxat,
671 3263 715 3325 ut
730 3239 860 3326 mortis
875 3239 1079 3354 periculum
1104 3240 1243 3328 evadat
1258 3300 1273 3347 ,
1290 3239 1394 3354 cuijus
1410 3271 1522 3328 men-

86 3355 236 3444 dacium
253 3355 501 3472 pemiciosum
524 3387 602 3445 esse
615 3381 764 3446 constat
778 3383 895 3474 atque
912 3353 1145 3446 mortiferum
1162 3390 1171 3442 :
1189 3359 1311 3445 Corde
1324 3366 1420 3443 enim
1436 3388 1521 3445 cre·

83 3478 191 3560 ditur
205 3479 492 3586 adjustitiam,
517 3503 583 3563 ore
597 3475 916 3584 autemconfissio
931 3475 988 3576 fit
1013 3481 1067 3560 od
1077 3483 1264 3583 solonem,
1293 3503 1337 3563 ut
1365 3504 1522 3565 testatur

83 3592 233 3692 Paulus,
270 3600 322 3681 Et
337 3593 535 3703 Christus,
561 3603 628 3704 qui
641 3623 699 3680 me
722 3602 948 3704 negaverit,
965 3595 1086 3711 inquit
1107 3655 1122 3702 ‚
1145 3623 1269 3683 coram
1300 3598 1521 3704 horninibus,
1617 3640 1653 3676 .1

84 3713 283 3822 negabitis
302 3741 427 3800 coron
442 3716 605 3825 Angelis
620 3716 712 3797 Dei.
745 3719 805 3801 Ex
818 3741 900 3830 quo
923 3713 1034 3829 plane
1060 3712 1303 3834 intelligitur,
1328 3743 1408 3800 non
1433 3717 1522 3804 satis

83 3857 190 3937 esse,
214 3831 410 3920 veritatem
441 3831 571 3918 animo
595 3831 826 3948 concipere,
856 3830 922 3916 nisi
938 3832 1141 3940 eamdem,
1165 3863 1253 3921 cum
1287 3861 1343 3925 tes
1372 3835 1521 3949 poscit,

82 3945 319 4038 confiteatur.
352 3955 429 4038 Res
445 3976 574 4038 autem
590 3951 737 4066 poscit,
765 3950 1080 4068 quotiescumque
1110 3976 1165 4037 est
1189 3951 1328 4067 aliquid
1345 3980 1520 4069 pronun·-

84 4068 268 4157 tiendum.
299 4072 403 4156 Nam
434 4070 628 4157 Christum
655 4098 819 4188 negare,
844 4070 911 4185 qui
938 4096 1054 4188 negat
1086 4067 1281 4158 veritatem
1300 4111 1320 4176 ·,
1351 4072 1520 4160 Christus

83 4182 162 4299 ipse
178 4188 319 4294 docet,
336 4216 424 4275 cum
440 4190 491 4276 ait
511 4220 520 4274 :
557 4192 644 4300 Ego
655 4216 736 4274 suon
756 4196 826 4274 vio
840 4205 878 4273 et
893 4194 1054 4274 uetitos.
1086 4189 1153 4273 Ad
1177 4219 1361 4276 summam
1375 4198 1389 4297 ',
1408 4191 1437 4278 si
1453 4192 1519 4280 tihi
1565 4248 1642 4315 ,m
1661 4263 1698 4310 ,4,

83 4327 257 4390 constare
270 4305 390 4413 velis,
417 4307 780 4413 confitendumest,
805 4306 843 4391 in
870 4331 976 4394 tanta
1005 4307 1203 4394 hominum
1226 4310 1429 4418 vanitate,
1459 4337 1520 4402 tot
1755 4417 1757 4421 ¹

84 4421 368 4509 mendaciorum
383 4425 524 4517 technis
538 4450 666 4542 <atque
680 4423 872 4512 fraudibus
888 4422 903 4538 (
917 4450 1007 4511 octo
1023 4424 1122 4511 enim
1138 4455 1277 4542 genera
1301 4431 1520 4519 mendacio-
1537 4429 1666 4538 „2222”
1683 4429 1713 4537 ἐξ

83 4569 169 4626 rum
188 4566 361 4627 numerat
377 4543 639 4662 Augustinus)
656 4544 801 4631 mentiri
819 4544 1006 4629 neminem
1023 4573 1166 4659 praeter
1181 4578 1246 4633 eos
1263 4608 1276 4654 ,
1292 4549 1320 4633 si
1335 4550 1400 4664 qui
1416 4580 1519 4636 men·
1536 4524 1715 4669 ξῗζζξξζξζξὲἳ·

83 4659 229 4746 ciuntur
259 4660 410 4750 libidine
440 4665 635 4751 dumtaxat
655 4661 888 4768 mentiendi,
914 4661 1058 4748 nullum
1092 4665 1180 4751 inde
1205 4691 1394 4781 praeterea
1410 4697 1522 4754 com·
1726 4668 1729 4673 ”

83 4778 245 4866 modum
259 4803 499 4896 expetentes,
521 4782 635 4897 quod
665 4781 885 4870 ratissimum
909 4806 991 4886 est,
1018 4809 1194 4870 nectam
1229 4787 1414 4870 malorum
1445 4788 1522 4873 sive

83 4896 335 5100 injuptorum,
357 4928 479 5020 squam
502 4899 747 4993 leviculorum
777 4899 975 4988 hominum
991 4902 1156 5012 virium,
1184 4904 1246 4992 vel
1268 4903 1392 5021 potius
1422 4905 1524 4989 insa·

94 5082 96 5085 v
181 5046 250 5108 ont.
270 5019 342 5110 W.
997 5022 1091 5110 Ddd
1453 5022 1528 5113 nia:
