4020 5864
680 366 882 438 LIBER
920 369 985 438 111.
1453 386 1522 461 527

102 512 198 592 ante
218 502 374 591 alterum
396 526 473 586 esse
499 495 707 584 multorum
740 493 947 593 stadiorum
970 491 1197 602 intervallo,
1222 495 1288 583 sed
1320 524 1396 583 esse
1425 497 1552 586 multo.

103 619 352 710 excellentior.
384 619 457 704 Sed
473 614 569 730 quid
592 614 713 703 verbis
730 643 829 727 opus
850 637 908 700 est
926 671 940 717 ,
965 638 1034 697 aut
1062 614 1155 726 quid
1171 614 1315 731 agimus
1344 613 1548 704 rationibus

106 740 300 845 humanis,
315 767 404 823 cum
420 732 676 821 testimonium
705 731 912 846 producere
926 729 1109 844 possimus
1140 734 1293 848 Spiritus
1314 735 1459 843 sancti,
1480 735 1548 851 qui

104 860 209 946 hunc
223 859 350 945 locum
366 881 434 942 ore
456 849 562 938 Pauli
577 850 764 938 scribentis
793 850 843 936 ad
867 854 1065 934 Romanos
1090 852 1313 966 apertissime
1331 851 1549 969 interpreta-

103 1001 167 1064 tur
183 977 238 1062 his
254 972 399 1064 verbis:
433 972 590 1080 Prope,
616 967 772 1084 inquit,
797 970 954 1053 uerbum
985 982 1045 1052 est
1072 974 1191 1053 inore
1212 985 1275 1055 tuo
1291 1031 1304 1076 ,
1320 988 1357 1055 et
1379 978 1421 1054 iu
1436 977 1548 1056 corde
1563 1012 1747 1066 resumun-

100 1111 169 1181 tuo
195 1152 210 1199 ‚
233 1098 323 1200 quio
355 1097 393 1175 si
424 1087 640 1195 confitearis
669 1096 711 1175 iu
743 1113 808 1172 ore
836 1101 900 1174 tuo
917 1087 1117 1169 Dominum
1144 1084 1277 1203 Jesum
1310 1146 1324 1194 ‚
1357 1104 1395 1188 et
1423 1095 1546 1174 eredi-

101 1217 212 1299 deris
230 1213 396 1295 incude
420 1221 507 1312 tuo,
524 1208 620 1313 quod
649 1206 760 1295 Deus
779 1214 902 1314 ipsum
917 1210 1124 1296 suscitavit
1150 1236 1174 1289 a
1193 1215 1380 1311 mortuis,
1413 1217 1549 1293 saluus

101 1338 202 1415 eris.
228 1328 349 1414 Corde
370 1335 466 1410 enim
488 1329 659 1411 creditur
678 1328 732 1409 ad
748 1326 973 1435 justitium,
1005 1350 1183 1410 oreoero
1208 1323 1397 1430 confessio
1416 1323 1474 1424 fit
1498 1330 1553 1411 ud

101 1435 287 1531 «salutem
306 1444 387 1530 Etsi
409 1441 509 1528 enim
525 1440 661 1528 Paulus
682 1444 799 1528 verba
814 1440 936 1528 Mosis
957 1441 1006 1532 ad
1022 1440 1214 1547 Christum
1236 1443 1350 1530 relata
1375 1443 1554 1562 interpre-

106 1589 215 1653 ,tetur
232 1623 246 1669 ‚
266 1563 318 1648 ita
346 1586 477 1649 umen
503 1561 803 1675 iuterpretatur,
830 1582 875 1645 ut
906 1556 1131 1672 apertissime
1163 1561 1300 1646 doceat
1328 1584 1491 1674 ,supro
1513 1593 1554 1657 et

103 1686 237 1796 iusta,
252 1709 352 1797 quae
368 1681 541 1766 locorum
560 1675 728 1790 alioquin
745 1675 1035 1792 praepositiones
1050 1701 1138 1764 sunt
1153 1692 1172 1784 ,ἶ
1191 1676 1406 1766 facultatem
1417 1684 1555 1801 signifi·

106 1830 225 1905 ατε,
259 1799 413 1914 quaein
441 1825 510 1883 ore
540 1793 701 1883 hominis
725 1818 840 1910 atque
864 1794 982 1883 corde
1001 1795 1175 1885 consistit
1210 1799 1341 1893 Quam
1356 1805 1554 1914 expositio·

110 1946 202 2005 nem
216 1915 322 2003 Pauli
337 1916 364 2001 si
395 1915 585 2002 Luthetus'
597 1929 814 2028 aspernatur
830 1972 855 2017 ,,
875 1910 966 2003 nihil
998 1939 1053 2000 est
1084 1915 1194 2031 qnod
1225 1916 1400 2010 miremur
1415 1946 1555 2011 cetero

103 2065 197 2123 <rum
213 2034 422 2121 doctrinam
438 2029 645 2120 abeodem
661 2029 880 2136 contemni,
895 2056 963 2117 aut
970 2031 1254 2147 Hieronymum
1280 2058 1319 2121 et
1346 2036 1554 2155 Origenem

106 2178 191 2240 ¹tam
207 2152 297 2238 nihil
312 2152 402 2240 scire
417 2150 566 2256 videti,
588 2174 637 2262 ut
653 2149 742 2234 nihil
757 2147 859 2234 aliud
876 2177 941 2233 eos
969 2145 1089 2235 lacere
1119 2150 1244 2256 dicat,
1274 2182 1391 2268 quam
1416 2186 1483 2243 ote
1498 2190 1555 2246 sa·

104 2271 252 2387 :crilego
266 2270 462 2384 scripturas
491 2269 725 2382 depravare,
749 2267 816 2381 qui
846 2266 954 2382 nugis
986 2290 1113 2364 totum
1142 2271 1275 2355 orbem
1304 2272 1553 2385 repleverint.

106 2391 218 2473 Num
240 2413 341 2470 nemo
356 2401 444 2490 est,
469 2382 618 2498 inquit,
652 2390 717 2490 qui
731 2391 906 2491 ineptius}
920 2399 967 2466 et·
986 2387 1188 2475 absurdius
1210 2391 1371 2473 divinus
1402 2400 1554 2481 litteras

64 2547 70 2556 ·
105 2511 372 2610 tractaverit,
394 2529 503 2611 quum
517 2503 701 2610 Origenes
715 2516 754 2588 et
770 2502 1035 2613 Hieronymus
1065 2505 1107 2587 O
1132 2501 1291 2590 furciferi
1314 2507 1553 2627 profligatam
1662 2607 1669 2624 .
1688 2611 1694 2625 ,

103 2621 409 2739 respuamus
441 2652 469 2707 0
484 2617 682 2710 ressonis
697 2618 892 2730 audactam
907 2621 1114 2709 nauatam
1132 2629 1275 2711 suun
1299 2626 1348 2712 ae
1361 2627 1446 2715 un
1469 2631 1550 2726 ero-
1567 2609 1744 2737 sullies

105 2739 399 2878 equentissimisy
416 2737 539 2827 omnis
554 2733 1023 2852 disciplinaedoctissim'u,
1045 2741 1287 2829 sanctimonia
1313 2749 1550 2860 prsestautis⁶
1564 2726 1685 2847 iiiiii.
1712 2744 1741 2783 ‘²

112 2859 240 2965 umis,
290 2887 362 2944 uae
376 2856 439 2945 vix
462 2858 503 2943 in
521 2855 736 2975 sophistam
766 2855 929 2970 aliquem
953 2855 1138 2945 semissem
1167 2864 1442 2974 convenirent,
1470 2892 1551 2956 tam

105 2975 243 3063 fricata
261 2889 396 3063 leonte
424 2973 560 3085 jacim
576 2971 757 3061 sustines?
787 3003 865 3089 qua
885 2970 1000 3063 fretus
1029 2972 1229 3064 famltate?
1258 2977 1379 3068 homo
1397 3044 1411 3090 ,
1430 3013 1486 3073 .ut
1502 2989 1551 3075 de
1576 3052 1577 3055 a
1661 3053 1665 3058 -
1709 3040 1733 3050 -·

114 3093 265 3184 libidine
286 3092 613 3210 perditissimisque
629 3089 823 3198 motibus„
845 3115 887 3179 et
902 3091 1090 3208 impietate
1114 3102 1395 3207 taceamqfsola
1424 3102 1551 3220 inepta

102 3211 343 3330 ..loquacitate
365 3236 534 3327 potens,
561 3212 762 3326 etrptuete't
778 3209 1001 3304 nonnullam
1014 3226 1208 3329 *metarum
1236 3216 1440 3307 litteratum
1468 3253 1552 3311 cor·

114 3356 264 3447 ruptam
275 3358 321 3417 et
345 3344 622 3445 praeposteram
640 3329 936 3445 cognitionem,-
958 3360 1036 3446 qua
1051 3331 1113 3418 vel
1129 3335 1250 3446 major
1264 3397 1277 3440 ,
1293 3338 1407 3426 cuivis
1435 3343 1551 3455 paulo
1574 3371 1577 3378 ’

94 3491 103 3515 .·
113 3450 235 3536 modo
251 3449 500 3566 diligentiori,
524 3459 595 3533 nee'
617 3448 729 3533 'tardo
745 3447 860 3538 tribus
875 3471 943 3534 aut
959 3473 1125 3563 quatuor
1139 3452 1244 3538 annis
1268 3451 1374 3543 facile
1403 3461 1560 3548 contin·'

114 3589 195 3682 gat,
206 3566 329 3653 omnis
341 3564 607 3681 'philosophiae
620 3592 665 3649 ac
680 3563 868 3651 bonarum
883 3565 1019 3655 artium
1032 3596 1159 3682 expers
1176 3631 1188 3675 ,
1204 3570 1272 3655 nisi
1286 3602 1406 3710 nugas
1433 3578 1551 3665 diale-

113 3683 296 3769 cticomm
313 3684 472 3799 imputes
488 3711 613 3799 ,quae
628 3681 720 3767 nihil
736 3712 866 3799 grave,
879 3683 977 3769 nihil
990 3684 1268 3777 Aristotelicum
1284 3719 1428 3807 sapiant
1444 3757 1455 3800 ,
1472 3727 1550 3812 qua

114 3824 264 3887 tantum
294 3801 518 3917 supellectile
547 3814 586 3886 te
606 3800 859 3908 instructum,
889 3803 960 3897 sed,
987 3831 1075 3888 cum
1101 3805 1241 3917 majore
1263 3839 1380 3925 quam
1406 3838 1550 3903 ceteros

113 3920 329 4038 arrogantia
350 3945 389 4007 et
410 3917 637 4034 loquacitate
660 3919 711 4009 ad
737 3948 855 4011 sacras
877 3919 1013 4009 litteras
1041 3924 1350 4014 contaminandus
1363 3935 1550 4019 accessisse

113 4063 275 4128 constat.
305 4042 350 4124 ln
365 4066 482 4156 quem
496 4037 593 4126 illud
606 4036 918 4155 epigrammatarii
947 4041 1247 4129 commodissime
1274 4046 1443 4136 manferri
1464 4076 1550 4164 pos·

114 4178 190 4240 set:
264 4218 267 4221 >
854 4238 856 4241 ,

348 4276 580 4385 Dispereaur
596 4335 609 4381 ,
624 4281 662 4360 si
684 4289 727 4363 tu
743 4274 903 4385 Origene·
911 4289 1115 4386 murmure
1130 4287 1330 4368 morellum.

240 4428 245 4437 -
286 4470 292 4475 .
409 4395 565 4504 Dignus
580 4420 646 4502 es,
678 4409 746 4478 aut
755 4413 1066 4506 porcospuscere
1086 4398 1322 4512 Hieronymi.

136 4658 151 4707 ν
171 4624 312 4713 XVlll
340 4708 343 4712 .
368 4629 443 4717 Sed
468 4659 704 4746 quamquam
729 4627 913 4723 nefarium
939 4631 1253 4751 dogmaLutheri
1269 4639 1318 4726 de
1334 4665 1553 4730 cunctarum

111 4743 306 4830 monum
323 4746 563 4855 necessitate,
581 4749 619 4835 in
634 4779 718 4863 quo
742 4774 866 4837 status
878 4765 1012 4843 causae
1025 4779 1178 4843 nomae
1197 4761 1388 4867 versatur,
1405 4759 1467 4847 vel
1482 4763 1557 4847 hoc

110 4861 196 4978 ipso
211 4863 335 4954 statim
351 4864 516 4976 corruit,
537 4866 631 4956 siad
657 4866 852 4987 oppositas
867 4872 1061 4984 actiones,
1087 4873 1200 4964 edam
1229 4877 1344 4975 malas
1386 4903 1426 4966 et
1449 4877 1559 4968 virio

103 5030 107 5039 ,
1507 5028 1564 5088 sas
