4006 5850
649 406 969 482 truens.
1102 392 1118 449 7
1428 423 1501 508 4η

76 561 119 626 et
132 533 295 625 filius
241 563 405 651 pnmum
432 534 596 653 gradum
625 529 791 620 efficiunt
818 530 1186 667 consanguinitatis,
1212 532 1263 620 sic
1290 560 1455 623 noverca
1483 563 1521 625 et

71 657 293 775 privignus,
319 679 386 742 aut
402 683 518 740 nurus
535 676 574 739 et
588 680 695 740 socer
719 650 906 738 affinitatis
923 651 1084 765 primum
1101 592 1262 769 gradum
1274 657 1520 742 constituunt.

67 778 163 864 Item
178 801 222 863 ut
238 805 284 862 ex
303 774 464 890 obliquo
481 770 609 859 fratres
635 771 776 872 suntin
793 771 918 884 primo
940 770 1063 887 gradu
1080 773 1373 889 consanguinei,
1388 774 1445 860 sic
1461 773 1523 861 le·-

65 895 123 983 vir
139 923 179 980 et
208 894 290 1011 glos
302 888 470 978 affines
501 891 652 977 maritus
682 889 786 976 enim
807 914 846 976 et
861 917 959 976 uxor
974 917 1062 976 cunr
1080 917 1170 976 caro
1186 919 1263 976 una
1292 886 1516 1002 efficiantur,

70 1026 152 1100 non
170 1012 333 1130 gradum
348 1007 500 1117 facere,
524 1011 593 1097 sed
614 1009 721 1127 quasi
737 1012 891 1123 caput
918 1035 998 1094 esse
1028 1011 1249 1127 caudexque
1278 1034 1518 1120 statuuntur,
1547 1059 1615 1109 1,
1612 999 1708 1131 {qim

68 1133 174 1220 unde
189 1130 296 1220 velut
311 1159 406 1216 tamt
395 1130 509 1230 hinc
537 1128 634 1216 inde
649 1124 781 1213 affines
803 1142 1038 1213 enascantur.
1069 1133 1125 1215 lta
1141 1159 1323 1246 quoquts
1308 1141 1401 1216 sue
1429 1161 1519 1247 pro
1503 1073 1710 1247 {adibam

64 1250 283 1367 pinquitatis
306 1251 430 1385 gradu
445 1248 596 1366 attingit
624 1277 743 1350 eum,
770 1247 836 1362 qui
853 1270 908 1332 est
927 1271 1136 1382 tamquam
1166 1274 1281 1363 caput
1368 1248 1515 1359 rtitatis,

65 1368 143 1455 hoc
157 1398 247 1456 cum
262 1368 371 1484 ιριιιιι
387 1397 504 1455 uxore
517 1396 583 1482 per
601 1362 823 1451 affinitatem
850 1363 1121 1482 conjungitur:
1151 1396 1251 1483 quae
1268 1369 1369 1455 ratio
1381 1372 1518 1460 eadem'

65 1512 124 1574 est
137 1512 226 1576 cum
241 1488 379 1574 marito
391 1485 676 1623 consanguineis
691 1483 829 1572 uxoris.
859 1488 1045 1571 Cetemm
1064 1484 1149 1571 licet
1165 1483 1352 1622 ailinitas,
1373 1497 1515 1607 cogna-

66 1606 216 1692 tionis
197 1607 342 1722 ‚cujus
358 1630 414 1693 est
442 1606 548 1724 quasi
566 1610 770 1722 propago,
796 1603 985 1691 rationem
1006 1578 1056 1691 ad
1085 1605 1260 1691 amussim
1276 1636 1396 1742 prope
1413 1610 1515 1696 dixe

66 1723 137 1810 ιιιιι
153 1725 362 1812 aemuletur
379 1751 531 1842 ,atque
546 1725 648 1812 adeo
661 1753 686 1808 a
699 1722 928 1839 quibusdam
942 1723 1180 1860 cognationis
1196 1726 1351 1825 nomine
1366 1754 1513 1815 nuncu·
1614 1835 1615 1840 Ν

65 1866 200 1958 pctur,
229 1844 381 1930 interest
395 1867 555 1949 tamen,
586 1843 696 1959 quod
721 1870 809 1928 cum
825 1843 1084 1959 propinquitas
1107 1841 1228 1980 longe
1255 1843 1408 1931 ulterius
1423 1876 1513 1961 pro·
1557 1854 1560 1857 ‘

65 1961 285 2078 grediatur,
312 1959 509 2061 affinitas
497 1990 575 2048 una
591 1988 752 2076 persona
772 1986 947 2049 externae
965 1960 1206 2098 cognationis
1229 1968 1286 2049 est
1306 1988 1514 2063 contenta:

65 2103 112 2165 ut
125 2080 298 2196 exemplo
317 2104 444 2197 potest
464 2079 705 2168 commodius
722 2080 918 2211 explicari:
952 2080 1185 2217 cognatione
1203 2108 1286 2166 non
1297 2079 1435 2171 fratres
1450 2114 1513 2170 so·

65 2194 172 2304 lum,
187 2199 256 2287 sed
277 2198 341 2289 lilii
356 2227 515 2337 quoque
544 2195 703 2285 fratrum
720 2221 787 2286 aut
801 2227 1023 2333 sotorum,
1032 2199 1180 2334 patrui,
1207 2199 1413 2306 avunculi,
1444 2232 1511 2317 pa·

64 2315 226 2420 trueles,
257 2347 303 2398 ac
330 2318 487 2428 perinde
499 2315 739 2404 consobnnt
728 2340 824 2402 rnter
839 2345 879 2402 se
894 2315 1102 2452 peppinqui'
1122 2343 1226 2402 sunt.
1256 2323 1300 2402 ln
1328 2314 1512 2406 affinitate

64 2457 160 2517 vero
174 2429 351 2516 omnibus
375 2431 497 2517 mariti
523 2434 807 2569 consanguineis
830 2461 920 2520 cum
945 2433 1055 2549 ipsius
1085 2449 1204 2520 uxore
1223 2410 1420 2522 intercedit
1440 2466 1509 2524 ne-

63 2547 274 2636 testitudo:
298 2549 413 2638 iidem
426 2577 515 2636 cum
525 2551 699 2662 ejusdem
713 2553 871 2640 mulieris
885 2551 1070 2669 cognatis,
1084 2550 1212 2639 filiisve
1228 2579 1275 2638 ex
1287 2553 1459 2639 altero
1423 2584 1508 2642 vtro

65 2667 172 2754 nullo
194 2665 257 2754 tali
273 2667 428 2755 vinculo
451 2665 772 2804 constringuntur.
804 2675 863 2755 Ac
877 2667 1037 2754 affinitas
1057 2671 1214 2784 quidem
1242 2669 1389 2784 quid
1363 2696 1440 2778 stt,
1467 2698 1510 2760 cr

64 2786 203 2901 quibus
217 2815 264 2874 ex
277 2787 393 2873 causis
409 2785 582 2890 oriatur,
607 2785 761 2899 ejusque
778 2783 916 2901 gradus
938 2787 1187 2901 exposuimus.
1223 2787 1379 2882 Quibus
1397 2733 1511 2877 tebras

65 2904 275 3019 explicatis,
291 2926 483 3039 superest,
496 2912 541 2988 ut
556 2929 638 3018 quo
653 2902 733 3017 jaare
754 2926 794 2989 et
808 2927 997 3023 quatenus
1010 2903 1248 3051 matrimonia
1266 2902 1526 2996 affinitatibus.

67 3021 343 3175 impediantur,
371 3021 606 3108 disseramus.
922 3059 926 3070 ¹

77 3138 231 3224 XIX.
290 3144 391 3227 Inter
403 3135 557 3226 affines
547 3139 710 3274 tgitut',
717 3138 785 3257 qui
799 3139 838 3224 in
869 3164 970 3226 recta
986 3138 1084 3225 linea
1112 3140 1302 3256 qubusvis
1328 3078 1508 3245 interval

65 3254 383 3367 liscollocantur,
399 3258 636 3349 matrimonia
665 3256 747 3370 jure
776 3281 931 3344 staturae
960 3257 1187 3371 quibusdam
1217 3257 1395 3346 videntur
1425 3291 1508 3350 esse

64 3375 185 3462 nulla:
219 3376 362 3465 velut
351 3378 502 3463 ιιιιιιιιιιι
518 3380 564 3464 ιιι
592 3376 808 3462 hominibus
824 3374 919 3492 (qui
934 3376 1056 3462 modo
1071 3401 1246 3481 naturam
1263 3406 1347 3464 non
1371 3406 1504 3465 cortu

62 3495 134 3609 ptis
149 3495 315 3582 motibus
329 3492 646 3611 depravaverint)
664 3518 709 3581 ut
723 3518 875 3610 patrum
891 3522 1023 3581 uxores
1037 3495 1205 3611 proxima
1223 3475 1431 3603 matribus,
1448 3499 1501 3585 ad

63 3639 228 3727 quarum
244 3615 364 3700 vicem
381 3642 499 3731 prope
525 3612 701 3700 videntur
722 3613 923 3721 accedere,
956 3614 1195 3702 observantia
1222 3641 1267 3700 ac
1295 3616 1503 3717 reverentia

64 3757 368 3847 prosequantur:
392 3761 554 3821 avorum
569 3759 689 3867 porrp
727 3758 844 3847 atque
884 3760 1146 3847 proavorum,
1176 3755 1217 3820 ct
1241 3761 1309 3850 qur
1298 3732 1503 3850 deinceps

63 3877 304 3990 sequuntur,
333 3852 408 3938 hoc
433 3852 547 3939 etiarn
570 3850 724 3966 magis,
749 3849 895 3988 quoin
921 3849 1070 3937 illorum
1089 3880 1289 3987 quemque
1319 3852 1503 3967 majorem
1538 3870 1544 3874 ’

60 3972 310 4072 reverentiam
326 3969 513 4087 conjugali
530 3968 779 4106 aequalitati
767 3967 954 4055 mimicam
976 3995 1111 4074 natura
1124 3969 1268 4057 nobis
1257 3971 1507 4087 ngeneravit.

63 4088 108 4168 In
124 4089 277 4217 obliqua
293 4117 387 4197 veto
408 4089 504 4175 linea
519 4086 765 4175 matrimonia
761 4087 880 4194 nullo
905 4089 1025 4206 gradu
1040 4067 1226 4175 affinitatis
1241 4117 1307 4204 per
1327 4113 1501 4183 namnam

64 4185 235 4314 excludi,
262 4192 451 4295 declarant
465 4236 553 4317 cum
565 4207 637 4315 alia
653 4206 793 4315 heroici
803 4207 990 4323 temporis
1000 4207 1211 4323 exempla,
1220 4232 1302 4294 tum
1317 4208 1357 4293 in
1373 4208 1500 4344 primis

61 4321 214 4434 Jacob:
203 4329 329 4440 ‚qui,
345 4326 458 4414 etiam
474 4328 539 4412 Lia
554 4329 676 4443 priore
692 4326 860 4460 conjuge
880 4327 1055 4435 vivente,
1069 4308 1212 4413 Rachel
1227 4356 1394 4413 sororem
1420 4328 1500 4466 ejus

61 4439 186 4553 primo
203 4441 270 4527 sibi
290 4440 477 4531 affinitatis
501 4446 622 4563 gradu
638 4445 879 4583 conjunctam
903 4455 1060 4532 uxorem
1089 4430 1222 4553 duxita
1209 4469 1293 4532 ut
1308 4446 1348 4532 ιιι
1369 4447 1501 4553 ceteris

61 4557 242 4673 obliquae
265 4558 451 4649 affinitatis
476 4565 652 4681 gradibus
676 4591 794 4681 quam
816 4567 894 4651 vim
919 4543 1056 4651 habeat
1038 4571 1249 4670 ιιιιιιιιι,
1276 4592 1357 4652 non
1385 4566 1500 4688 possit
1593 4609 1594 4613 ¹

61 4676 254 4786 dubitari,
271 4705 361 4765 cum
377 4682 537 4767 hancne
563 4682 602 4767 in
621 4682 744 4796 primo
766 4684 931 4798 quidem
944 4684 1066 4800 giadu
1079 4684 1321 4773 matrimoniis
1348 4680 1498 4787 obstare

60 4807 231 4902 constet.
253 4798 336 4884 Ar
326 4810 538 4916 prrevete'n
525 4799 694 4887 divino
705 4823 797 4908 non
794 4799 943 4885 solum
954 4809 1139 4890 novercae
1161 4826 1209 4910 et
1217 4802 1419 4920 privignae
1442 4827 1501 4890 at·

60 4940 137 5030 que
159 4945 275 5009 nurus
295 4977 310 5029 ,
327 4948 426 5038 quae
443 4918 482 5008 in
499 4942 602 5008 tecta
617 4918 713 5008 linea
727 4898 983 5024 collocantur,
1000 4921 1235 5010 matrimonia
1250 4921 1500 5037 prohibeban-

953 5040 1094 5134 Hhh2
1428 5066 1507 5148 turp
