4034 5858
526 361 596 454 ,ιι
792 363 860 434 or.
885 359 1110 437 uiriottu
1134 356 1345 434 uicatim
1369 356 1632 437 τιειτιιιοιι.

494 482 682 569 monium.
713 487 843 601 Atque
861 487 954 572 haec
969 486 1166 602 quidema
1195 486 1340 603 magnis
1355 483 1543 620 tlieologis
1569 471 1805 591 traduntur,
1834 515 1879 577 ut
1893 519 1945 575 sa·

496 603 657 690 cerdotis
672 602 770 688 illam
786 603 1050 691 inficiationem
1064 605 1290 693 vindicenta
1303 604 1467 742 perjurio
1486 627 1526 691 et
1539 605 1731 711 vanitate,
1752 635 1857 721 quae
1882 640 1946 723 pa·

496 721 572 807 lam
585 749 654 858 est,
668 748 711 808 ut
726 723 877 829 dixi,
830 724 980 810 minime
996 724 1034 809 in
1047 754 1135 811 eum
1151 724 1377 828 convenire,
1393 753 1459 840 qui
1449 723 1524 809 de
1540 725 1698 839 peccatis
1714 726 1870 813 occultis
1889 754 1944 813 te-

497 841 715 927 stimonium
732 841 841 928 dicit.
871 844 1050 930 Ceterum
1072 844 1227 949 nescio,
1255 842 1362 927 hac
1352 871 1391 926 iri
1407 870 1518 928 causa
1545 872 1596 927 an
1620 841 1712 928 nihil
1743 846 1859 961 magis
1883 875 1942 931 sa·

499 960 642 1045 cerdoti
658 956 879 1077 suffragetur
895 1024 908 1068 ,
931 993 1047 1079 quam
1064 962 1212 1076 publica
1226 961 1525 1047 Christianorum
1544 961 1786 1047 doctorum
1776 990 1870 1076 Juxta
1896 990 1940 1052 et

499 1077 779 1165 indoctorum
770 1081 1051 1196 interpretatio:
1082 1110 1182 1196 quae
1199 1081 1385 1186 declarat,
1415 1078 1517 1165 hunc
1545 1079 1779 1166 intellectum
1809 1081 1938 1170 habere

499 1196 698 1312 simplicem
714 1199 913 1285 sacerdotis
927 1198 1190 1285 inficiationem
1208 1228 1246 1285 se
1261 1197 1464 1304 niliilscire,
1481 1223 1743 1316 praeterquam
1761 1225 1809 1284 ut
1831 1200 1940 1286 deum

499 1317 562 1405 vel
577 1316 834 1402 administrum
849 1320 923 1403 Dei
938 1343 976 1405 et
999 1316 1243 1405 sacramenti.
1271 1342 1317 1404 ut
1344 1317 1456 1433 siquis
1471 1317 1575 1402 aliter
1601 1319 1716 1404 verba
1750 1316 1942 1435 inficiantis

498 1437 711 1549 acceperit,
738 1437 909 1522 sacerdos
931 1463 1059 1523 tamen
1080 1437 1126 1522 sit
1148 1460 1252 1522 extra
1281 1436 1430 1552 culpam
1458 1460 1497 1521 et
1521 1435 1764 1521 mendacium
1792 1431 1942 1571 propter

498 1553 687 1668 pubhcam
699 1579 739 1641 et
763 1580 950 1670 receptam
965 1555 1333 1670 interpretationem.
1351 1553 1725 1670 quemadmodum
1699 1585 1728 1639 si
1743 1555 1830 1669 quis
1854 1553 1944 1667 juret

488 1673 693 1785 praetori,
716 1701 805 1759 veta
821 1702 859 1790 se
874 1675 924 1761 ad
939 1673 1068 1760 omnia
1084 1696 1217 1791 rogata
1241 1700 1507 1806 responsurum
1528 1729 1543 1778 ,
1571 1672 1658 1757 nihil
1675 1702 1775 1788 opus
1791 1696 1875 1778 est,
1904 1700 1942 1760 ut

499 1789 617 1877 addat
630 1790 747 1877 illud.
782 1775 997 1881 dummodo
1013 1787 1151 1897 fuero,
1179 1819 1279 1927 quae
1294 1790 1390 1906 justa
1407 1814 1551 1878 suntet
1570 1791 1744 1897 honesta,
1762 1816 1937 1907 rogatus:

497 1937 589 1994 nam
620 1911 700 2025 ipso
726 1935 875 1997 tacente
910 1910 969 1997 lex
1005 1911 1215 1997 communis
1246 1934 1286 1995 et
1318 1940 1402 1994 mos
1435 1908 1676 1994 hominum
1665 1933 1939 2024 interpretatur.

495 2030 601 2137 Ριιιι.
619 2030 655 2114 Si
672 2060 754 2140 mos
768 2030 864 2135 iste,
881 2053 921 2116 et
937 2057 1137 2116 consensus
1158 2027 1458 2114 Christianorum
1475 2026 1591 2133 facit,
1613 2053 1657 2114 ut
1688 2028 1874 2115 sacerdoti
1904 2028 1940 2113 li·

497 2172 581 2233 ceat
596 2175 759 2253 eorum,
788 2176 886 2261 quae
906 2148 1044 2253 novit,
1070 2145 1244 2232 notitiam
1267 2143 1448 2249 inficiant
1476 2143 1547 2232 fuit
1573 2141 1751 2261 profecto
1780 2173 1938 2259 tempus,

496 2292 586 2350 cuni
611 2265 650 2351 id
675 2293 756 2351 non
769 2264 915 2352 liceret.
943 2265 1117 2355 nimitum
1140 2290 1257 2370 ante,
1288 2205 1471 2382 quamde
1496 2263 1610 2348 hoc
1601 2288 1697 2350 inter
1712 2263 1938 2349 Christianos

496 2383 758 2489 convenisset,
780 2407 846 2470 aut
861 2385 920 2471 liic
947 2416 1029 2469 mos
1050 2384 1290 2471 invaluisset:
1316 2383 1426 2501 quod
1453 2410 1569 2468 nemo
1600 2382 1714 2468 tradit
1745 2381 1939 2499 theologo

496 2531 596 2588 runi.
612 2508 707 2588 Titi.
738 2445 902 2609 Fateor,
924 2534 951 2588 si
996 2502 1077 2588 uod
1107 2527 1255 2617 tempus
1284 2503 1367 2589 tale
1375 2499 1470 2586 fuit:
1500 2500 1647 2586 nullum
1672 2525 1803 2586 tamen
1834 2497 1934 2586 luisse

497 2650 610 2707 reor:
637 2621 728 2710 sed
719 2621 885 2708 instituta
890 2531 1132 2707 conlessione
1149 2622 1318 2737 protinus
1339 2617 1578 2736 Apostolos,
1594 2644 1639 2706 ut
1651 2619 1771 2705 tutius
1786 2643 1881 2705 esset
1902 2647 1935 2704 e·

497 2738 745 2875 jusatcanum
762 2767 1048 2874 atyrannorum
1064 2740 1269 2845 uiolentia,
1300 2768 1397 2826 neve
1417 2739 1519 2874 quis
1515 2768 1564 2825 eo
1596 2737 1735 2824 timore
1764 2737 1939 2824 aconfes·

498 2859 604 2944 sione
620 2859 895 2965 deterreretur,
912 2857 1037 2945 hanc
1028 2859 1369 2973 interpretationem
1384 2856 1602 2963 instituisse,
1619 2886 1843 2974 magnoque
1854 2885 1938 2941 coii-

499 3005 610 3063 sensu
631 2977 927 3064 Christianorum
947 2978 1235 3092 comprobatam
1270 2975 1424 3091 posteris
1454 2974 1561 3090 quasi
1585 3003 1651 3088 per
1685 3005 1824 3095 manus
1850 3001 1939 3061 uooe

501 3120 612 3181 tenus
627 3095 826 3182 tradidisse.
857 3094 1021 3189 Quod
996 3126 1022 3181 ιι
1038 3096 1246 3181 contendas
1274 3093 1431 3210 aliquod
1455 3116 1608 3210 tempus
1636 3088 1831 3182 institutae
1852 3122 1939 3178 coti·

502 3209 650 3300 sessioni
677 3239 717 3301 et
745 3213 855 3301 huic'
846 3212 1150 3348 interpretationi
1168 3207 1396 3319 interfuisse,
1426 3243 1507 3329 quo
1540 3241 1606 3327 per
1623 3242 1685 3298 me
1720 3242 1804 3299 non
1829 3213 1941 3298 liceret

504 3333 757 3419 sacerdotibus
782 3360 1021 3450 peccatorum
1039 3331 1279 3451 cognitorum
1298 3362 1364 3449 per
1380 3328 1656 3417 confessionem
1676 3332 1853 3419 notitiam
1869 3331 1944 3416 sim·

505 3451 645 3567 pliciter
662 3449 841 3556 inficiari,
869 3454 973 3540 haud
988 3452 1164 3568 equidem
1180 3480 1322 3566 ponatn
1340 3451 1377 3535 in
1395 3479 1539 3566 magno
1557 3449 1798 3536 discrimine.
1831 3449 1942 3535 modo

508 3600 557 3656 ne
575 3569 712 3657 idcirco
727 3595 875 3706 putes,
899 3568 1007 3656 luisse
1036 3570 1157 3655 minus
1182 3593 1354 3656 sanctum
1383 3597 1562 3652 arcanum
1586 3565 1847 3654 confessionis.
1878 3572 1946 3652 Fa·

509 3688 649 3775 ciamus
677 3689 777 3774 enim
800 3686 940 3776 fuisse.
971 3688 1116 3806 quaeris
1143 3688 1236 3804 quid
1254 3713 1347 3773 tunc
1373 3682 1510 3771 faceret
1537 3686 1711 3771 sacerdos
1744 3712 1945 3804 rogatura

436 3918 438 3921 Ι
510 3835 712 3923 praetore,
744 3837 805 3893 eui
793 3806 978 3894 dedisset
1004 3806 1282 3921 jusjurandum?
1308 3805 1512 3920 prudenter
1536 3805 1827 3939 responderet,
1859 3805 1885 3890 si
1908 3833 1945 3890 se

512 3953 667 4046 negaret
681 3928 770 4013 scire
785 3927 1007 4045 quidquam
1011 3956 1173 4032 eorum,
1205 3926 1255 4012 de
1282 3924 1419 4039 quibus
1435 3922 1690 4010 testimonium
1709 3920 1806 4010 ferre
1825 3946 1945 4038 posset

512 4073 581 4133 aut
595 4048 774 4153 deberet,
806 4072 873 4132 aut
886 4046 956 4131 alia
971 4074 1051 4131 non
1068 3988 1226 4132 dissirliili
1241 4045 1445 4132 verborum
1471 4041 1649 4129 cautione
1676 4043 1770 4129 citra
1794 4040 1950 4128 menda-

512 4166 613 4251 cium
628 4191 807 4252 uteretur.
839 4171 927 4280 Ego
953 4192 1046 4250 vero
1071 4163 1127 4248 his
1155 4191 1314 4279 quoque
1341 4159 1571 4278 temporibus
1595 4161 1711 4249 talem
1746 4161 1947 4277 quamdam

513 4285 727 4369 cautionem
751 4282 927 4369 adhibere
954 4310 1090 4367 censeo
1113 4283 1349 4387 sacerdotes,
1378 4304 1422 4365 ut
1451 4310 1531 4366 non
1555 4281 1677 4366 solum
1710 4281 1943 4367 mendacium

514 4395 665 4507 vitent,
680 4402 744 4487 sed
760 4402 873 4486 etiarn
888 4400 1045 4515 speciem
1068 4400 1252 4485 mendacii
1266 4399 1622 4537 Quemadmodum
1638 4397 1863 4486 doctissimis
1876 4397 1949 4534 qui-

324 4577 384 4627 v„
387 4573 498 4626 ow,
513 4520 674 4606 busdam
696 4518 881 4634 theologis
904 4519 1046 4633 placere
1075 4519 1213 4607 video.
1251 4544 1510 4634 praeterquam
1543 4520 1572 4603 ιι
1598 4546 1737 4634 magna
1761 4519 1950 4604 necessitas

322 4650 407 4758 3²3ng
409 4637 463 4748 {u}
456 4648 500 4685 51
491 4664 653 4774 cogat,
676 4635 897 4753 Praesidium
925 4661 1051 4750 petere
1079 4638 1128 4722 ab
1151 4637 1250 4742 liae,
1273 4665 1392 4752 quam
1408 4636 1562 4722 dicimus
1581 4695 1595 4742 ‚
1615 4640 1816 4722 communi
1842 4635 1946 4722 Cliti·

512 4759 717 4845 stianorum
733 4754 1061 4869 interpretatione.
1091 4786 1169 4872 qua
1184 4755 1389 4843 nondum
1380 4756 1575 4859 instituta,
1592 4750 1697 4839 fortis
1721 4782 1767 4839 ac
1797 4752 1950 4874 religiosi

514 4874 716 4965 sacerdotis
732 4871 881 4982 luisset,
919 4897 1081 4960 mortem
1110 4874 1235 4991 potius
1260 4898 1441 4990 oppetere
1469 4902 1623 4993 ,quarn
1646 4872 1708 4963 vel
1731 4869 1871 4964 falsum
1901 4902 1955 4961 te·

1850 5022 1957 5112 spon·
