4006 5850
658 338 978 414 eruunt.
1381 303 1503 441 ⁴431

90 477 275 582 haeresis,
299 498 366 561 aut
381 473 513 590 impius
530 469 692 556 deorum
718 465 868 578 cultus,
893 495 992 585 quae
1021 494 1088 584 per
1117 465 1397 556 translationem
1423 501 1462 561 et
1489 477 1535 564 si.

89 597 335 686 militudinem
351 591 531 682 adulteria
548 648 561 696 ,
577 585 748 704 spiritalia
762 611 890 673 tamen
909 649 921 692 ,
947 612 986 674 et
1002 612 1189 675 ¹vocentur
1203 614 1241 676 et
1258 589 1532 709 intelligantur:

88 744 262 833 quaeque
272 710 489 803 divertendi
499 707 689 794 licentiam
707 705 862 821 perinde
887 707 1115 821 praebeant,
1132 731 1248 824 atque
1263 737 1308 795 ea
1332 739 1432 824 quae
1449 743 1533 829 pro-

82 836 166 950 prie
180 833 361 923 adulteria
371 830 646 945 intelliguntur.
675 830 808 939 ltaque
826 825 1058 941 Augustinus
1076 858 1085 912 :
1116 826 1333 915 Idololatria
1350 886 1362 932 ,
1380 828 1533 947 inquit,
1564 880 1724 934 macno.

82 967 414 1061 -quamsequmrur
433 947 617 1052 infideles,
633 959 670 1030 et
684 945 866 1053 quaelibet
881 952 995 1029 noxia
1007 953 1230 1054 superstitio
1235 944 1447 1049 fornicatio
1463 969 1531 1037 est.
1548 940 1622 1050 3¹2¹?ss
1628 948 1723 1064 {331

84 1078 140 1159 Et
155 1071 286 1157 alioin
308 1071 423 1156 loco:
448 1070 537 1153 Non
552 1072 694 1169 tolum,
716 1062 865 1178 inquit,
889 1067 1090 1148 moechatio
1114 1080 1173 1147 est
1195 1071 1328 1168 illius,
1354 1075 1419 1173 qui
1448 1096 1533 1156 car·
1547 1061 1724 1172 iiisjf⁰¹⁰¹²·

79 1217 168 1274 erem
182 1218 289 1275 suam
319 1197 559 1294 coinquinat,
585 1188 660 1267 sed
674 1190 867 1291 etiamqui
881 1190 1121 1267 simulacrum
1136 1182 1277 1288 facit,
1308 1187 1532 1276 moechatur:
1547 1183 1725 1304 ,Bssjssg‘fffflffss

80 1313 185 1416 quud
198 1316 235 1393 εἰ
252 1317 291 1392 r‘rr
307 1305 505 1413 bisfactis
515 1317 767 1414 perseuerat,
784 1316 821 1388 et
830 1308 1184 1410 poenitentiamnon
1208 1310 1317 1411 agit,
1343 1310 1472 1389 recede
1484 1311 1534 1392 ab

84 1433 180 1534 illa,
202 1443 240 1512 et
253 1431 329 1512 noli
353 1432 490 1510 vivere
506 1427 685 1506 camilla.
714 1420 780 1507 Ad
808 1450 1026 1527 summam,
1056 1417 1312 1507 fornicationis
1336 1424 1535 1537 appellatio
1549 1427 1724 1545 {fflffiqnde

87 1545 257 1640 tamtare
274 1569 379 1661 patet
397 1605 408 1650 ,
423 1567 578 1630 auctore
596 1538 843 1656 Augustino,
870 1563 913 1624 ut
938 1538 1214 1654 quodcumque
1230 1537 1413 1658 flagitium
1441 1573 1534 1632 con·
1548 1544 1724 1597 ⁵²¹·⁰⁰¹¹¹³¹¹¹·

56 1661 179 1780 ¹jugis
196 1662 410 1750 alterutrius
435 1661 540 1749 alteri
569 1660 815 1748 vehementer
841 1685 885 1742 ac
912 1658 1147 1772 pertinaciter
1177 1659 1305 1764 obsit,
1334 1662 1538 1774 quominus

81 1780 214 1870 valeat
245 1782 468 1897 religionem
484 1778 639 1883 colere,
664 1776 839 1863 eamdem
855 1777 1056 1862 notionem
1069 1801 1107 1863 et
1131 1775 1208 1865 vim
1239 1806 1283 1863 ac
1309 1778 1536 1872 adulterium

84 1902 138 1988 ad
157 1899 424 1989 divertendum
443 1899 582 1985 habere
601 1894 847 2012 intelligatur.
879 1901 984 1982 Nam
1014 1895 1236 1983 licetmariti
1249 1895 1404 1982 crimina
1424 1903 1539 1987 maxi·

80 2047 152 2106 ma
171 2019 458 2134 turpissimaque
476 2017 585 2123 sint,
607 2014 683 2102 ¹nisi
705 2038 839 2099 tamen
873 2045 1030 2102 uxorem
1053 2045 1084 2100 a
1109 2015 1294 2133 religione
1316 2039 1435 2134 atque
1464 2022 1540 2108 Dei

75 2136 191 2223 tritu
221 2138 465 2242 deterreant,
494 2165 575 2222 non
605 2131 852 2221 licebituxori
880 2134 1055 2220 amarito
1084 2131 1298 2223 facinoroso
1319 2134 1537 2226 divertere:

79 2282 158 2344 nec
174 2285 196 2340 e
215 2255 364 2345 diverso
379 2255 521 2342 marito
537 2254 589 2339 ob
599 2253 740 2339 similes
755 2281 883 2338 causas
899 2282 1058 2344 uxorem
1072 2254 1286 2367 repudiare.
1593 2364 1596 2368 ¹

143 2374 282 2460 XXV..
335 2374 418 2462 ‘Sed
434 2372 819 2487 intelligendumest,
851 2371 962 2485 quod
978 2395 1075 2456 ratas
1091 2373 1240 2485 nuptias
1254 2368 1440 2460 adulterio
1455 2399 1539 2464 tan·

78 2513 171 2579 tum
187 2509 254 2580 aut
270 2492 378 2579 simili
390 2489 672 2608 flagitiodirimi
684 2518 794 2604 posse
810 2519 901 2574 mox
916 2489 1102 2593 diximus,
1118 2489 1156 2576 id
1170 2490 1220 2576 sic
1233 2490 1348 2605 accipi
1370 2519 1538 2606 oportet,

78 2610 184 2697 dum
198 2611 350 2728 utrique
366 2634 519 2699 mancat
535 2638 580 2694 ea
596 2607 697 2713 uita,
712 2608 751 2694 in
767 2636 846 2722 qua
860 2604 972 2694 fuerit
990 2609 1537 2700 matrimonium—contractum.

77 2730 192 2815 Nam
216 2746 343 2818 morte
358 2728 570 2816 alterutrius
585 2725 882 2832 interveniente,
905 2727 1030 2813 soluta
1057 2751 1115 2813 est
1131 2728 1291 2816 uinculo
1313 2727 1426 2845 jugali
1446 2761 1537 2847 per-

77 2875 183 2933 sona
198 2874 382 2966 superstes
402 2880 413 2934 ε
436 2876 515 2935 nec
538 2844 627 2933 alias
651 2844 801 2960 nuptias
816 2844 1018 2951 asciscere,
1036 2871 1197 2932 auctore
1212 2847 1356 2953 Paulo,
1375 2873 1537 2938 vetatur.

81 2964 265 3054 Mortem
276 2996 402 3084 porto
425 2965 614 3085 duplicem
640 2991 746 3071 esse,
771 2964 840 3051 viri
866 2963 1024 3081 religiosi
1054 2963 1268 3053 tradidere:
1291 2966 1537 3074 naturalem,

63 3107 190 3198 vquae
205 3110 262 3173 est
280 3087 437 3173 ,animae
452 3110 567 3202 atque
582 3082 944 3199 corporis-discessus
963 3114 974 3169 ι
1002 3082 1200 3198 spiritalem
1220 3146 1232 3189 ‚
1250 3114 1351 3171 -cum
1369 3083 1537 3202 religioni

86 3200 455 3321 devotusquispiam
477 3234 530 3292 ex
551 3202 802 3290 mundanain
828 3199 1026 3316 spiritalem
1058 3202 1358 3320 vitamsmigrat,
1378 3231 1424 3298 vet
1448 3210 1537 3297 Deo

76 3320 195 3432 quasi
213 3324 390 3412 nascitur.
405 3330 513 3434 Ergo
528 3319 671 3409 factum
687 3345 825 3429 est,ut
840 3315 1068 3435 professione
1083 3349 1241 3437 quoque
1258 3321 1442 3439 religionis
1455 3353 1537 3411 ma·
1562 3373 1601 3427 1„
1617 3386 1725 3431 conver.

84 3435 309 3524 stimonium
326 3436 480 3523 dissolvi
497 3440 677 3552 placuerit
692 3440 858 3549 patribus
874 3438 1019 3524 sanctu.
1044 3442 1107 3525 ‘Ut
1130 3465 1257 3527 autem
1273 3439 1360 3557 post
1387 3443 1535 3556 nuptias
1548 3441 1719 3551 ffflffglifjg

87 3551 256 3642 alterutri
281 3555 390 3641 liceat
406 3553 578 3672 religioni
600 3583 640 3640 se
660 3554 852 3640 devovere
868 3615 881 3659 ,
896 3556 1021 3644 :tribus
1045 3559 1344 3648 omninomodis
1366 3559 1536 3649 accidere
1547 3556 1697 3620 ⁸¹‘’‘⁰⁶⁴‘³‘·

85 3696 238 3785 potest:
253 3674 376 3790 primo
393 3735 406 3780 ,
424 3673 456 3758 si
469 3673 609 3787 conjux
623 3668 792 3757 adulterii
807 3674 1056 3769 convincatur
1074 3708 1083 3762 :
1109 3678 1290 3765 secundo
1305 3740 1318 3785 ,
1334 3677 1534 3768 siconsen·

82 3788 153 3877 tiat
167 3790 268 3879 idem
281 3852 296 3899 ,
310 3792 389 3881 sive
403 3791 558 3907 perinde
570 3820 619 3881 se
632 3789 799 3907 religioni
822 3792 1125 3906 mancipaverit„
1145 3796 1285 3884 sivein
1303 3796 1408 3904 vita,
1433 3828 1533 3916 quae

79 3908 218 3998 dicitur
246 3911 481 4018 ‚saecularis,
502 3910 603 3999 citra
622 3909 877 4024 suspicionem
901 3936 1030 3998 tamen
1053 3914 1344 4005 incontinentiae
1364 3946 1535 4033 perseue-

82 4053 168 4114 ret:
198 4031 340 4138 tertio‚
369 4030 556 4148 quamdiu
582 4027 675 4119 virili
691 4048 811 4144 opera
823 4058 904 4116 non
925 4027 1036 4117 fuerit
1050 4034 1341 4125 ,matrimonium
1359 4063 1533 4124 consum·
1559 4091 1719 4154 0„,‚„mm

83 4169 243 4234 matum.
279 4153 409 4268 Atque
436 4149 513 4237 hoc
544 4148 700 4267 quidem
722 4147 857 4236 ultimo
871 4151 994 4237 modo
1010 4151 1094 4237 licet
1110 4151 1150 4238 in
1166 4154 1341 4240 saeculari
1351 4155 1433 4245 -vita
1449 4186 1530 4274 per-
1543 4159 1721 4264 pudorem

73 4268 337 4358 severanttad
353 4269 440 4358 alias
456 4266 772 4386 mansionuptias
793 4301 802 4357 :
820 4296 935 4359 secus
952 4268 1054 4358 nulla
1069 4271 1213 4362 ratione
1227 4274 1353 4373 datur,
