<?xml version="1.0" encoding="UTF-8"?>
<!DOCTYPE html PUBLIC "-//W3C//DTD XHTML 1.0 Transitional//EN"
    "http://www.w3.org/TR/xhtml1/DTD/xhtml1-transitional.dtd">
<html xmlns="http://www.w3.org/1999/xhtml" xml:lang="en" lang="en">
 <head>
  <title>
</title>
<meta http-equiv="Content-Type" content="text/html;charset=utf-8" />
  <meta name='ocr-system' content='tesseract 3.04.00' />
  <meta name='ocr-capabilities' content='ocr_page ocr_carea ocr_par ocr_line ocrx_word'/>
</head>
<body>
  <div class='ocr_page' id='page_1' title='image "./joannisgenesiis01sepgoog/joannisgenesiis01sepgoog_0242.png"; bbox 0 0 4050 5858; ppageno 0'>
   <div class='ocr_carea' id='block_1_1' title="bbox 644 398 1497 495">
    <p class='ocr_par' dir='ltr' id='par_1_1' title="bbox 644 342 1497 495">
     <span class='ocr_line' id='line_1_1' title="bbox 644 398 1497 495; baseline -0.001 -25"><span class='ocrx_word' id='word_1_1' title='bbox 644 398 851 472; x_wconf 85' lang='lat' dir='ltr'>LIBER</span> <span class='ocrx_word' id='word_1_2' title='bbox 899 400 929 467; x_wconf 64' lang='grc' dir='ltr'>Ι.</span> <span class='ocrx_word' id='word_1_3' title='bbox 1420 423 1497 495; x_wconf 74' lang='lat'>247.</span> 
     </span>
    </p>
   </div>
   <div class='ocr_carea' id='block_1_2' title="bbox 13 518 1727 5148">
    <p class='ocr_par' dir='ltr' id='par_1_2' title="bbox 64 518 1523 640">
     <span class='ocr_line' id='line_1_2' title="bbox 64 518 1523 640; baseline -0.014 -7"><span class='ocrx_word' id='word_1_4' title='bbox 64 545 271 632; x_wconf 89' lang='lat' dir='ltr'>braeorum</span> <span class='ocrx_word' id='word_1_5' title='bbox 292 526 432 622; x_wconf 85' lang='lat' dir='ltr'>bellum</span> <span class='ocrx_word' id='word_1_6' title='bbox 456 527 635 616; x_wconf 87' lang='lat' dir='ltr'>adversus</span> <span class='ocrx_word' id='word_1_7' title='bbox 661 550 829 640; x_wconf 91' lang='lat' dir='ltr'>quatuor</span> <span class='ocrx_word' id='word_1_8' title='bbox 860 549 966 639; x_wconf 89' lang='lat' dir='ltr'>reges</span> <span class='ocrx_word' id='word_1_9' title='bbox 999 518 1224 608; x_wconf 82' lang='lat' dir='ltr'>exsultantes</span> <span class='ocrx_word' id='word_1_10' title='bbox 1251 524 1409 610; x_wconf 89' lang='lat' dir='ltr'>victoria</span> <span class='ocrx_word' id='word_1_11' title='bbox 1439 558 1523 614; x_wconf 90' lang='lat' dir='ltr'>sus-</span> 
     </span>
    </p>

    <p class='ocr_par' dir='ltr' id='par_1_3' title="bbox 70 638 1525 779">
     <span class='ocr_line' id='line_1_3' title="bbox 70 638 1525 779; baseline -0.006 -35"><span class='ocrx_word' id='word_1_12' title='bbox 70 661 172 779; x_wconf 84' lang='lat' dir='ltr'>cepit</span> <span class='ocrx_word' id='word_1_13' title='bbox 186 720 199 765; x_wconf 94' lang='lat'>,</span> <span class='ocrx_word' id='word_1_14' title='bbox 214 681 254 743; x_wconf 91' lang='lat' dir='ltr'>et</span> <span class='ocrx_word' id='word_1_15' title='bbox 276 653 418 771; x_wconf 84' lang='lat' dir='ltr'>praeda</span> <span class='ocrx_word' id='word_1_16' title='bbox 446 673 605 735; x_wconf 89' lang='lat' dir='ltr'>onustos</span> <span class='ocrx_word' id='word_1_17' title='bbox 636 638 735 729; x_wconf 83' lang='lat' dir='ltr'>fudit</span> <span class='ocrx_word' id='word_1_18' title='bbox 757 644 808 729; x_wconf 90' lang='lat' dir='ltr'>ad</span> <span class='ocrx_word' id='word_1_19' title='bbox 823 647 1083 746; x_wconf 81' lang='lat' dir='ltr'>Damascum,</span> <span class='ocrx_word' id='word_1_20' title='bbox 1102 666 1143 727; x_wconf 95' lang='lat' dir='ltr'>et</span> <span class='ocrx_word' id='word_1_21' title='bbox 1171 639 1372 754; x_wconf 89' lang='lat' dir='ltr'>spoliavit:</span> <span class='ocrx_word' id='word_1_22' title='bbox 1402 675 1525 764; x_wconf 88' lang='lat' dir='ltr'>aquo</span> 
     </span>
    </p>

    <p class='ocr_par' dir='ltr' id='par_1_4' title="bbox 70 758 1526 869">
     <span class='ocr_line' id='line_1_4' title="bbox 70 758 1526 869; baseline -0.016 -1"><span class='ocrx_word' id='word_1_23' title='bbox 70 761 171 868; x_wconf 88' lang='lat' dir='ltr'>bello</span> <span class='ocrx_word' id='word_1_24' title='bbox 193 771 368 863; x_wconf 84' lang='lat' dir='ltr'><strong>redeunti</strong></span> <span class='ocrx_word' id='word_1_25' title='bbox 389 764 583 854; x_wconf 85' lang='lat' dir='ltr'>benedixit</span> <span class='ocrx_word' id='word_1_26' title='bbox 597 759 921 848; x_wconf 88' lang='lat' dir='ltr'>Melchisedechus</span> <span class='ocrx_word' id='word_1_27' title='bbox 941 759 1114 846; x_wconf 82' lang='lat' dir='ltr'>sacerdos</span> <span class='ocrx_word' id='word_1_28' title='bbox 1130 759 1204 845; x_wconf 93' lang='lat' dir='ltr'>Dei</span> <span class='ocrx_word' id='word_1_29' title='bbox 1219 758 1406 869; x_wconf 85' lang='lat' dir='ltr'>altissimi,</span> <span class='ocrx_word' id='word_1_30' title='bbox 1423 794 1526 855; x_wconf 73' lang='lat' dir='ltr'>eunt.</span> 
     </span>
    </p>

    <p class='ocr_par' dir='ltr' id='par_1_5' title="bbox 68 878 1527 1013">
     <span class='ocr_line' id='line_1_5' title="bbox 68 878 1527 1013; baseline -0.009 -26"><span class='ocrx_word' id='word_1_31' title='bbox 68 900 235 1013; x_wconf 89' lang='lat' dir='ltr'>demque</span> <span class='ocrx_word' id='word_1_32' title='bbox 261 898 351 978; x_wconf 89' lang='lat' dir='ltr'>Deo</span> <span class='ocrx_word' id='word_1_33' title='bbox 373 884 619 974; x_wconf 87' lang='lat' dir='ltr'>benedictum</span> <span class='ocrx_word' id='word_1_34' title='bbox 638 880 870 997; x_wconf 86' lang='lat' dir='ltr'>appellavit,</span> <span class='ocrx_word' id='word_1_35' title='bbox 899 878 1042 995; x_wconf 87' lang='lat' dir='ltr'>quippe</span> <span class='ocrx_word' id='word_1_36' title='bbox 1073 906 1164 964; x_wconf 91' lang='lat' dir='ltr'>cum</span> <span class='ocrx_word' id='word_1_37' title='bbox 1189 907 1347 967; x_wconf 88' lang='lat' dir='ltr'>munere</span> <span class='ocrx_word' id='word_1_38' title='bbox 1375 879 1527 975; x_wconf 84' lang='lat' dir='ltr'>functtts</span> 
     </span>
    </p>

    <p class='ocr_par' dir='ltr' id='par_1_6' title="bbox 68 1003 1590 1240">
     <span class='ocr_line' id='line_1_6' title="bbox 68 1003 1590 1130; baseline -0.018 -25"><span class='ocrx_word' id='word_1_39' title='bbox 68 1040 193 1121; x_wconf 86' lang='lat' dir='ltr'>esset,</span> <span class='ocrx_word' id='word_1_40' title='bbox 210 1010 322 1130; x_wconf 90' lang='lat' dir='ltr'>quod</span> <span class='ocrx_word' id='word_1_41' title='bbox 347 1013 436 1094; x_wconf 90' lang='lat' dir='ltr'>Deo</span> <span class='ocrx_word' id='word_1_42' title='bbox 462 1003 602 1091; x_wconf 86' lang='lat' dir='ltr'>sciebat</span> <span class='ocrx_word' id='word_1_43' title='bbox 623 1028 702 1086; x_wconf 88' lang='lat' dir='ltr'>esse</span> <span class='ocrx_word' id='word_1_44' title='bbox 731 1022 971 1117; x_wconf 84' lang='lat' dir='ltr'>pergratum.</span> <span class='ocrx_word' id='word_1_45' title='bbox 1519 1046 1522 1052; x_wconf 87' lang='lat'><em>·</em></span> <span class='ocrx_word' id='word_1_46' title='bbox 1587 1035 1590 1042; x_wconf 91' lang='grc'>·</span> 
     </span>
     <span class='ocr_line' id='line_1_7' title="bbox 143 1113 1524 1240; baseline -0.005 -24"><span class='ocrx_word' id='word_1_47' title='bbox 143 1133 292 1220; x_wconf 90' lang='lat' dir='ltr'><strong>XXIV.</strong></span> <span class='ocrx_word' id='word_1_48' title='bbox 369 1123 451 1223; x_wconf 91' lang='lat' dir='ltr'>Qui</span> <span class='ocrx_word' id='word_1_49' title='bbox 478 1151 572 1240; x_wconf 89' lang='lat' dir='ltr'>ergo</span> <span class='ocrx_word' id='word_1_50' title='bbox 597 1117 694 1205; x_wconf 87' lang='lat' dir='ltr'>bella</span> <span class='ocrx_word' id='word_1_51' title='bbox 715 1119 870 1233; x_wconf 88' lang='lat' dir='ltr'>cupita</span> <span class='ocrx_word' id='word_1_52' title='bbox 899 1115 1089 1201; x_wconf 89' lang='lat' dir='ltr'>mentibus</span> <span class='ocrx_word' id='word_1_53' title='bbox 1115 1113 1316 1202; x_wconf 87' lang='lat' dir='ltr'>hominum</span> <span class='ocrx_word' id='word_1_54' title='bbox 1350 1119 1524 1232; x_wconf 85' lang='lat' dir='ltr'>aboleri,</span> 
     </span>
    </p>

    <p class='ocr_par' dir='ltr' id='par_1_7' title="bbox 63 1233 1527 1366">
     <span class='ocr_line' id='line_1_8' title="bbox 63 1233 1527 1366; baseline -0.01 -25"><span class='ocrx_word' id='word_1_55' title='bbox 63 1281 150 1342; x_wconf 87' lang='lat' dir='ltr'>tem</span> <span class='ocrx_word' id='word_1_56' title='bbox 182 1248 289 1366; x_wconf 89' lang='lat' dir='ltr'>cupit</span> <span class='ocrx_word' id='word_1_57' title='bbox 314 1244 529 1360; x_wconf 80' lang='lat' dir='ltr'>optimam,</span> <span class='ocrx_word' id='word_1_58' title='bbox 559 1263 598 1326; x_wconf 89' lang='lat' dir='ltr'>et</span> <span class='ocrx_word' id='word_1_59' title='bbox 627 1237 801 1325; x_wconf 90' lang='lat' dir='ltr'>omnium</span> <span class='ocrx_word' id='word_1_60' title='bbox 834 1234 994 1321; x_wconf 86' lang='lat' dir='ltr'>maxime</span> <span class='ocrx_word' id='word_1_61' title='bbox 1031 1233 1203 1320; x_wconf 86' lang='lat' dir='ltr'>humano</span> <span class='ocrx_word' id='word_1_62' title='bbox 1227 1236 1356 1350; x_wconf 83' lang='lat' dir='ltr'>generi</span> <span class='ocrx_word' id='word_1_63' title='bbox 1384 1239 1527 1328; x_wconf 85' lang='lat' dir='ltr'>saluta·</span> 
     </span>
    </p>

    <p class='ocr_par' dir='ltr' id='par_1_8' title="bbox 65 1352 1527 1475">
     <span class='ocr_line' id='line_1_9' title="bbox 65 1352 1527 1475; baseline -0.007 -17"><span class='ocrx_word' id='word_1_64' title='bbox 65 1400 174 1457; x_wconf 90' lang='lat' dir='ltr'>rem:</span> <span class='ocrx_word' id='word_1_65' title='bbox 194 1368 260 1454; x_wconf 91' lang='lat' dir='ltr'>sed</span> <span class='ocrx_word' id='word_1_66' title='bbox 280 1391 374 1453; x_wconf 91' lang='lat' dir='ltr'>tunc</span> <span class='ocrx_word' id='word_1_67' title='bbox 394 1361 519 1475; x_wconf 81' lang='lat' dir='ltr'>jubeat</span> <span class='ocrx_word' id='word_1_68' title='bbox 534 1358 659 1443; x_wconf 90' lang='lat' dir='ltr'>bonos</span> <span class='ocrx_word' id='word_1_69' title='bbox 674 1356 867 1472; x_wconf 78' lang='lat' dir='ltr'>justosque</span> <span class='ocrx_word' id='word_1_70' title='bbox 892 1353 994 1440; x_wconf 85' lang='lat' dir='ltr'>viros</span> <span class='ocrx_word' id='word_1_71' title='bbox 1009 1380 1114 1437; x_wconf 86' lang='lat' dir='ltr'>arma</span> <span class='ocrx_word' id='word_1_72' title='bbox 1139 1352 1179 1436; x_wconf 93' lang='lat' dir='ltr'>in</span> <span class='ocrx_word' id='word_1_73' title='bbox 1205 1353 1297 1440; x_wconf 91' lang='lat' dir='ltr'>alios</span> <span class='ocrx_word' id='word_1_74' title='bbox 1314 1386 1410 1442; x_wconf 90' lang='lat' dir='ltr'>usus</span> <span class='ocrx_word' id='word_1_75' title='bbox 1427 1359 1527 1448; x_wconf 86' lang='lat' dir='ltr'>virae</span> 
     </span>
    </p>

    <p class='ocr_par' dir='ltr' id='par_1_9' title="bbox 68 1470 1528 1590">
     <span class='ocr_line' id='line_1_10' title="bbox 68 1470 1528 1590; baseline -0.006 -16"><span class='ocrx_word' id='word_1_76' title='bbox 68 1489 262 1574; x_wconf 81' lang='lat' dir='ltr'>humanae</span> <span class='ocrx_word' id='word_1_77' title='bbox 286 1479 507 1567; x_wconf 88' lang='lat' dir='ltr'>necessarios</span> <span class='ocrx_word' id='word_1_78' title='bbox 534 1472 733 1580; x_wconf 83' lang='lat' dir='ltr'>conflare,</span> <span class='ocrx_word' id='word_1_79' title='bbox 760 1502 849 1559; x_wconf 90' lang='lat' dir='ltr'>cum</span> <span class='ocrx_word' id='word_1_80' title='bbox 874 1470 1088 1585; x_wconf 71' lang='lat' dir='ltr'>iniustitiam</span> <span class='ocrx_word' id='word_1_81' title='bbox 1108 1494 1149 1556; x_wconf 92' lang='lat' dir='ltr'>et</span> <span class='ocrx_word' id='word_1_82' title='bbox 1179 1471 1296 1558; x_wconf 88' lang='lat' dir='ltr'>scelus</span> <span class='ocrx_word' id='word_1_83' title='bbox 1327 1475 1475 1590; x_wconf 91' lang='lat' dir='ltr'>penitus</span> <span class='ocrx_word' id='word_1_84' title='bbox 1504 1507 1528 1564; x_wconf 90' lang='lat' dir='ltr'>a</span> 
     </span>
    </p>

    <p class='ocr_par' dir='ltr' id='par_1_10' title="bbox 70 1586 1528 1708">
     <span class='ocr_line' id='line_1_11' title="bbox 70 1586 1528 1708; baseline -0.005 -17"><span class='ocrx_word' id='word_1_85' title='bbox 70 1601 371 1692; x_wconf 83' lang='lat' dir='ltr'>facinorosorum</span> <span class='ocrx_word' id='word_1_86' title='bbox 396 1597 527 1683; x_wconf 78' lang='lat' dir='ltr'>aruntis</span> <span class='ocrx_word' id='word_1_87' title='bbox 549 1593 825 1708; x_wconf 83' lang='lat' dir='ltr'>exstirpaverit.</span> <span class='ocrx_word' id='word_1_88' title='bbox 850 1590 931 1676; x_wconf 89' lang='lat' dir='ltr'>Nisi</span> <span class='ocrx_word' id='word_1_89' title='bbox 944 1590 1046 1675; x_wconf 89' lang='lat' dir='ltr'>enim</span> <span class='ocrx_word' id='word_1_90' title='bbox 1060 1586 1171 1704; x_wconf 89' lang='lat' dir='ltr'>lupos</span> <span class='ocrx_word' id='word_1_91' title='bbox 1186 1590 1372 1679; x_wconf 85' lang='lat' dir='ltr'>sustuleris</span> <span class='ocrx_word' id='word_1_92' title='bbox 1394 1620 1434 1681; x_wconf 87' lang='lat' dir='ltr'>et</span> <span class='ocrx_word' id='word_1_93' title='bbox 1452 1626 1528 1684; x_wconf 90' lang='lat' dir='ltr'>ma·</span> 
     </span>
    </p>

    <p class='ocr_par' dir='ltr' id='par_1_11' title="bbox 69 1706 1529 1828">
     <span class='ocr_line' id='line_1_12' title="bbox 69 1706 1529 1828; baseline -0.005 -17"><span class='ocrx_word' id='word_1_94' title='bbox 69 1720 177 1810; x_wconf 87' lang='lat' dir='ltr'>lcfica</span> <span class='ocrx_word' id='word_1_95' title='bbox 197 1717 372 1809; x_wconf 90' lang='lat' dir='ltr'>animalia</span> <span class='ocrx_word' id='word_1_96' title='bbox 388 1777 402 1823; x_wconf 94' lang='lat'>,</span> <span class='ocrx_word' id='word_1_97' title='bbox 418 1741 631 1828; x_wconf 80' lang='lat' dir='ltr'>numquam</span> <span class='ocrx_word' id='word_1_98' title='bbox 659 1710 799 1827; x_wconf 83' lang='lat' dir='ltr'>pastori</span> <span class='ocrx_word' id='word_1_99' title='bbox 829 1706 1068 1824; x_wconf 86' lang='lat' dir='ltr'>persuadebis</span> <span class='ocrx_word' id='word_1_100' title='bbox 1084 1768 1097 1813; x_wconf 99' lang='lat'>,</span> <span class='ocrx_word' id='word_1_101' title='bbox 1113 1710 1163 1793; x_wconf 87' lang='lat' dir='ltr'>ne</span> <span class='ocrx_word' id='word_1_102' title='bbox 1186 1732 1314 1795; x_wconf 90' lang='lat' dir='ltr'>utatur</span> <span class='ocrx_word' id='word_1_103' title='bbox 1343 1714 1529 1828; x_wconf 90' lang='lat' dir='ltr'>praesidio</span> 
     </span>
    </p>

    <p class='ocr_par' dir='ltr' id='par_1_12' title="bbox 13 1823 1531 1946">
     <span class='ocr_line' id='line_1_13' title="bbox 13 1823 1531 1946; baseline -0.002 -23"><span class='ocrx_word' id='word_1_104' title='bbox 13 1901 18 1908; x_wconf 84' lang='grc'>-</span> <span class='ocrx_word' id='word_1_105' title='bbox 69 1870 237 1928; x_wconf 87' lang='lat' dir='ltr'>canum.</span> <span class='ocrx_word' id='word_1_106' title='bbox 273 1841 367 1924; x_wconf 87' lang='lat' dir='ltr'>Hoc</span> <span class='ocrx_word' id='word_1_107' title='bbox 393 1833 496 1920; x_wconf 88' lang='lat' dir='ltr'>enim</span> <span class='ocrx_word' id='word_1_108' title='bbox 527 1860 607 1917; x_wconf 88' lang='lat' dir='ltr'>esse</span> <span class='ocrx_word' id='word_1_109' title='bbox 632 1829 804 1946; x_wconf 86' lang='lat' dir='ltr'>principis</span> <span class='ocrx_word' id='word_1_110' title='bbox 827 1823 995 1914; x_wconf 86' lang='lat' dir='ltr'>officium</span> <span class='ocrx_word' id='word_1_111' title='bbox 1017 1850 1087 1933; x_wconf 89' lang='lat' dir='ltr'>,et</span> <span class='ocrx_word' id='word_1_112' title='bbox 1120 1825 1233 1912; x_wconf 89' lang='lat' dir='ltr'>civilis</span> <span class='ocrx_word' id='word_1_113' title='bbox 1266 1826 1366 1916; x_wconf 88' lang='lat' dir='ltr'>vitae</span> <span class='ocrx_word' id='word_1_114' title='bbox 1394 1832 1531 1920; x_wconf 90' lang='lat' dir='ltr'>rationi</span> 
     </span>
    </p>

    <p class='ocr_par' dir='ltr' id='par_1_13' title="bbox 71 1945 1531 2064">
     <span class='ocr_line' id='line_1_14' title="bbox 71 1945 1531 2064; baseline -0.003 -20"><span class='ocrx_word' id='word_1_115' title='bbox 71 1957 282 2049; x_wconf 90' lang='lat' dir='ltr'>convenire</span> <span class='ocrx_word' id='word_1_116' title='bbox 298 2017 311 2062; x_wconf 95' lang='lat'>,</span> <span class='ocrx_word' id='word_1_117' title='bbox 327 1951 467 2040; x_wconf 85' lang='lat' dir='ltr'>Christi</span> <span class='ocrx_word' id='word_1_118' title='bbox 492 1978 591 2037; x_wconf 89' lang='lat' dir='ltr'>evan</span> <span class='ocrx_word' id='word_1_119' title='bbox 619 1948 710 2032; x_wconf 88' lang='lat' dir='ltr'>elica</span> <span class='ocrx_word' id='word_1_120' title='bbox 736 1946 854 2035; x_wconf 85' lang='lat' dir='ltr'>verba</span> <span class='ocrx_word' id='word_1_121' title='bbox 879 1945 1070 2033; x_wconf 88' lang='lat' dir='ltr'>declarant</span> <span class='ocrx_word' id='word_1_122' title='bbox 1093 1945 1319 2061; x_wconf 89' lang='lat' dir='ltr'>apertissime</span> <span class='ocrx_word' id='word_1_123' title='bbox 1334 2008 1346 2053; x_wconf 99' lang='lat'>,</span> <span class='ocrx_word' id='word_1_124' title='bbox 1362 1951 1430 2064; x_wconf 93' lang='lat' dir='ltr'>qui</span> <span class='ocrx_word' id='word_1_125' title='bbox 1445 1951 1531 2039; x_wconf 89' lang='lat' dir='ltr'>licet</span> 
     </span>
    </p>

    <p class='ocr_par' dir='ltr' id='par_1_14' title="bbox 73 2063 1531 2194">
     <span class='ocr_line' id='line_1_15' title="bbox 73 2063 1531 2194; baseline -0.005 -29"><span class='ocrx_word' id='word_1_126' title='bbox 73 2077 154 2193; x_wconf 86' lang='lat' dir='ltr'>ipse</span> <span class='ocrx_word' id='word_1_127' title='bbox 185 2071 446 2194; x_wconf 80' lang='lat' dir='ltr'>perfecioretn</span> <span class='ocrx_word' id='word_1_128' title='bbox 474 2066 575 2184; x_wconf 86' lang='lat' dir='ltr'>spirit</span> <span class='ocrx_word' id='word_1_129' title='bbox 610 2095 749 2184; x_wconf 89' lang='lat' dir='ltr'>emque</span> <span class='ocrx_word' id='word_1_130' title='bbox 777 2066 895 2155; x_wconf 88' lang='lat' dir='ltr'>viram</span> <span class='ocrx_word' id='word_1_131' title='bbox 921 2063 1146 2182; x_wconf 85' lang='lat' dir='ltr'>delegisset,</span> <span class='ocrx_word' id='word_1_132' title='bbox 1163 2087 1203 2150; x_wconf 92' lang='lat' dir='ltr'>et</span> <span class='ocrx_word' id='word_1_133' title='bbox 1234 2089 1433 2180; x_wconf 90' lang='lat' dir='ltr'>propterea</span> <span class='ocrx_word' id='word_1_134' title='bbox 1462 2101 1531 2158; x_wconf 87' lang='lat' dir='ltr'>to·</span> 
     </span>
    </p>

    <p class='ocr_par' dir='ltr' id='par_1_15' title="bbox 77 2183 1678 2313">
     <span class='ocr_line' id='line_1_16' title="bbox 77 2183 1678 2313; baseline -0.009 -30"><span class='ocrx_word' id='word_1_135' title='bbox 77 2221 215 2313; x_wconf 52' lang='lat' dir='ltr'>garam</span> <span class='ocrx_word' id='word_1_136' title='bbox 240 2223 291 2278; x_wconf 89' lang='lat' dir='ltr'>an</span> <span class='ocrx_word' id='word_1_137' title='bbox 311 2196 393 2278; x_wconf 84' lang='lat' dir='ltr'>Rex</span> <span class='ocrx_word' id='word_1_138' title='bbox 416 2209 544 2291; x_wconf 59' lang='lat' dir='ltr'>essa,</span> <span class='ocrx_word' id='word_1_139' title='bbox 565 2215 679 2272; x_wconf 88' lang='lat' dir='ltr'>suum</span> <span class='ocrx_word' id='word_1_140' title='bbox 705 2211 859 2296; x_wconf 81' lang='lat' dir='ltr'>regnum</span> <span class='ocrx_word' id='word_1_141' title='bbox 884 2210 952 2270; x_wconf 82' lang='lat' dir='ltr'>non</span> <span class='ocrx_word' id='word_1_142' title='bbox 975 2210 1060 2269; x_wconf 87' lang='lat' dir='ltr'>esse</span> <span class='ocrx_word' id='word_1_143' title='bbox 1081 2183 1192 2294; x_wconf 78' lang='lat' dir='ltr'>hujus</span> <span class='ocrx_word' id='word_1_144' title='bbox 1224 2190 1350 2268; x_wconf 81' lang='lat' dir='ltr'>mundi</span> <span class='ocrx_word' id='word_1_145' title='bbox 1380 2216 1529 2305; x_wconf 90' lang='lat' dir='ltr'>respon·</span> <span class='ocrx_word' id='word_1_146' title='bbox 1542 2206 1617 2270; x_wconf 71' lang='lat' dir='ltr'>lm·</span> <span class='ocrx_word' id='word_1_147' title='bbox 1639 2209 1678 2258; x_wconf 67' lang='grc' dir='ltr'>ιο.</span> 
     </span>
    </p>

    <p class='ocr_par' dir='ltr' id='par_1_16' title="bbox 78 2303 1530 2420">
     <span class='ocr_line' id='line_1_17' title="bbox 78 2303 1530 2420; baseline -0.017 -20"><span class='ocrx_word' id='word_1_148' title='bbox 78 2313 188 2400; x_wconf 84' lang='lat' dir='ltr'>disset</span> <span class='ocrx_word' id='word_1_149' title='bbox 195 2344 211 2418; x_wconf 93' lang='lat'>,·</span> <span class='ocrx_word' id='word_1_150' title='bbox 221 2310 315 2398; x_wconf 91' lang='lat' dir='ltr'>illud</span> <span class='ocrx_word' id='word_1_151' title='bbox 335 2334 466 2395; x_wconf 89' lang='lat' dir='ltr'>tamen</span> <span class='ocrx_word' id='word_1_152' title='bbox 490 2303 653 2420; x_wconf 83' lang='lat' dir='ltr'>adjecit,</span> <span class='ocrx_word' id='word_1_153' title='bbox 668 2309 706 2387; x_wconf 75' lang='grc' dir='ltr'>εἰ</span> <span class='ocrx_word' id='word_1_154' title='bbox 721 2332 772 2389; x_wconf 83' lang='lat' dir='ltr'>ear</span> <span class='ocrx_word' id='word_1_155' title='bbox 786 2306 854 2390; x_wconf 82' lang='lat' dir='ltr'>hoc</span> <span class='ocrx_word' id='word_1_156' title='bbox 870 2307 1001 2386; x_wconf 83' lang='lat' dir='ltr'>mundo</span> <span class='ocrx_word' id='word_1_157' title='bbox 1014 2316 1122 2386; x_wconf 39' lang='lat' dir='ltr'>esset.</span> <span class='ocrx_word' id='word_1_158' title='bbox 1138 2328 1290 2409; x_wconf 84' lang='lat' dir='ltr'>regnum</span> <span class='ocrx_word' id='word_1_159' title='bbox 1310 2329 1448 2411; x_wconf 70' lang='lat' dir='ltr'>mum,</span> <span class='ocrx_word' id='word_1_160' title='bbox 1465 2319 1530 2392; x_wconf 70' lang='lat' dir='ltr'>mi.</span> 
     </span>
    </p>

    <p class='ocr_par' dir='ltr' id='par_1_17' title="bbox 79 2417 1658 2534">
     <span class='ocr_line' id='line_1_18' title="bbox 79 2417 1658 2534; baseline -0.004 -18"><span class='ocrx_word' id='word_1_161' title='bbox 79 2438 198 2515; x_wconf 73' lang='lat' dir='ltr'>mitri</span> <span class='ocrx_word' id='word_1_162' title='bbox 219 2439 289 2515; x_wconf 85' lang='lat' dir='ltr'>mei</span> <span class='ocrx_word' id='word_1_163' title='bbox 303 2435 431 2534; x_wconf 78' lang='lat' dir='ltr'>artique</span> <span class='ocrx_word' id='word_1_164' title='bbox 444 2428 703 2510; x_wconf 58' lang='lat' dir='ltr'>demadem.</span> <span class='ocrx_word' id='word_1_165' title='bbox 736 2422 819 2508; x_wconf 91' lang='lat' dir='ltr'>Nisi</span> <span class='ocrx_word' id='word_1_166' title='bbox 839 2417 938 2507; x_wconf 88' lang='lat' dir='ltr'>forte</span> <span class='ocrx_word' id='word_1_167' title='bbox 953 2445 1032 2506; x_wconf 85' lang='lat' dir='ltr'>tam</span> <span class='ocrx_word' id='word_1_168' title='bbox 1048 2417 1187 2533; x_wconf 89' lang='lat' dir='ltr'>stupidi</span> <span class='ocrx_word' id='word_1_169' title='bbox 1214 2444 1254 2504; x_wconf 92' lang='lat' dir='ltr'>et</span> <span class='ocrx_word' id='word_1_170' title='bbox 1278 2419 1317 2503; x_wconf 92' lang='lat' dir='ltr'>in</span> <span class='ocrx_word' id='word_1_171' title='bbox 1339 2449 1464 2509; x_wconf 86' lang='lat' dir='ltr'>rerunt</span> <span class='ocrx_word' id='word_1_172' title='bbox 1479 2427 1532 2511; x_wconf 91' lang='lat' dir='ltr'>in·</span> <span class='ocrx_word' id='word_1_173' title='bbox 1654 2441 1658 2444; x_wconf 81' lang='grc'><strong>’</strong></span> 
     </span>
    </p>

    <p class='ocr_par' dir='ltr' id='par_1_18' title="bbox 79 2535 1531 2666">
     <span class='ocr_line' id='line_1_19' title="bbox 79 2535 1531 2666; baseline -0.003 -30"><span class='ocrx_word' id='word_1_174' title='bbox 79 2548 284 2666; x_wconf 87' lang='lat' dir='ltr'>telligentia</span> <span class='ocrx_word' id='word_1_175' title='bbox 306 2572 388 2636; x_wconf 91' lang='lat' dir='ltr'>tam</span> <span class='ocrx_word' id='word_1_176' title='bbox 413 2541 583 2661; x_wconf 88' lang='lat' dir='ltr'>plumbei</span> <span class='ocrx_word' id='word_1_177' title='bbox 605 2568 736 2628; x_wconf 90' lang='lat' dir='ltr'>sumus</span> <span class='ocrx_word' id='word_1_178' title='bbox 751 2601 766 2648; x_wconf 98' lang='lat'>,</span> <span class='ocrx_word' id='word_1_179' title='bbox 783 2564 827 2627; x_wconf 92' lang='lat' dir='ltr'>ut</span> <span class='ocrx_word' id='word_1_180' title='bbox 841 2563 1018 2657; x_wconf 87' lang='lat' dir='ltr'>putemus</span> <span class='ocrx_word' id='word_1_181' title='bbox 1040 2535 1231 2623; x_wconf 84' lang='lat' dir='ltr'>aChristo</span> <span class='ocrx_word' id='word_1_182' title='bbox 1246 2537 1427 2628; x_wconf 91' lang='lat' dir='ltr'>damnata</span> <span class='ocrx_word' id='word_1_183' title='bbox 1448 2539 1531 2631; x_wconf 77' lang='lat' dir='ltr'>fuis</span> 
     </span>
    </p>

    <p class='ocr_par' dir='ltr' id='par_1_19' title="bbox 79 2654 1531 2784">
     <span class='ocr_line' id='line_1_20' title="bbox 79 2654 1531 2784; baseline -0.008 -30"><span class='ocrx_word' id='word_1_184' title='bbox 79 2695 122 2753; x_wconf 87' lang='lat' dir='ltr'>se</span> <span class='ocrx_word' id='word_1_185' title='bbox 146 2696 263 2784; x_wconf 89' lang='lat' dir='ltr'>regna</span> <span class='ocrx_word' id='word_1_186' title='bbox 290 2691 330 2753; x_wconf 91' lang='lat' dir='ltr'>et</span> <span class='ocrx_word' id='word_1_187' title='bbox 359 2662 586 2781; x_wconf 85' lang='lat' dir='ltr'>principatus</span> <span class='ocrx_word' id='word_1_188' title='bbox 608 2657 763 2766; x_wconf 88' lang='lat' dir='ltr'>civiles,</span> <span class='ocrx_word' id='word_1_189' title='bbox 785 2660 835 2745; x_wconf 93' lang='lat' dir='ltr'>ab</span> <span class='ocrx_word' id='word_1_190' title='bbox 865 2657 1081 2744; x_wconf 88' lang='lat' dir='ltr'>hominibus</span> <span class='ocrx_word' id='word_1_191' title='bbox 1106 2654 1204 2742; x_wconf 91' lang='lat' dir='ltr'>duce</span> <span class='ocrx_word' id='word_1_192' title='bbox 1232 2680 1397 2765; x_wconf 89' lang='lat' dir='ltr'>natura,</span> <span class='ocrx_word' id='word_1_193' title='bbox 1414 2660 1477 2750; x_wconf 85' lang='lat' dir='ltr'>vel</span> <span class='ocrx_word' id='word_1_194' title='bbox 1507 2692 1531 2749; x_wconf 82' lang='lat' dir='ltr'>a</span> 
     </span>
    </p>

    <p class='ocr_par' dir='ltr' id='par_1_20' title="bbox 80 2773 1722 2900">
     <span class='ocr_line' id='line_1_21' title="bbox 80 2773 1722 2900; baseline -0.013 -30"><span class='ocrx_word' id='word_1_195' title='bbox 80 2790 170 2872; x_wconf 91' lang='lat' dir='ltr'>Deo</span> <span class='ocrx_word' id='word_1_196' title='bbox 193 2784 320 2900; x_wconf 91' lang='lat' dir='ltr'>potius</span> <span class='ocrx_word' id='word_1_197' title='bbox 345 2781 601 2869; x_wconf 90' lang='lat' dir='ltr'>constitutos.</span> <span class='ocrx_word' id='word_1_198' title='bbox 636 2779 725 2860; x_wconf 85' lang='lat' dir='ltr'>Non</span> <span class='ocrx_word' id='word_1_199' title='bbox 740 2793 798 2862; x_wconf 84' lang='lat' dir='ltr'>est</span> <span class='ocrx_word' id='word_1_200' title='bbox 813 2784 909 2861; x_wconf 82' lang='lat' dir='ltr'>enim</span> <span class='ocrx_word' id='word_1_201' title='bbox 927 2791 1101 2885; x_wconf 84' lang='lat' dir='ltr'>potestas</span> <span class='ocrx_word' id='word_1_202' title='bbox 1118 2834 1131 2880; x_wconf 92' lang='lat'>,</span> <span class='ocrx_word' id='word_1_203' title='bbox 1147 2797 1192 2867; x_wconf 93' lang='lat' dir='ltr'>ut</span> <span class='ocrx_word' id='word_1_204' title='bbox 1206 2773 1424 2864; x_wconf 87' lang='lat' dir='ltr'>testificatur</span> <span class='ocrx_word' id='word_1_205' title='bbox 1440 2783 1530 2869; x_wconf 88' lang='lat' dir='ltr'>Pau·</span> <span class='ocrx_word' id='word_1_206' title='bbox 1545 2794 1722 2860; x_wconf 51' lang='lat' dir='ltr'>“tar-...a</span> 
     </span>
    </p>

    <p class='ocr_par' dir='ltr' id='par_1_21' title="bbox 82 2896 1681 3010">
     <span class='ocr_line' id='line_1_22' title="bbox 82 2896 1681 3010; baseline -0.002 -22"><span class='ocrx_word' id='word_1_207' title='bbox 82 2902 139 2990; x_wconf 85' lang='lat' dir='ltr'>lus</span> <span class='ocrx_word' id='word_1_208' title='bbox 156 2965 169 3010; x_wconf 91' lang='lat'>,</span> <span class='ocrx_word' id='word_1_209' title='bbox 185 2911 262 2988; x_wconf 82' lang='lat' dir='ltr'>nisi</span> <span class='ocrx_word' id='word_1_210' title='bbox 287 2929 314 2987; x_wconf 88' lang='lat' dir='ltr'>a</span> <span class='ocrx_word' id='word_1_211' title='bbox 338 2901 450 3006; x_wconf 86' lang='lat' dir='ltr'>Deo,</span> <span class='ocrx_word' id='word_1_212' title='bbox 470 2914 510 2983; x_wconf 80' lang='lat' dir='ltr'>et</span> <span class='ocrx_word' id='word_1_213' title='bbox 530 2919 625 3005; x_wconf 81' lang='lat' dir='ltr'>quae</span> <span class='ocrx_word' id='word_1_214' title='bbox 638 2909 727 2979; x_wconf 69' lang='lat' dir='ltr'>suta</span> <span class='ocrx_word' id='word_1_215' title='bbox 742 2954 757 3002; x_wconf 95' lang='lat'>,</span> <span class='ocrx_word' id='word_1_216' title='bbox 773 2923 799 2979; x_wconf 85' lang='lat' dir='ltr'>a</span> <span class='ocrx_word' id='word_1_217' title='bbox 816 2896 901 2981; x_wconf 85' lang='lat' dir='ltr'>Deo</span> <span class='ocrx_word' id='word_1_218' title='bbox 925 2900 1119 2979; x_wconf 69' lang='lat' dir='ltr'>ordinatae</span> <span class='ocrx_word' id='word_1_219' title='bbox 1134 2907 1249 2976; x_wconf 74' lang='lat' dir='ltr'>tutu:</span> <span class='ocrx_word' id='word_1_220' title='bbox 1279 2919 1320 2982; x_wconf 88' lang='lat' dir='ltr'>at</span> <span class='ocrx_word' id='word_1_221' title='bbox 1334 2896 1526 2988; x_wconf 87' lang='lat' dir='ltr'>Christus:</span> <span class='ocrx_word' id='word_1_222' title='bbox 1543 2922 1625 2970; x_wconf 70' lang='lat' dir='ltr'>n...</span> <span class='ocrx_word' id='word_1_223' title='bbox 1643 2934 1681 2972; x_wconf 80' lang='lat'>12·</span> 
     </span>
    </p>

    <p class='ocr_par' dir='ltr' id='par_1_22' title="bbox 83 3011 1693 3129">
     <span class='ocr_line' id='line_1_23' title="bbox 83 3011 1693 3129; baseline -0.008 -25"><span class='ocrx_word' id='word_1_224' title='bbox 83 3021 197 3124; x_wconf 87' lang='lat' dir='ltr'>Deo,</span> <span class='ocrx_word' id='word_1_225' title='bbox 212 3043 307 3127; x_wconf 86' lang='lat' dir='ltr'>quae</span> <span class='ocrx_word' id='word_1_226' title='bbox 323 3020 430 3122; x_wconf 89' lang='lat' dir='ltr'>Dei,</span> <span class='ocrx_word' id='word_1_227' title='bbox 449 3018 640 3121; x_wconf 83' lang='lat' dir='ltr'>Caesari,</span> <span class='ocrx_word' id='word_1_228' title='bbox 657 3013 732 3098; x_wconf 93' lang='lat' dir='ltr'>hoc</span> <span class='ocrx_word' id='word_1_229' title='bbox 754 3037 811 3101; x_wconf 92' lang='lat' dir='ltr'>est</span> <span class='ocrx_word' id='word_1_230' title='bbox 835 3012 984 3129; x_wconf 90' lang='lat' dir='ltr'>regibus</span> <span class='ocrx_word' id='word_1_231' title='bbox 1003 3037 1043 3098; x_wconf 92' lang='lat' dir='ltr'>et</span> <span class='ocrx_word' id='word_1_232' title='bbox 1066 3011 1315 3128; x_wconf 87' lang='lat' dir='ltr'>principibus,</span> <span class='ocrx_word' id='word_1_233' title='bbox 1333 3040 1427 3122; x_wconf 82' lang='lat' dir='ltr'>quaa</span> <span class='ocrx_word' id='word_1_234' title='bbox 1440 3017 1530 3105; x_wconf 79' lang='lat' dir='ltr'>Cae.</span> <span class='ocrx_word' id='word_1_235' title='bbox 1543 3040 1638 3091; x_wconf 73' lang='lat' dir='ltr'>uma</span> <span class='ocrx_word' id='word_1_236' title='bbox 1653 3053 1693 3092; x_wconf 76' lang='lat' dir='ltr'>n.</span> 
     </span>
    </p>

    <p class='ocr_par' dir='ltr' id='par_1_23' title="bbox 80 3129 1533 3248">
     <span class='ocr_line' id='line_1_24' title="bbox 80 3129 1533 3248; baseline -0.009 -27"><span class='ocrx_word' id='word_1_237' title='bbox 80 3144 191 3223; x_wconf 72' lang='lat' dir='ltr'>&#39;saris</span> <span class='ocrx_word' id='word_1_238' title='bbox 205 3152 322 3244; x_wconf 69' lang='lat' dir='ltr'>tutu,</span> <span class='ocrx_word' id='word_1_239' title='bbox 341 3133 448 3223; x_wconf 89' lang='lat' dir='ltr'>reddi</span> <span class='ocrx_word' id='word_1_240' title='bbox 462 3133 562 3248; x_wconf 82' lang='lat' dir='ltr'>jussit</span> <span class='ocrx_word' id='word_1_241' title='bbox 580 3164 589 3219; x_wconf 92' lang='lat'>:</span> <span class='ocrx_word' id='word_1_242' title='bbox 606 3161 677 3218; x_wconf 90' lang='lat' dir='ltr'>nec</span> <span class='ocrx_word' id='word_1_243' title='bbox 699 3131 798 3245; x_wconf 72' lang='lat' dir='ltr'>jussit</span> <span class='ocrx_word' id='word_1_244' title='bbox 822 3155 972 3217; x_wconf 88' lang='lat' dir='ltr'>tantum</span> <span class='ocrx_word' id='word_1_245' title='bbox 989 3193 1001 3235; x_wconf 98' lang='lat'>,</span> <span class='ocrx_word' id='word_1_246' title='bbox 1019 3130 1085 3217; x_wconf 89' lang='lat' dir='ltr'>sed</span> <span class='ocrx_word' id='word_1_247' title='bbox 1107 3129 1220 3217; x_wconf 87' lang='lat' dir='ltr'>etiam</span> <span class='ocrx_word' id='word_1_248' title='bbox 1236 3129 1447 3243; x_wconf 88' lang='lat' dir='ltr'>tributum,</span> <span class='ocrx_word' id='word_1_249' title='bbox 1463 3163 1533 3226; x_wconf 72' lang='lat' dir='ltr'>sta.</span> 
     </span>
    </p>

    <p class='ocr_par' dir='ltr' id='par_1_24' title="bbox 81 3247 1533 3371">
     <span class='ocr_line' id='line_1_25' title="bbox 81 3247 1533 3371; baseline 0 -30"><span class='ocrx_word' id='word_1_250' title='bbox 81 3279 160 3342; x_wconf 88' lang='lat' dir='ltr'>tere</span> <span class='ocrx_word' id='word_1_251' title='bbox 177 3257 272 3344; x_wconf 86' lang='lat' dir='ltr'>dato</span> <span class='ocrx_word' id='word_1_252' title='bbox 290 3319 303 3364; x_wconf 94' lang='lat'>,</span> <span class='ocrx_word' id='word_1_253' title='bbox 321 3284 394 3371; x_wconf 91' lang='lat' dir='ltr'>pro</span> <span class='ocrx_word' id='word_1_254' title='bbox 423 3282 462 3338; x_wconf 90' lang='lat' dir='ltr'>se</span> <span class='ocrx_word' id='word_1_255' title='bbox 489 3252 600 3339; x_wconf 92' lang='lat' dir='ltr'>solvit</span> <span class='ocrx_word' id='word_1_256' title='bbox 625 3275 742 3366; x_wconf 84' lang='lat' dir='ltr'>atque</span> <span class='ocrx_word' id='word_1_257' title='bbox 772 3253 886 3336; x_wconf 89' lang='lat' dir='ltr'>Petro</span> <span class='ocrx_word' id='word_1_258' title='bbox 904 3309 919 3355; x_wconf 91' lang='lat'>‚</span> <span class='ocrx_word' id='word_1_259' title='bbox 935 3250 1110 3364; x_wconf 86' lang='lat' dir='ltr'>quamvis</span> <span class='ocrx_word' id='word_1_260' title='bbox 1135 3247 1212 3364; x_wconf 89' lang='lat' dir='ltr'>ipse</span> <span class='ocrx_word' id='word_1_261' title='bbox 1238 3247 1330 3336; x_wconf 90' lang='lat' dir='ltr'>liber</span> <span class='ocrx_word' id='word_1_262' title='bbox 1358 3281 1454 3344; x_wconf 84' lang='lat' dir='ltr'>esset</span> <span class='ocrx_word' id='word_1_263' title='bbox 1486 3287 1533 3346; x_wconf 91' lang='lat' dir='ltr'>ac</span> 
     </span>
    </p>

    <p class='ocr_par' dir='ltr' id='par_1_25' title="bbox 81 3367 1534 3486">
     <span class='ocr_line' id='line_1_26' title="bbox 81 3367 1534 3486; baseline 0.001 -25"><span class='ocrx_word' id='word_1_264' title='bbox 81 3371 284 3460; x_wconf 82' lang='lat' dir='ltr'>immunis:</span> <span class='ocrx_word' id='word_1_265' title='bbox 318 3400 370 3456; x_wconf 91' lang='lat' dir='ltr'>ne</span> <span class='ocrx_word' id='word_1_266' title='bbox 393 3371 423 3457; x_wconf 90' lang='lat' dir='ltr'>si</span> <span class='ocrx_word' id='word_1_267' title='bbox 445 3371 607 3456; x_wconf 86' lang='lat' dir='ltr'>tribuere</span> <span class='ocrx_word' id='word_1_268' title='bbox 629 3367 840 3486; x_wconf 89' lang='lat' dir='ltr'>postulatus</span> <span class='ocrx_word' id='word_1_269' title='bbox 863 3392 1064 3455; x_wconf 88' lang='lat' dir='ltr'>recusasset</span> <span class='ocrx_word' id='word_1_270' title='bbox 1079 3429 1092 3475; x_wconf 89' lang='lat'>,</span> <span class='ocrx_word' id='word_1_271' title='bbox 1108 3367 1236 3454; x_wconf 89' lang='lat' dir='ltr'>ceteris</span> <span class='ocrx_word' id='word_1_272' title='bbox 1260 3372 1434 3486; x_wconf 86' lang='lat' dir='ltr'>exemplo</span> <span class='ocrx_word' id='word_1_273' title='bbox 1461 3403 1534 3462; x_wconf 89' lang='lat' dir='ltr'>no·</span> 
     </span>
    </p>

    <p class='ocr_par' dir='ltr' id='par_1_26' title="bbox 81 3483 1532 3607">
     <span class='ocr_line' id='line_1_27' title="bbox 81 3483 1532 3607; baseline 0.001 -29"><span class='ocrx_word' id='word_1_274' title='bbox 81 3516 215 3598; x_wconf 87' lang='lat' dir='ltr'>cerer,</span> <span class='ocrx_word' id='word_1_275' title='bbox 244 3490 311 3607; x_wconf 92' lang='lat' dir='ltr'>qui</span> <span class='ocrx_word' id='word_1_276' title='bbox 335 3485 478 3574; x_wconf 70' lang='lat' dir='ltr'>baum</span> <span class='ocrx_word' id='word_1_277' title='bbox 500 3487 640 3575; x_wconf 86' lang='lat' dir='ltr'>Christi</span> <span class='ocrx_word' id='word_1_278' title='bbox 656 3549 669 3594; x_wconf 99' lang='lat'>,</span> <span class='ocrx_word' id='word_1_279' title='bbox 684 3515 803 3604; x_wconf 92' lang='lat' dir='ltr'>quem</span> <span class='ocrx_word' id='word_1_280' title='bbox 826 3483 881 3599; x_wconf 73' lang='lat' dir='ltr'>fas</span> <span class='ocrx_word' id='word_1_281' title='bbox 903 3513 960 3573; x_wconf 92' lang='lat' dir='ltr'>est</span> <span class='ocrx_word' id='word_1_282' title='bbox 979 3487 1140 3602; x_wconf 89' lang='lat' dir='ltr'>,quoad</span> <span class='ocrx_word' id='word_1_283' title='bbox 1165 3483 1276 3592; x_wconf 89' lang='lat' dir='ltr'>licet,</span> <span class='ocrx_word' id='word_1_284' title='bbox 1294 3488 1426 3576; x_wconf 89' lang='lat' dir='ltr'>imitari</span> <span class='ocrx_word' id='word_1_285' title='bbox 1441 3552 1456 3599; x_wconf 98' lang='lat'>,</span> <span class='ocrx_word' id='word_1_286' title='bbox 1470 3521 1532 3579; x_wconf 91' lang='lat' dir='ltr'>sc·</span> 
     </span>
    </p>

    <p class='ocr_par' dir='ltr' id='par_1_27' title="bbox 80 3603 1534 3726">
     <span class='ocr_line' id='line_1_28' title="bbox 80 3603 1534 3726; baseline 0.001 -31"><span class='ocrx_word' id='word_1_287' title='bbox 80 3610 162 3695; x_wconf 89' lang='lat' dir='ltr'>cuti</span> <span class='ocrx_word' id='word_1_288' title='bbox 183 3609 298 3696; x_wconf 89' lang='lat' dir='ltr'>nihilo</span> <span class='ocrx_word' id='word_1_289' title='bbox 327 3603 484 3696; x_wconf 85' lang='lat' dir='ltr'>fortasse</span> <span class='ocrx_word' id='word_1_290' title='bbox 510 3608 629 3726; x_wconf 88' lang='lat' dir='ltr'>magis</span> <span class='ocrx_word' id='word_1_291' title='bbox 657 3607 724 3693; x_wconf 92' lang='lat' dir='ltr'>sibi</span> <span class='ocrx_word' id='word_1_292' title='bbox 742 3669 755 3712; x_wconf 97' lang='lat'>,</span> <span class='ocrx_word' id='word_1_293' title='bbox 771 3634 887 3722; x_wconf 90' lang='lat' dir='ltr'>quam</span> <span class='ocrx_word' id='word_1_294' title='bbox 915 3606 948 3691; x_wconf 89' lang='lat' dir='ltr'>ei</span> <span class='ocrx_word' id='word_1_295' title='bbox 973 3607 1219 3721; x_wconf 91' lang='lat' dir='ltr'>pendendum</span> <span class='ocrx_word' id='word_1_296' title='bbox 1248 3633 1326 3691; x_wconf 90' lang='lat' dir='ltr'>esse</span> <span class='ocrx_word' id='word_1_297' title='bbox 1348 3609 1534 3697; x_wconf 89' lang='lat' dir='ltr'>tributum</span> 
     </span>
    </p>

    <p class='ocr_par' dir='ltr' id='par_1_28' title="bbox 83 3722 1648 3859">
     <span class='ocr_line' id='line_1_29' title="bbox 83 3722 1648 3859; baseline 0.001 -43"><span class='ocrx_word' id='word_1_298' title='bbox 83 3725 199 3816; x_wconf 72' lang='lat' dir='ltr'>sollte</span> <span class='ocrx_word' id='word_1_299' title='bbox 214 3727 495 3814; x_wconf 85' lang='lat' dir='ltr'>existimassent.</span> <span class='ocrx_word' id='word_1_300' title='bbox 525 3729 607 3812; x_wconf 88' lang='lat' dir='ltr'>Cur</span> <span class='ocrx_word' id='word_1_301' title='bbox 622 3726 740 3841; x_wconf 87' lang='lat' dir='ltr'>porro</span> <span class='ocrx_word' id='word_1_302' title='bbox 755 3723 977 3842; x_wconf 91' lang='lat' dir='ltr'>principibus</span> <span class='ocrx_word' id='word_1_303' title='bbox 1002 3724 1143 3812; x_wconf 87' lang='lat' dir='ltr'>tributa</span> <span class='ocrx_word' id='word_1_304' title='bbox 1157 3722 1400 3840; x_wconf 85' lang='lat' dir='ltr'>penduntur?</span> <span class='ocrx_word' id='word_1_305' title='bbox 1424 3733 1532 3818; x_wconf 87' lang='lat' dir='ltr'>Num</span> <span class='ocrx_word' id='word_1_306' title='bbox 1573 3803 1607 3856; x_wconf 60' lang='grc' dir='ltr'><em>Ν</em></span> <span class='ocrx_word' id='word_1_307' title='bbox 1624 3806 1648 3859; x_wconf 60' lang='lat'><em>3</em></span> 
     </span>
    </p>

    <p class='ocr_par' dir='ltr' id='par_1_29' title="bbox 84 3835 1658 3964">
     <span class='ocr_line' id='line_1_30' title="bbox 84 3835 1658 3964; baseline 0 -31"><span class='ocrx_word' id='word_1_308' title='bbox 84 3868 132 3933; x_wconf 90' lang='lat' dir='ltr'>ut</span> <span class='ocrx_word' id='word_1_309' title='bbox 152 3873 257 3932; x_wconf 88' lang='lat' dir='ltr'>mare</span> <span class='ocrx_word' id='word_1_310' title='bbox 278 3845 533 3964; x_wconf 84' lang='lat' dir='ltr'>praedonibus</span> <span class='ocrx_word' id='word_1_311' title='bbox 559 3841 842 3951; x_wconf 83' lang='lat' dir='ltr'>infestantibus,</span> <span class='ocrx_word' id='word_1_312' title='bbox 858 3870 925 3932; x_wconf 92' lang='lat' dir='ltr'>aut</span> <span class='ocrx_word' id='word_1_313' title='bbox 940 3844 1033 3931; x_wconf 91' lang='lat' dir='ltr'>dum</span> <span class='ocrx_word' id='word_1_314' title='bbox 1060 3843 1187 3931; x_wconf 89' lang='lat' dir='ltr'>hostes</span> <span class='ocrx_word' id='word_1_315' title='bbox 1206 3870 1318 3958; x_wconf 86' lang='lat' dir='ltr'>agros</span> <span class='ocrx_word' id='word_1_316' title='bbox 1341 3844 1533 3960; x_wconf 76' lang='lat' dir='ltr'>rapiniset</span> <span class='ocrx_word' id='word_1_317' title='bbox 1601 3835 1611 3858; x_wconf 80' lang='grc'><strong>’</strong></span> <span class='ocrx_word' id='word_1_318' title='bbox 1648 3840 1658 3859; x_wconf 86' lang='grc'>’</span> 
     </span>
    </p>

    <p class='ocr_par' dir='ltr' id='par_1_30' title="bbox 85 3957 1534 4079">
     <span class='ocr_line' id='line_1_31' title="bbox 85 3957 1534 4079; baseline 0.003 -29"><span class='ocrx_word' id='word_1_319' title='bbox 85 3961 271 4051; x_wconf 86' lang='lat' dir='ltr'>maleficio</span> <span class='ocrx_word' id='word_1_320' title='bbox 301 3963 527 4071; x_wconf 83' lang='lat' dir='ltr'>devastant,</span> <span class='ocrx_word' id='word_1_321' title='bbox 545 3962 611 4079; x_wconf 92' lang='lat' dir='ltr'>ipsi</span> <span class='ocrx_word' id='word_1_322' title='bbox 627 3957 770 4051; x_wconf 89' lang='lat' dir='ltr'>desides</span> <span class='ocrx_word' id='word_1_323' title='bbox 793 3963 832 4048; x_wconf 91' lang='lat' dir='ltr'>in</span> <span class='ocrx_word' id='word_1_324' title='bbox 857 3963 990 4048; x_wconf 90' lang='lat' dir='ltr'>umbra</span> <span class='ocrx_word' id='word_1_325' title='bbox 1007 3959 1179 4049; x_wconf 82' lang='lat' dir='ltr'>fruanntr</span> <span class='ocrx_word' id='word_1_326' title='bbox 1195 3960 1477 4075; x_wconf 87' lang='lat' dir='ltr'>voluptatibus,</span> <span class='ocrx_word' id='word_1_327' title='bbox 1494 3991 1534 4055; x_wconf 87' lang='lat' dir='ltr'>et</span> 
     </span>
    </p>

    <p class='ocr_par' dir='ltr' id='par_1_31' title="bbox 83 4078 1535 4201">
     <span class='ocr_line' id='line_1_32' title="bbox 83 4078 1535 4201; baseline 0.003 -35"><span class='ocrx_word' id='word_1_328' title='bbox 83 4082 166 4167; x_wconf 81' lang='lat' dir='ltr'>otia&#39;</span> <span class='ocrx_word' id='word_1_329' title='bbox 180 4081 279 4197; x_wconf 90' lang='lat' dir='ltr'>pacis</span> <span class='ocrx_word' id='word_1_330' title='bbox 295 4079 477 4199; x_wconf 88' lang='lat' dir='ltr'>pereunte</span> <span class='ocrx_word' id='word_1_331' title='bbox 505 4081 694 4198; x_wconf 88' lang='lat' dir='ltr'>republica</span> <span class='ocrx_word' id='word_1_332' title='bbox 717 4081 840 4196; x_wconf 92' lang='lat' dir='ltr'>supini</span> <span class='ocrx_word' id='word_1_333' title='bbox 863 4107 902 4168; x_wconf 92' lang='lat' dir='ltr'>et</span> <span class='ocrx_word' id='word_1_334' title='bbox 928 4082 1055 4198; x_wconf 90' lang='lat' dir='ltr'>ignavi</span> <span class='ocrx_word' id='word_1_335' title='bbox 1081 4082 1202 4196; x_wconf 89' lang='lat' dir='ltr'>specie</span> <span class='ocrx_word' id='word_1_336' title='bbox 1229 4078 1414 4198; x_wconf 86' lang='lat' dir='ltr'>religionis</span> <span class='ocrx_word' id='word_1_337' title='bbox 1428 4114 1535 4201; x_wconf 79' lang='lat' dir='ltr'>prae·¹</span> 
     </span>
    </p>

    <p class='ocr_par' dir='ltr' id='par_1_32' title="bbox 85 4197 1727 4321">
     <span class='ocr_line' id='line_1_33' title="bbox 85 4197 1727 4321; baseline 0.004 -38"><span class='ocrx_word' id='word_1_338' title='bbox 85 4222 195 4284; x_wconf 88' lang='lat' dir='ltr'>tenta</span> <span class='ocrx_word' id='word_1_339' title='bbox 215 4209 503 4289; x_wconf 86' lang='lat' dir='ltr'>consectentur?</span> <span class='ocrx_word' id='word_1_340' title='bbox 529 4201 704 4287; x_wconf 85' lang='lat' dir='ltr'>Ludebat</span> <span class='ocrx_word' id='word_1_341' title='bbox 728 4199 839 4318; x_wconf 89' lang='lat' dir='ltr'>igitur</span> <span class='ocrx_word' id='word_1_342' title='bbox 866 4200 1003 4286; x_wconf 90' lang='lat' dir='ltr'>Paulus</span> <span class='ocrx_word' id='word_1_343' title='bbox 1030 4228 1120 4284; x_wconf 87' lang='lat' dir='ltr'>etun</span> <span class='ocrx_word' id='word_1_344' title='bbox 1147 4197 1350 4315; x_wconf 88' lang='lat' dir='ltr'>principem</span> <span class='ocrx_word' id='word_1_345' title='bbox 1380 4226 1537 4321; x_wconf 87' lang='lat' dir='ltr'>negaret</span> <span class='ocrx_word' id='word_1_346' title='bbox 1547 4221 1672 4275; x_wconf 59' lang='lat' dir='ltr'>Adm-</span> <span class='ocrx_word' id='word_1_347' title='bbox 1688 4239 1727 4289; x_wconf 74' lang='lat' dir='ltr'>u·</span> 
     </span>
    </p>

    <p class='ocr_par' dir='ltr' id='par_1_33' title="bbox 87 4316 1537 4436">
     <span class='ocr_line' id='line_1_34' title="bbox 87 4316 1537 4436; baseline 0.003 -34"><span class='ocrx_word' id='word_1_348' title='bbox 87 4316 170 4402; x_wconf 88' lang='lat' dir='ltr'>sine</span> <span class='ocrx_word' id='word_1_349' title='bbox 188 4345 300 4405; x_wconf 91' lang='lat' dir='ltr'>causa</span> <span class='ocrx_word' id='word_1_350' title='bbox 322 4347 475 4435; x_wconf 91' lang='lat' dir='ltr'>portare</span> <span class='ocrx_word' id='word_1_351' title='bbox 498 4319 695 4435; x_wconf 86' lang='lat' dir='ltr'>gladium,</span> <span class='ocrx_word' id='word_1_352' title='bbox 719 4318 795 4405; x_wconf 93' lang='lat' dir='ltr'>hoc</span> <span class='ocrx_word' id='word_1_353' title='bbox 819 4341 875 4404; x_wconf 89' lang='lat' dir='ltr'>est</span> <span class='ocrx_word' id='word_1_354' title='bbox 889 4379 902 4424; x_wconf 94' lang='lat'>,</span> <span class='ocrx_word' id='word_1_355' title='bbox 917 4341 1149 4404; x_wconf 88' lang='lat' dir='ltr'>armatorum</span> <span class='ocrx_word' id='word_1_356' title='bbox 1177 4316 1317 4405; x_wconf 85' lang='lat' dir='ltr'>habere</span> <span class='ocrx_word' id='word_1_357' title='bbox 1341 4323 1537 4436; x_wconf 86' lang='lat' dir='ltr'>praesidia,</span> 
     </span>
    </p>

    <p class='ocr_par' dir='ltr' id='par_1_34' title="bbox 30 4434 1537 4554">
     <span class='ocr_line' id='line_1_35' title="bbox 30 4434 1537 4554; baseline 0.006 -35"><span class='ocrx_word' id='word_1_358' title='bbox 30 4462 53 4496; x_wconf 92' lang='lat'><strong>·</strong></span> <span class='ocrx_word' id='word_1_359' title='bbox 88 4461 208 4551; x_wconf 89' lang='lat' dir='ltr'>quem</span> <span class='ocrx_word' id='word_1_360' title='bbox 238 4459 365 4522; x_wconf 90' lang='lat' dir='ltr'>tamen</span> <span class='ocrx_word' id='word_1_361' title='bbox 391 4437 465 4524; x_wconf 85' lang='lat' dir='ltr'>Dei</span> <span class='ocrx_word' id='word_1_362' title='bbox 494 4437 702 4525; x_wconf 92' lang='lat' dir='ltr'>ministrum</span> <span class='ocrx_word' id='word_1_363' title='bbox 732 4436 924 4554; x_wconf 89' lang='lat' dir='ltr'>appellat,</span> <span class='ocrx_word' id='word_1_364' title='bbox 953 4437 993 4522; x_wconf 89' lang='lat' dir='ltr'>er</span> <span class='ocrx_word' id='word_1_365' title='bbox 1018 4434 1207 4522; x_wconf 89' lang='lat' dir='ltr'>vindicem</span> <span class='ocrx_word' id='word_1_366' title='bbox 1235 4436 1311 4524; x_wconf 90' lang='lat' dir='ltr'>irae</span> <span class='ocrx_word' id='word_1_367' title='bbox 1334 4440 1384 4527; x_wconf 89' lang='lat' dir='ltr'>ad</span> <span class='ocrx_word' id='word_1_368' title='bbox 1417 4441 1537 4527; x_wconf 86' lang='lat' dir='ltr'>malo-</span> 
     </span>
    </p>

    <p class='ocr_par' dir='ltr' id='par_1_35' title="bbox 90 4554 1676 4675">
     <span class='ocr_line' id='line_1_36' title="bbox 90 4554 1676 4675; baseline 0.004 -36"><span class='ocrx_word' id='word_1_369' title='bbox 90 4581 177 4639; x_wconf 83' lang='lat' dir='ltr'>rum</span> <span class='ocrx_word' id='word_1_370' title='bbox 192 4578 378 4663; x_wconf 88' lang='lat' dir='ltr'>conatus,</span> <span class='ocrx_word' id='word_1_371' title='bbox 396 4585 478 4642; x_wconf 90' lang='lat' dir='ltr'>non</span> <span class='ocrx_word' id='word_1_372' title='bbox 502 4559 620 4674; x_wconf 89' lang='lat' dir='ltr'>magis</span> <span class='ocrx_word' id='word_1_373' title='bbox 642 4554 780 4672; x_wconf 91' lang='lat' dir='ltr'>opinor</span> <span class='ocrx_word' id='word_1_374' title='bbox 804 4557 926 4661; x_wconf 87' lang='lat' dir='ltr'>intra,</span> <span class='ocrx_word' id='word_1_375' title='bbox 942 4583 1059 4671; x_wconf 88' lang='lat' dir='ltr'>quarn</span> <span class='ocrx_word' id='word_1_376' title='bbox 1080 4579 1183 4642; x_wconf 87' lang='lat' dir='ltr'>extra</span> <span class='ocrx_word' id='word_1_377' title='bbox 1210 4554 1398 4643; x_wconf 88' lang='lat' dir='ltr'>civitatem</span> <span class='ocrx_word' id='word_1_378' title='bbox 1427 4558 1537 4675; x_wconf 90' lang='lat' dir='ltr'>repri-</span> <span class='ocrx_word' id='word_1_379' title='bbox 1671 4567 1676 4576; x_wconf 83' lang='grc'><strong><em>’</em></strong></span> 
     </span>
    </p>

    <p class='ocr_par' dir='ltr' id='par_1_36' title="bbox 90 4655 1538 4786">
     <span class='ocr_line' id='line_1_37' title="bbox 90 4655 1538 4786; baseline 0.001 -29"><span class='ocrx_word' id='word_1_380' title='bbox 90 4672 272 4760; x_wconf 88' lang='lat' dir='ltr'>mendos.</span> <span class='ocrx_word' id='word_1_381' title='bbox 304 4678 409 4761; x_wconf 91' lang='lat' dir='ltr'>Nam</span> <span class='ocrx_word' id='word_1_382' title='bbox 423 4678 530 4781; x_wconf 84' lang='lat' dir='ltr'>ideo,</span> <span class='ocrx_word' id='word_1_383' title='bbox 546 4677 597 4761; x_wconf 88' lang='lat' dir='ltr'>ait</span> <span class='ocrx_word' id='word_1_384' title='bbox 611 4737 623 4780; x_wconf 96' lang='lat'>,</span> <span class='ocrx_word' id='word_1_385' title='bbox 639 4677 788 4760; x_wconf 80' lang='lat' dir='ltr'>tributa</span> <span class='ocrx_word' id='word_1_386' title='bbox 808 4655 1042 4786; x_wconf 68' lang='lat' dir='ltr'>praestatis,</span> <span class='ocrx_word' id='word_1_387' title='bbox 1061 4681 1227 4760; x_wconf 81' lang='lat' dir='ltr'>ministri</span> <span class='ocrx_word' id='word_1_388' title='bbox 1240 4682 1336 4758; x_wconf 81' lang='lat' dir='ltr'>enim</span> <span class='ocrx_word' id='word_1_389' title='bbox 1352 4676 1434 4759; x_wconf 85' lang='lat' dir='ltr'>Dei</span> <span class='ocrx_word' id='word_1_390' title='bbox 1449 4689 1538 4761; x_wconf 70' lang='lat' dir='ltr'>suad</span> 
     </span>
    </p>

    <p class='ocr_par' dir='ltr' id='par_1_37' title="bbox 89 4792 1619 4910">
     <span class='ocr_line' id='line_1_38' title="bbox 89 4792 1619 4910; baseline 0.001 -34"><span class='ocrx_word' id='word_1_391' title='bbox 89 4800 133 4876; x_wconf 80' lang='lat' dir='ltr'>in</span> <span class='ocrx_word' id='word_1_392' title='bbox 154 4793 223 4877; x_wconf 83' lang='lat' dir='ltr'>boc</span> <span class='ocrx_word' id='word_1_393' title='bbox 246 4801 368 4903; x_wconf 79' lang='lat' dir='ltr'>ipsum</span> <span class='ocrx_word' id='word_1_394' title='bbox 393 4801 633 4879; x_wconf 69' lang='lat' dir='ltr'>servientes.</span> <span class='ocrx_word' id='word_1_395' title='bbox 656 4793 807 4891; x_wconf 88' lang='lat' dir='ltr'>Quibus</span> <span class='ocrx_word' id='word_1_396' title='bbox 830 4824 918 4881; x_wconf 92' lang='lat' dir='ltr'>cum</span> <span class='ocrx_word' id='word_1_397' title='bbox 946 4823 1019 4880; x_wconf 90' lang='lat' dir='ltr'>nos</span> <span class='ocrx_word' id='word_1_398' title='bbox 1038 4824 1168 4910; x_wconf 90' lang='lat' dir='ltr'>parere</span> <span class='ocrx_word' id='word_1_399' title='bbox 1184 4854 1196 4899; x_wconf 98' lang='lat'>,</span> <span class='ocrx_word' id='word_1_400' title='bbox 1211 4792 1456 4909; x_wconf 91' lang='lat' dir='ltr'>ipsorumque</span> <span class='ocrx_word' id='word_1_401' title='bbox 1482 4793 1538 4880; x_wconf 89' lang='lat' dir='ltr'>di-</span> <span class='ocrx_word' id='word_1_402' title='bbox 1615 4798 1619 4806; x_wconf 74' lang='grc'>’</span> 
     </span>
    </p>

    <p class='ocr_par' dir='ltr' id='par_1_38' title="bbox 91 4910 1717 5025">
     <span class='ocr_line' id='line_1_39' title="bbox 91 4910 1717 5025; baseline -0.001 -23"><span class='ocrx_word' id='word_1_403' title='bbox 91 4934 159 5002; x_wconf 78' lang='lat' dir='ltr'>eto</span> <span class='ocrx_word' id='word_1_404' title='bbox 185 4937 272 5003; x_wconf 78' lang='lat' dir='ltr'>uam</span> <span class='ocrx_word' id='word_1_405' title='bbox 294 4912 346 5005; x_wconf 87' lang='lat' dir='ltr'>ad</span> <span class='ocrx_word' id='word_1_406' title='bbox 359 4917 576 5025; x_wconf 84' lang='lat' dir='ltr'>Romanos,</span> <span class='ocrx_word' id='word_1_407' title='bbox 591 4937 677 5003; x_wconf 89' lang='lat' dir='ltr'>turn</span> <span class='ocrx_word' id='word_1_408' title='bbox 697 4910 814 5003; x_wconf 81' lang='lat' dir='ltr'>etiam</span> <span class='ocrx_word' id='word_1_409' title='bbox 836 4913 886 5003; x_wconf 88' lang='lat' dir='ltr'>ad</span> <span class='ocrx_word' id='word_1_410' title='bbox 899 4913 1037 5004; x_wconf 40' lang='lat' dir='ltr'>¹Titum</span> <span class='ocrx_word' id='word_1_411' title='bbox 1061 4914 1221 5002; x_wconf 87' lang='lat' dir='ltr'>scribens</span> <span class='ocrx_word' id='word_1_412' title='bbox 1240 4912 1437 5004; x_wconf 82' lang='lat' dir='ltr'>audientes</span> <span class='ocrx_word' id='word_1_413' title='bbox 1462 4937 1540 4996; x_wconf 86' lang='lat' dir='ltr'>esse</span> <span class='ocrx_word' id='word_1_414' title='bbox 1553 4943 1601 4993; x_wconf 66' lang='lat' dir='ltr'>aa</span> <span class='ocrx_word' id='word_1_415' title='bbox 1620 4944 1672 4996; x_wconf 77' lang='lat' dir='ltr'>m.</span> <span class='ocrx_word' id='word_1_416' title='bbox 1692 4961 1717 5008; x_wconf 63' lang='lat'>³.</span> 
     </span>
    </p>

    <p class='ocr_par' dir='ltr' id='par_1_39' title="bbox 1440 5056 1539 5148">
     <span class='ocr_line' id='line_1_40' title="bbox 1440 5056 1539 5148; baseline 0.01 -32"><span class='ocrx_word' id='word_1_417' title='bbox 1440 5056 1539 5148; x_wconf 77' lang='lat' dir='ltr'>prae</span> 
     </span>
    </p>
   </div>
   <div class='ocr_carea' id='block_1_3' title="bbox 1540 724 1658 791">
    <p class='ocr_par' dir='ltr' id='par_1_40' title="bbox 1540 724 1658 791">
     <span class='ocr_line' id='line_1_41' title="bbox 1540 724 1658 791; baseline 0.017 -17"><span class='ocrx_word' id='word_1_418' title='bbox 1540 724 1599 775; x_wconf 77' lang='lat' dir='ltr'>Gen.</span> <span class='ocrx_word' id='word_1_419' title='bbox 1620 738 1658 791; x_wconf 85' lang='lat'>¹4·</span> 
     </span>
    </p>
   </div>
   <div class='ocr_carea' id='block_1_4' title="bbox 0 0 2065 5858">
    <p class='ocr_par' dir='ltr' id='par_1_41' title="bbox 0 0 2065 5858">
     <span class='ocr_line' id='line_1_42' title="bbox 0 0 2065 5858; baseline 0 0"><span class='ocrx_word' id='word_1_420' title='bbox 0 0 2065 5858; x_wconf 95' lang='lat' dir='ltr'> </span> 
     </span>
    </p>
   </div>
  </div>
 </body>
</html>
