4006 5850
647 375 990 448 ιιιιιιιιιι.
1434 400 1503 474 453

97 503 256 588 modurn
282 498 528 616 repugnabo,
555 497 675 583 modo
699 522 846 584 constet
869 496 908 583 id
924 525 1002 583 esse
1025 527 1141 614 quam
1159 499 1333 604 ,summis
1349 498 1536 618 theologis

96 621 249 706 Thoma
265 623 457 753 Scotoque
487 617 699 701 auctoribus
717 615 1061 731 ,dispensationem
1091 645 1363 730 nuncupamus.
1395 621 1535 732 Neque
1566 668 1633 716 mo.
1608 681 1689 721 om
1682 681 1729 728 q.

100 737 202 822 enim
221 765 266 820 ea
282 735 337 822 vis
353 759 408 820 est
423 674 731 868 dispensationis,
742 757 785 816 ut
800 757 899 848 quae
922 732 1019 817 mala
1031 763 1098 846 per
1116 763 1153 820 se
1170 759 1270 837 sunt,
1285 732 1361 817 hoc
1381 760 1451 841 est,
1471 766 1533 822 na·
1550 739 1609 835 3⁷0,
1606 741 1707 847 2⁴⁴3,
1676 800 1728 838 „
1830 760 1833 766 ’

95 877 190 938 tura
195 853 357 965 injusta,
373 853 490 936 haec
481 880 557 964 rpsa
569 851 671 935 bona
695 848 830 936 efficiat
853 876 968 965 atque
991 850 1112 960 justa:
1143 850 1217 936 hoc
1233 850 1332 934 enim
1353 850 1391 934 in
1419 852 1536 990 legiti-
1551 849 1587 896 7
1569 857 1627 905 77
1643 860 1692 906 77

94 971 164 1055 mis
181 967 398 1056 dumtaxat
391 967 489 1080 ,ustis
505 998 575 1053 usu
592 967 723 1054 venit:
756 967 823 1053 sed
838 994 883 1052 ut
908 967 1069 1053 declaret
1095 995 1184 1053 cum
1214 969 1464 1075 auctoritate,
1486 973 1536 1058 sic

95 1085 175 1171 fieri
190 1111 282 1171 tunc
306 1085 431 1197 justius
448 1114 550 1191 esse,
577 1114 694 1199 quam
709 1109 754 1170 ur
769 1085 905 1198 scripto
921 1084 1010 1200 legis
1026 1085 1201 1169 naturalis
1215 1109 1532 1202 estpraeceptum:
1610 1131 1614 1141 ·

96 1206 147 1290 ad
165 1204 273 1319 quod
283 1232 419 1288 munus
432 1204 654 1288 obeundum
669 1231 903 1336 quamquam
920 1201 1019 1288 viros
1035 1203 1158 1287 bonos
1173 1232 1217 1287 ac
1242 1203 1422 1316 sapientes
1434 1208 1535 1292 Pon·

83 1316 369 1425 tifexadhibere
382 1345 421 1405 et
435 1320 571 1404 debeat
587 1343 626 1404 et
642 1318 812 1420 soleat3
801 1348 967 1433 ipsorum
984 1346 1110 1404 tamen
1128 1317 1239 1405 officii
1257 1347 1312 1406 cst
1327 1324 1459 1435 ,quod
1479 1354 1535 1410 re·
1611 1402 1613 1405 ,

97 1461 202 1522 ctum
214 1466 291 1522 esse
306 1437 491 1541 videanu,
506 1435 700 1520 consulere
715 1496 727 1539 ,
742 1435 928 1520 Pontificis
945 1436 1171 1540 decernere,
1181 1462 1220 1523 ιι
1237 1439 1387 1523 decreto
1404 1467 1535 1527 aucto-

17 1660 26 1667 .
98 1552 246 1640 ritatem
262 1584 366 1639 suam
383 1553 644 1667 interponere,
669 1580 757 1635 cum
774 1553 826 1636 ob
842 1582 903 1637 eas
919 1579 1045 1637 causas
1060 1583 1177 1667 ,quas
1193 1584 1302 1666 supra
1314 1584 1536 1644 communes

99 1670 166 1785 ipsi
180 1700 268 1757 cum
285 1670 411 1756 ceteris
428 1669 651 1784 principibus
667 1671 958 1756 memoravimus
972 1728 986 1776 ,
1002 1694 1086 1754 tum
1100 1671 1214 1785 quia,
1222 1700 1310 1755 cum
1323 1671 1449 1765 locum
1464 1677 1536 1760 Dei

97 1812 226 1873 teneat
240 1788 277 1871 in
295 1788 424 1891 terris,
442 1810 481 1871 et
494 1817 565 1900 pro
588 1784 742 1871 Christo
756 1786 1021 1901 rempublicam
1039 1787 1287 1872 Christianam
1306 1789 1536 1898 moderetur,

98 1900 153 1989 fas
169 1929 224 1990 est
248 1904 398 1990 credere
414 1932 524 2016 saepe
550 1902 698 1988 consilia
721 1902 853 2014 iudicia
881 1933 930 1988 ue
958 1933 1035 2016 erus
1053 1962 1067 2007 ,
1088 1933 1205 2038 quam
1229 1928 1440 1990 ceterorum
1466 1909 1536 1996 ho·

99 2022 243 2107 minum
260 2050 303 2104 ac
319 2020 525 2136 principum
541 2081 553 2123 ,
569 2021 738 2134 proprius
761 2045 800 2106 et
817 1934 999 2106 edacius
1029 2021 1100 2106 Dei
1115 2022 1291 2136 sapientia
1308 2024 1536 2138 gubernari.

98 2137 281 2248 Cujus
232 2167 283 2223 ιιι
299 2167 481 2253 magnum
513 2138 728 2222 habemus
718 2166 757 2222 ur
781 2138 978 2254 evangelio
1007 2162 1047 2223 et
1061 2139 1289 2250 praeclarum
1322 2141 1536 2227 documen·

98 2278 213 2359 tum,
239 2284 321 2369 quo
345 2250 518 2340 Pontifex
538 2254 606 2338 Cai
609 2255 728 2367 p,has
745 2254 866 2340 homo
883 2283 1006 2369 neque
1030 2256 1196 2368 probus,
1217 2284 1286 2340 nec
1317 2257 1426 2342 bonis
1451 2261 1537 2346 arti·

100 2370 172 2457 bus
187 2369 380 2505 ,Josepho
396 2397 579 2475 auctore,
605 2288 858 2457 spacerdotium
874 2371 1069 2487 indeptus,
1085 2372 1324 2486 prophetasse
1339 2375 1536 2464 traditura

99 2487 276 2599 Joanne,
295 2516 362 2601 qur
351 2487 492 2588 hoc,
508 2512 552 2573 ur
565 2488 841 2604 Augustinus
810 2512 892 2593 art,
921 2489 1051 2574 divino
1067 2513 1298 2574 sacramento
1312 2518 1535 2605 ,propterea

99 2604 207 2717 quod
240 2601 435 2718 pontifex,
463 2554 504 2689 id
527 2629 612 2709 est,
626 2635 793 2689 summus
819 2547 989 2691 sacerdos
1006 2630 1128 2712 esset,
1155 2607 1358 2691 attribuens
1374 2608 1536 2808 adjcqit,

98 2723 168 2805 boc
185 2737 347 2805 autema
364 2730 559 2830 semetipso
581 2748 648 2806 non
664 2726 789 2826 dixit,
816 2727 885 2806 sed
898 2751 979 2807 cum
996 2739 1094 2806 esset
1116 2723 1293 2832 pontifex
1314 2733 1401 2806 anno
1416 2735 1448 2808 ι
1446 2733 1537 2834 lios,
1620 2740 1624 2750 ‘

95 2838 358 2947 prophetavit.
389 2841 519 2936 Quem
535 2838 662 2924 locum
686 2868 878 2952 exponens
904 2841 1229 2954 Chrysostomus.
1258 2842 1411 2924 Vide
1371 2847 1536 2958 ,inquir,

100 2970 239 3060 quanta
269 2964 323 3040 sit
342 2955 563 3065 pontificiae
589 2964 791 3065 potestatis
822 2965 985 3041 virtus:
1019 2956 1199 3066 pontifex
1234 2965 1330 3040 enim
1356 2959 1535 3066 effictus,

100 3095 317 3178 quamquam
333 3077 508 3182 indignus
523 3089 620 3157 esset
630 3132 644 3177 ,
651 3074 897 3183 prophetavit
918 3090 1052 3179 tomen,
1065 3083 1231 3159 nesciens
1246 3081 1338 3182 quid
1350 3082 1504 3162 diceret.

159 3189 496 3317 XXVI.1taque
524 3191 668 3323 optima
693 3191 839 3277 ratione
868 3191 937 3278 viri
957 3192 1152 3277 sanctitate
1181 3217 1221 3279 et
1254 3191 1425 3279 doctrina
1451 3195 1536 3281 clari
1551 3261 1618 3311 ,ho
1628 3275 1660 3324 „
1646 3265 1729 3313 aar
1762 3297 1766 3303 ,

100 3304 277 3443 scriptum
292 3305 549 3424 reliquenant,
574 3307 753 3421 majorem
768 3306 883 3396 iidem
899 3309 1152 3395 adhibendam
1177 3338 1254 3396 esse
1271 3311 1335 3395 uni
1365 3313 1663 3429 pontificium
1583 3334 1663 3439 *¹255
1665 3337 1728 3430 ¹533

100 3421 264 3538 aliquid
255 3453 303 3509 ιιι
295 3426 457 3513 ecclesia
473 3426 713 3530 decernenti,
742 3451 809 3512 aut
823 3426 1107 3539 interpretanti,
1134 3455 1252 3560 quam
1278 3427 1400 3513 multis
1426 3430 1535 3514 simul
1548 3383 1626 3558 32⁰2ss
1619 3395 1653 3548 7777
1648 3395 1727 3550 :pce-

99 3540 346 3655 sapientibus.
381 3545 424 3626 A
440 3568 509 3650 quo
533 3551 627 3625 enim
646 3551 806 3653 potius,
832 3568 877 3627 ut
900 3544 1157 3631 Bernmdus
1125 3570 1202 3650 art,
1223 3550 1356 3627 divino
1380 3555 1497 3629 consil
1494 3557 1536 3630 ia

99 3667 369 3764 requiruntur,
393 3661 561 3767 quomod
577 3666 665 3766 iilo,
688 3669 750 3743 coi
772 3663 919 3744 credito
945 3675 1002 3744 est
1024 3664 1253 3770 dispensatio
1277 3671 1535 3770 mysteriorum

98 3772 206 3858 Dei?
233 3780 359 3890 Ipsum
375 3776 561 3893 proinde,
585 3805 699 3892 quern
716 3806 787 3892 pro
812 3778 899 3862 Deo
928 3777 1111 3864 habemus
1126 3804 1357 3894 ,tamquam
1383 3784 1534 3887 Deum,

98 3889 220 3996 iniis,
236 3921 336 4006 quae
351 3919 479 4007 aperte
495 3922 575 3978 non
592 3920 679 3981 sunt
695 3919 827 3978 contra
843 3899 1002 4000 Deum,
1019 3896 1148 3982 audire
1165 3896 1382 3982 debemus.

157 4007 320 4096 XXVII.
378 4017 433 4097 At
448 4010 748 4097 huicsententiae
773 4011 956 4097 nonnulla
971 4041 1131 4128 quoque
1147 4014 1295 4098 decreta
1318 4037 1533 4099 sanctorum
1548 4035 1661 4145 mm:
1651 4041 1726 4079 7777

101 4147 248 4235 patrum
264 4128 439 4215 videntur
455 4128 651 4216 adversari.
681 4129 864 4242 Inprimis
880 4129 971 4215 illud
994 4129 1141 4214 Urbani
1168 4129 1323 4242 Papae:
1352 4131 1456 4213 Nom
1472 4098 1566 4215 rriri‘l

100 4255 254 4355 operte,
276 4244 396 4359 inquit
413 4307 426 4350 ,
443 4248 627 4330 Dominus
649 4253 715 4330 vei
734 4249 815 4354 ejus
830 4249 1035 4355 Apostoli,
1059 4260 1098 4327 et
1125 4272 1186 4328 eos
1203 4262 1393 4353 sequentes
1408 4258 1534 4332 sonori
1591 4321 1593 4326 ,

93 4372 231 4465 potres
245 4368 570 4446 sernentialiterl
529 4391 553 4444 o
553 4367 675 4472 liquid
689 4363 937 4467 definierunt,
967 4366 1024 4445 ibi
1039 4388 1105 4445 non
1129 4387 1261 4445 novom
1287 4358 1401 4472 Iegem
1423 4366 1531 4449 Rom.

98 4473 281 4608 Pontifex
295 4483 386 4562 dore
402 4496 541 4587 potest.
574 4481 650 4565 Et
641 4504 730 4565 rtem
748 4480 839 4565 illud
854 4481 991 4564 Zosimi
1008 4481 1156 4591 Papae:
1194 4478 1334 4562 Contra
1357 4495 1532 4587 statmo,
1545 4505 1650 4602 ²⁵2⁴·
1643 4509 1737 4563 mor

98 4590 236 4707 inquit,
247 4611 401 4702 potrum
418 4601 572 4682 condere
584 4600 731 4702 aliquid
743 4624 792 4678 ve
791 4604 978 4698 lmotore,
995 4620 1039 4676 ne
1055 4597 1315 4704 hujusquidem
1329 4602 1430 4680 redis
1439 4543 1532 4705 pot:

98 4724 157 4791 est
178 4721 398 4797 auotoritas.
429 4720 491 4798 Ne
517 4713 659 4829 singula
690 4713 839 4798 decreta
856 4707 1097 4817 referamus,
1122 4713 1151 4796 si
1178 4742 1276 4826 quae
1303 4713 1343 4795 in
1360 4716 1532 4801 eamdem

36 4922 53 4929 ,
99 4831 319 4923 sententiam
333 4830 566 4948 reperiuntur
584 4890 599 4941 ,
614 4828 730 4954 quid
720 4829 831 4948 igitur
857 4829 907 4916 ad
923 4830 1008 4918 talia
1024 4772 1200 4937 dedreta,
1224 4830 1277 4916 ad
1297 4828 1433 4916 horum
1450 4860 1532 4916 sen·

1450 4972 1534 5033 ten·
