4050 5858
513 331 585 400 286

480 526 569 631 ua
602 456 1118 629 CONVENIENTIA
1158 517 1564 626 oneramur
1608 460 1942 633 ιιιιιιιιιιι

639 736 789 814 CUM
837 733 1320 811 CHRISTIANA
1370 732 1783 832 RELIGIONE

912 931 1129 1012 arana
1188 870 1512 1012 suarius
1605 955 1607 959 ·

541 1173 570 1254 1.
629 1081 922 1252 NONA
875 1165 987 1283 igitur
1017 1165 1089 1251 diei
1121 1165 1216 1251 hora
1238 1163 1445 1273 omnibus,
1462 1193 1518 1254 ut
1536 1163 1755 1306 planxerat,
1773 1173 1938 1280 reversis,

483 1317 564 1374 non
593 1290 719 1374 statim
747 1286 882 1370 licuit
873 1286 1055 1371 inlocum
1080 1286 1258 1372 eumdem
1281 1286 1484 1372 convenire
1500 1348 1513 1394 ,
1529 1287 1670 1403 quippe
1684 1288 1723 1373 in
1740 1320 1824 1406 quo
1842 1298 1940 1379 Pon

483 1405 574 1499 tilex
609 1405 831 1496 valetudinis
855 1405 916 1492 vel
950 1404 1064 1490 animi
1092 1434 1202 1490 causa
1225 1405 1510 1512 inambulabat,
1527 1406 1650 1492 donec
1674 1435 1763 1494 cum
1792 1412 1942 1495 Franci

482 1556 551 1618 sco
564 1526 790 1645 Quignonio
823 1549 862 1610 et
893 1525 1034 1610 Inacho
1052 1524 1250 1611 Mendoza
1266 1518 1527 1612 Cardinalibus
1541 1526 1700 1641 Hispani
1716 1529 1942 1645 genetis,et

485 1645 677 1732 illustrium
694 1642 969 1751 familiarum
933 1643 1017 1732 vnis
1034 1705 1046 1751 ,
1063 1671 1129 1760 qiu
1119 1640 1268 1731 forte
1259 1670 1570 1756 intervenerunt,
1585 1647 1625 1731 in
1639 1645 1820 1735 conclave
1835 1677 1942 1763 prae⁴

484 1764 570 1851 torii
598 1768 764 1855 recessit.
796 1770 909 1850 Tunc
929 1794 1024 1853 vero
1052 1792 1141 1850 cum
1169 1764 1208 1849 in
1230 1794 1319 1851 eum
1341 1763 1469 1851 locum
1498 1768 1738 1855 succedentes
1750 1767 1940 1853 consedrs

488 1908 597 1988 sent,
614 1912 817 1972 conversus
831 1885 880 1966 ad
896 1881 1098 1967 Alfonsum
1117 1883 1354 1995 Leopoldus:
1374 1885 1507 1967 Cur
1469 1888 1644 1998 tn,quit,
1661 1885 1843 1991 Alfonse‚
1862 1890 1941 1971 Ge·

485 2002 661 2109 nesium,
678 2003 707 2087 si
734 1999 832 2086 sorte
857 1999 896 2083 in
921 1999 1104 2085 comitatu
1133 2000 1238 2085 adest
1264 1944 1481 2117 Quignonii'
1499 2001 1733 2107 Cardinalis,
1752 2031 1834 2088 non
1861 2034 1940 2092 vo·

486 2148 614 2204 camus
629 2182 640 2226 ,
657 2147 702 2206 ut
723 2117 864 2206 intersit
894 2144 1043 2204 nostrae
1060 2118 1327 2232 disputationi,
1345 2144 1384 2203 et
1407 2118 1502 2235 quid
1518 2118 1567 2205 de
1583 2120 1638 2204 his
1655 2121 1761 2205 rebus
1784 2120 1947 2227 sentiat,

487 2237 763 2355 intelligamus.
795 2261 839 2322 ut
866 2236 966 2322 enim
989 2235 1118 2343 nosti,
1135 2265 1204 2321 nec
1232 2236 1410 2322 abhorret
1439 2240 1489 2322 ab
1516 2238 1572 2323 his
1597 2235 1752 2345 studiis,
1776 2262 1816 2324 et
1842 2238 1944 2325 solet

356 2416 380 2425 -s
486 2356 574 2442 talia
603 2387 761 2444 munera
785 2355 939 2440 libenter
959 2355 1087 2440 obire.
1120 2355 1214 2438 Αιι.
1230 2354 1293 2440 Ille
1313 2383 1408 2441 vero
1424 2355 1689 2442 libentissime:
1705 2381 1941 2471 quapropter

487 2475 568 2561 heri
584 2505 672 2563 cum
698 2506 721 2560 a
737 2473 844 2565 vobis
861 2473 1120 2575 discessissem,
1139 2472 1333 2558 hominem
1359 2473 1457 2560 adivi
1474 2471 1488 2586 (
1504 2502 1574 2559 nec
1590 2475 1691 2560 enim
1707 2504 1730 2558 a
1747 2505 1809 2560 me
1825 2475 1943 2593 longe

487 2593 526 2687 in
551 2623 688 2711 campo
706 2593 852 2678 Martio
880 2592 1087 2678 diversatur
1104 2590 1118 2704 )
1135 2614 1179 2674 ut
1203 2591 1238 2676 ei
1265 2591 1499 2707 colloquium
1524 2593 1600 2677 hoc
1633 2593 1943 2708 disputationem·

413 2726 415 2738 '
486 2741 565 2828 que
590 2739 755 2800 vestram
790 2709 1084 2796 denuntiarent:
1119 2707 1350 2824 molesteque
1379 2711 1478 2817 tuli,
1506 2710 1658 2826 quod
1647 2743 1769 2826 ipsum
1796 2709 1943 2798 offendi

488 2830 603 2947 paulo
636 2861 704 2947 gra
713 2859 796 2918 vtus
826 2852 1114 2946 aegrotantem:
1146 2826 1212 2941 qui
1238 2852 1397 2932 tamen,
1413 2828 1542 2914 audita
1559 2860 1605 2916 ex
1636 2859 1699 2914 me
1728 2829 1945 2945 propositae

488 2948 716 3064 quaestionis
752 2976 925 3053 summa,
943 2943 1130 3061 praefatus
1154 2974 1193 3030 se
1214 2947 1454 3032 vehementer
1479 2946 1606 3034 dolete
1621 3009 1634 3054 ,
1651 2950 1760 3063 quod
1785 2947 1853 3033 sbi
1875 2975 1946 3062 per

490 3067 748 3153 valetudinem
789 3065 877 3150 huic
906 3062 1146 3199 disputationi
1177 3063 1304 3150 adesse
1337 3094 1420 3150 non
1450 3064 1603 3172 liceret,
1636 3065 1743 3152 brevi
1772 3093 1948 3152 sermone

489 3214 577 3270 usus
608 3209 697 3291 est,
735 3184 801 3270 sed
827 3214 910 3298 quo
937 3180 1042 3295 facile
1069 3180 1275 3288 indicaret,
1305 3212 1343 3268 se
1374 3183 1622 3290 Democrati,
1637 3182 1667 3269 si
1698 3184 1875 3288 adesset,
1891 3208 1946 3269 et·

490 3304 565 3388 iam
590 3328 705 3418 atque
730 3302 842 3386 etiam
861 3299 969 3386 fuisse
994 3330 1206 3386 assensum
1236 3304 1337 3385 Dan.
1353 3305 1518 3388 Gratum
1533 3303 1630 3406 erit,
1649 3299 1679 3385 si
1707 3327 1838 3389 nostra
1863 3331 1948 3386 scn-

362 3504 365 3509 .
489 3421 608 3507 tentia
635 3420 834 3538 hominum
869 3420 1072 3567 doctorum
1088 3447 1336 3536 e,otumque
1371 3447 1453 3507 non
1480 3363 1777 3540 imprudentium
1808 3419 1947 3535 judicio

491 3522 725 3654 probabitur

550 3663 594 3743 ΙΙ.
667 3664 779 3744 Leon.
817 3634 1075 3744 Redeamus
1064 3656 1203 3774 igitur,
1221 3661 1466 3746 Democrates
1482 3719 1495 3765 ‚
1511 3661 1561 3747 ad
1591 3687 1804 3747 sermonem
1834 3655 1948 3745 hodie

493 3776 602 3861 nobis
631 3775 680 3861 de
704 3775 918 3861 militaribus
947 3774 1188 3861 virtutibus
1179 3776 1390 3862 institutum
1409 3839 1421 3884 ,
1438 3806 1519 3892 quo
1540 3805 1641 3866 recte
1664 3804 1708 3864 tu
1728 3777 1886 3894 quidem
1911 3800 1949 3862 et

494 3893 644 4027 copiose
665 3893 763 3980 visus
783 3923 822 3978 es
845 3892 934 3977 mihi
957 3919 1040 3980 tum
1066 3894 1115 3980 de
1137 3888 1384 4002 fortitudine,
1405 3921 1489 3982 tum
1514 3896 1563 3980 de
1586 3896 1842 4013 magnitudine
1867 3894 1952 3978 ani·

325 4061 481 4167 mm„
493 4041 544 4095 mr
533 4012 798 4098 disseruisse:
818 4012 883 4096 sed
908 4042 937 4096 sr
926 4011 1095 4096 haec
1061 4035 1206 4117 virtus,
1225 4012 1265 4097 in
1282 4042 1359 4142 qua
1376 4013 1569 4100 laudanda
1582 4039 1662 4100 tam
1679 4015 1817 4100 multus
1831 4008 1949 4117 fuisti,

302 4134 391 4288 ἔξω
351 4193 417 4228 2„
357 4133 467 4191 ”·””””
393 4179 481 4228 b
494 4152 533 4215 et
560 4130 695 4216 merito
722 4160 782 4215 me
811 4129 931 4243 judice
957 4126 1085 4236 fuisti,
1102 4072 1273 4216 homines
1303 4127 1390 4217 lacit
1417 4130 1483 4217 sibi
1508 4163 1676 4251 magnop
1652 4162 1739 4247 pere
1763 4131 1951 4246 placentes

363 4254 483 4350 2220„
441 4244 806 4382 v¹(magnanimum
831 4247 932 4333 enim
960 4249 1105 4365 magnis
1136 4249 1200 4334 sibi
1223 4249 1334 4335 rebus
1366 4249 1524 4368 dignum
1556 4252 1675 4339 videri
1706 4249 1949 4353 confirmasti,

280 4303 367 4470 'ill‘
369 4374 383 4409 ³
397 4361 480 4420 “¹³³'‘
470 4387 532 4451 et
560 4365 651 4453 item
676 4367 834 4452 aliorum
855 4366 1054 4453 hominum
1075 4394 1328 4455 contemtores
1344 4367 1359 4482 l
1375 4370 1585 4484 eademque
1606 4368 1724 4456 virtus
1749 4368 1888 4455 divitiis
1913 4389 1951 4451 et

494 4484 653 4571 externis
669 4485 777 4571 bonis
795 4510 987 4601 augescit,
1007 4487 1071 4601 qui
1096 4511 1220 4618 potest
1236 4488 1329 4571 haec
1345 4515 1433 4572 cum
1451 4487 1641 4602 disciplina
1659 4486 1874 4573 Christiana
1888 4514 1949 4570 co·

497 4604 649 4691 haerete
665 4667 677 4713 ,
696 4604 974 4690 humilitatem
965 4634 1004 4688 m
1033 4602 1183 4739 primis
1183 4628 1222 4689 et
1248 4628 1508 4719 paupertatem
1536 4603 1864 4691 commendante?
1890 4601 1953 4691 sibi

495 4751 663 4841 namque
692 4723 865 4839 placere,
883 4747 921 4808 et
947 4721 1037 4807 alios
1068 4720 1226 4810 vicissim
1257 4723 1475 4837 despicere,
1504 4725 1654 4840 superbi
1680 4724 1845 4809 hominis
1877 4749 1953 4808 esse

493 4843 643 4932 videtur
669 4866 708 4930 et
739 4839 972 4959 arrogantis:
989 4840 1066 4928 hoc
1096 4867 1226 4929 autem
1251 4840 1387 4932 vitium
1419 4842 1557 4935 idcirco
1580 4841 1743 4934 maxime
1776 4841 1963 5049 omniqm

1923 4984 1963 5044 e·
