4020 5864
399 323 403 328 ι
495 400 561 468 570
827 370 1182 445 Aurnaouoola
1213 369 1322 444 PRO
1353 369 1455 441 Aru
1479 372 1561 444 nlo

467 500 657 590 chorum
650 497 819 615 yeiuniis,
848 493 1011 632 vigiliis,
1032 493 1359 585 lucubrationibus
1380 554 1392 600 ,
1416 496 1631 608 patientia,
1653 518 1695 586 ιι
1721 496 1945 616 irrequietis,

471 623 589 706 dum
590 649 692 706 sacra
712 647 870 734 remque
903 615 1072 703 divinam
1097 639 1331 731 peragunt,
1357 613 1552 700 laboribus
1583 643 1633 701 ne
1658 616 1831 704 verbum
1865 621 1945 736 qui·

471 740 561 824 dem
578 735 678 825 facis.
713 742 779 822 An
795 738 886 852 quia
912 764 992 821 ιιοιι
1010 761 1147 841 arant,
1172 732 1235 820 vel
1261 757 1442 837 mensur,
1462 734 1573 819 otiosi
1587 762 1668 821 esse
1683 762 1728 822 et
1746 735 1840 822 nihil
1854 766 1943 854 age·

474 886 515 942 ιι
532 856 596 943 tibi
621 857 828 963 videntur,
866 855 1034 970 quibus,
1065 878 1109 940 ιιι
1134 850 1440 969 evangelicarum
1466 853 1699 940 concionum
1734 850 1937 942 consessio·

475 1004 645 1111 numque
656 1003 815 1090 magnos
824 999 864 1061 et
878 969 1091 1060 fructuosos
1106 973 1254 1059 labores
1265 994 1455 1077 omrttam,
1470 999 1581 1107 mane
1596 970 1932 1087 evigilandumest,

476 1093 699 1208 intempesta
713 1117 827 1178 nocte
844 1094 1096 1208 surgendum:
1128 1088 1178 1177 ad
1205 1094 1418 1194 summam,
1434 1085 1501 1204 qui
1518 1114 1650 1176 noctes
1666 1115 1709 1174 ιι
1727 1090 1837 1177 dics
1828 1089 1936 1177 rula-

479 1211 616 1297 ciendis
632 1213 742 1296 rebus
767 1211 925 1315 divinis,
952 1207 1130 1296 canendis
1149 1206 1320 1321 hymnis,
1347 1204 1627 1324 fundendisque
1657 1208 1840 1322 precibus
1859 1235 1940 1296 sunt

483 1331 686 1443 occupati?
717 1333 801 1414 Aut
819 1353 957 1444 putas,
982 1326 1105 1415 officia
1124 1389 1136 1433 ,
1153 1355 1254 1440 quae
1277 1325 1337 1439 pie
1361 1324 1561 1441 religioni,
1586 1356 1709 1442 quam
1736 1356 1845 1442 quae
1876 1328 1940 1413 rci-

483 1447 654 1560 publicae
682 1446 834 1533 civiliter
855 1448 1157 1583 impenduntur,
1188 1445 1311 1532 minus
1337 1443 1476 1532 habere
1506 1443 1568 1531 vel
1600 1442 1748 1530 fructus
1799 1445 1863 1533 vel
1894 1446 1945 1530 di-

486 1565 663 1696 gniratis?
693 1566 824 1650 Haec
816 1567 928 1702 rgitur
953 1595 1041 1653 cum
1071 1588 1224 1668 taceas,
1252 1585 1292 1648 et
1317 1562 1440 1649 otium
1465 1563 1662 1648 monachis
1689 1562 1940 1680 saginamque

487 1680 637 1820 obiicias
653 1744 666 1786 ,
684 1685 786 1820 jubes
810 1686 919 1770 Pium
937 1681 1090 1770 meridie
1106 1681 1296 1799 caligare,
1324 1704 1422 1768 utre
1443 1708 1524 1765 non
1553 1703 1717 1787 cernat,
1742 1705 1814 1767 aut
1829 1709 1941 1817 quam

487 1791 648 1886 maxime
672 1802 907 1916 suspicetur,
924 1803 1048 1891 odisse
1070 1800 1348 1887 monachorum
1376 1797 1580 1905 ordinem,
1611 1827 1659 1885 ac
1691 1740 1921 1887 ιιιιιιιοιι
1887 1827 1942 1887 ιι·

488 1941 578 2003 tam
583 1918 751 2033 ipsorum
776 1919 973 2008 incusare?

548 2037 648 2122 XLI.
708 2036 845 2142 Quid,
880 2038 909 2123 si
933 2023 1087 2126 nesciret
1116 2035 1285 2153 ,qualia
1301 2036 1387 2123 de
1378 2035 1462 2152 rpsis
1486 2035 1668 2152 scripseris
1699 2035 1742 2121 in
1769 2037 1941 2142 Funere,

384 2196 395 2234 ¹.
490 2176 529 2239 ιι
545 2180 662 2268 quam
679 2155 797 2240 multa
822 2099 930 2243 lucris
945 2181 1210 2261 commentus,
1242 2180 1286 2242 ut
1301 2156 1478 2240 omnibus
1501 2184 1589 2240 cum
1610 2153 1689 2240 risu
1704 2156 1930 2269 persuadeas,

405 2272 406 2276 '
491 2273 701 2359 monachos
723 2268 856 2360 avaros
876 2300 916 2362 ιι
938 2275 1112 2396 sordidos
1134 2301 1213 2361 esse
1239 2299 1486 2388 ,p,rocaces
1518 2272 1735 2388 petulantes
1765 2296 1803 2358 ιι
1816 2272 1938 2386 impu·

492 2389 650 2477 dentes:
682 2416 747 2476 aut
763 2391 985 2508 ignoraret,
1009 2417 1049 2481 ιι
1064 2391 1218 2478 eosdem
1250 2391 1402 2477 solitum
1423 2419 1501 2477 esse
1522 2390 1722 2477 histriones
1745 2389 1940 2526 appellare,

492 2504 543 2592 ιιι
558 2536 656 2624 quos
683 2510 866 2597 Pharisaei
889 2511 1041 2618 collati,
1076 2508 1268 2624 simplices
1276 2508 1475 2597 videantur
1498 2531 1614 2625 atque
1646 2507 1807 2595 sinceri?
1834 2510 1942 2606 Quo

493 2652 579 2711 nrm
604 2653 734 2715 tamen
755 2631 962 2716 verborum
990 2627 1221 2716 invidiam
1195 2654 1246 2713 ιιι
1268 2653 1379 2743 putas
1408 2625 1541 2741 depelli
1567 2653 1709 2742 posse,
1740 2628 1771 2712 si
1798 2651 1837 2714 te
1866 2656 1941 2711 non

494 2747 705 2831 monachos
719 2777 852 2832 omnes
869 2747 1094 2852 histriones,
1121 2769 1162 2843 ιι
1189 2742 1299 2831 fictae
1323 2743 1588 2832 sanctimoniae
1603 2769 1861 2832 ostentatores
1876 2774 1941 2831 vo-

496 2886 598 2947 casse
613 2864 871 2981 ,objurganti
893 2868 962 2953 Pio
976 2864 1228 2981 respondeas,
1244 2865 1310 2951 sed
1327 2863 1542 2979 hypocritas
1559 2864 1777 2949 dumtaxat.
1808 2869 1850 2948 ln
1864 2891 1942 2976 quo

497 2979 581 3113 quis
597 3003 654 3066 est
674 3005 753 3069 tam
781 2982 925 3091 hebes,
954 3008 1022 3070 aut
1036 2983 1197 3089 tardus,
1226 3007 1271 3069 ut
1285 2981 1353 3068 ribi
1368 3003 1554 3115 repugnet
1576 2981 1759 3068 eamdem
1776 3009 1856 3066 rem
1880 3006 1942 3064 va·

498 3095 558 3180 riis
573 3100 821 3207 nominibus,
853 3044 925 3190 sed
935 3100 1102 3214 ejusdem
1134 3100 1339 3185 intellectus
1356 3098 1576 3213 appellanti?
1591 3096 1694 3183 Aut
1716 3099 1804 3214 quis
1834 3097 1943 3181 nescir

497 3215 731 3331 hypocritam
770 3162 917 3308 Giaece
949 3221 1025 3308 hoc
1051 3239 1128 3306 esse
1160 3220 1307 3335 ,quod
1324 3217 1568 3401 histrionem,
1599 3241 1667 3304 aut
1689 3215 1942 3302 simulatorun

499 3323 664 3420 Latine?

561 3453 678 3537 XLII.
734 3442 1108 3573 Intelligebatrgirur
1131 3513 1148 3591 ’.
1172 3480 1211 3542 ιι
1235 3396 1450 3570 hypocritas
1483 3476 1632 3539 rantum
1669 3451 1946 3539 monachorum

503 3566 740 3678 histriones,
768 3597 807 3658 ιι
834 3572 942 3659 lictae
966 3574 1168 3660 sanctitatis
1192 3574 1423 3660 simulatores
1457 3571 1618 3675 dicere,
1645 3570 1714 3656 sed
1750 3570 1845 3657 illud
1874 3597 1949 3654 nou

504 3683 732 3800 ignorabat,
759 3715 797 3776 te
812 3693 945 3806 passim
975 3721 1059 3777 earn
1084 3690 1304 3808 opinionem
1329 3717 1419 3807 prae
1446 3684 1629 3795 referre,
1651 3713 1698 3774 ut
1726 3716 1867 3774 omnes
1896 3684 1951 3772 vel

503 3805 669 3918 perditos
693 3834 733 3892 et
756 3808 953 3894 dissolutos
969 3836 1074 3919 esse,
1095 3809 1157 3896 vel
1172 3834 1272 3899 certe
1297 3807 1534 3894 simulatores
1557 3831 1596 3892 er
1627 3805 1855 3920 hypocritas
1882 3803 1951 3890 ιιι

504 3921 651 4009 stimate
666 3925 828 4059 puteris:
854 3926 962 4042 quod
979 3954 1066 4012 cum
1082 3926 1202 4031 alias,
1229 3951 1313 4013 tum
1330 3954 1379 4012 eo
1403 3912 1492 4011 loco
1512 3949 1640 4040 aperte
1667 3925 1867 4030 declaras,
1893 3919 1950 4005 ubi

504 4038 554 4126 sic
569 4041 717 4129 scribis:
747 4043 865 4153 Quod
880 4053 1073 4156 vigilias,
1098 4047 1383 4162 quodjejunia,
1409 4046 1506 4151 quod
1530 4049 1680 4126 silentia
1703 4049 1858 4149 ,quod
1868 4061 1951 4151 pre·

505 4168 637 4268 culos,
662 4166 759 4267 quod
771 4168 937 4270 reliquas
959 4168 1003 4245 id
1019 4187 1137 4272 genus
1155 4158 1433 4248 observationes
1461 4186 1529 4246 non
1545 4174 1840 4270 praetereunt,
1865 4161 1957 4246 nihil

507 4304 663 4385 moror,
687 4289 727 4363 in
750 4288 893 4389 spiritu
922 4296 1046 4365 tamen
1075 4307 1145 4366 non
1174 4286 1324 4365 nedum
1353 4305 1415 4365 eos
1449 4281 1681 4383 ambulare,
1711 4287 1792 4362 nisi
1826 4282 1954 4363 videre

493 4390 658 4499 fruetus
683 4407 859 4508 spiritus.
891 4390 1072 4496 Quorum
1087 4398 1291 4486 verborum
1313 4397 1456 4484 invidia
1481 4425 1654 4513 pressus,
1681 4396 1736 4482 ad
1756 4397 1868 4483 hunc
1883 4424 1956 4480 mo

509 4512 603 4598 dum
620 4519 821 4628 respondes
848 4518 942 4604 Pio:
974 4519 1086 4627 ,Quid
1102 4516 1181 4601 ιἰιιι
1196 4519 1330 4602 verbis
1353 4521 1507 4602 indico?
1533 4542 1602 4602 non
1625 4524 1761 4598 norim
1792 4545 1857 4602 eos
1884 4540 1955 4598 arn·

504 4632 571 4714 bul
554 4640 634 4717 lure
657 4643 697 4715 in
727 4644 897 4744 spirita,
927 4646 992 4742 qui
1006 4640 1214 4751 yejunanr,
1241 4651 1307 4720 aar
1330 4630 1508 4752 preculas
1530 4643 1808 4745 praesoipras
1841 4636 1951 4720 absol·

501 4767 626 4857 vent,
651 4762 689 4836 si
712 4752 1010 4858 absintfructus
1027 4762 1206 4864 spiritus
1237 4756 1341 4841 Istud
1360 4779 1398 4842 te
1415 4753 1537 4840 dicere
1554 4781 1667 4838 nemo
1684 4754 1874 4842 dubitat:
1866 4744 1950 4836 ιιι

499 4887 681 4990 quorsum
701 4873 885 4961 tandem?
912 4875 1223 4991 percunctabitur
1239 4874 1355 4982 Pius,
1379 4896 1508 4964 utrum
1528 4871 1566 4958 id
1595 4870 1675 4986 agis
1706 4871 1896 4983 soloen,
1913 4888 1954 4951 ut

1894 5013 1957 5078 ιιοι
