4006 5850
689 385 883 464 mnan
919 391 948 457 1.
1219 402 1226 415 ,
1440 389 1511 481 481
1575 354 1576 357 ‘

90 512 262 630 gentibus
277 508 465 598 laboribus
479 507 545 595 sibi
564 534 745 628 negatum
765 514 953 602 viderint:
980 513 1021 598 in
1043 508 1218 599 solatium
1240 535 1369 597 tantae
1385 509 1533 598 calami·

90 633 174 718 tatis
194 632 316 747 pravis
344 629 584 745 opinionibus
601 631 803 744 perniciosa
832 634 996 722 remedia
1017 656 1215 748 quaerant.
1247 631 1388 717 Videas
1403 631 1530 749 igitur,

88 751 201 857 alios,
217 778 307 834 cum
324 750 414 835 luxu
435 772 552 864 atquc
578 750 808 865 turpitudine
837 754 975 841 viribus
997 753 1164 866 corporis
1188 774 1227 835 et
1255 748 1393 861 judicio
1416 751 1531 836 animi

86 869 269 983 corruptis
295 866 397 955 viam
413 867 615 954 honestatis
639 869 798 957 arduam
814 897 854 957 et
871 870 1123 962 difficillimam
1152 867 1386 984 intelligant,
1412 869 1530 956 virtu·
1609 889 1613 910 ’

86 1009 144 1074 tes
174 1015 274 1072 vana
301 986 456 1071 nomina
478 1012 771 1105 commentaque
801 990 1114 1105 philosophorum
1139 1016 1245 1091 esse,
1279 986 1447 1093 dictare,
1478 988 1529 1089 ad

89 1133 277 1191 summam
289 1104 380 1188 nihil
388 1104 488 1189 aliud
504 1134 621 1221 quam
631 1109 929 1196 venditationem
942 1136 980 1196 et
1001 1106 1291 1194 ostentationem
1307 1107 1531 1218 quamdam,
1600 1132 1602 1138 ·

89 1222 185 1310 dum
200 1219 410 1309 felicitatem
425 1251 691 1339 summumque
701 1227 848 1312 bonum
867 1228 947 1313 sola
968 1226 1164 1341 voluptate
1181 1224 1409 1308 metiuntur:
1423 1224 1530 1330 ahos,

91 1367 141 1426 ne
156 1341 333 1427 scelerum
354 1370 478 1456 poena
493 1341 558 1435 sibi
583 1342 627 1426 sit
644 1369 730 1457 post
746 1350 907 1432 mortem
925 1344 1197 1432 extimescenda
1213 1402 1225 1447 ,
1240 1343 1452 1428 animorum
1469 1370 1531 1427 ae·

91 1482 207 1545 ratem
224 1459 382 1565 eisdem,
398 1485 513 1577 atque
524 1487 728 1575 corporum
740 1463 917 1581 angustiis
933 1462 1087 1570 definire
1104 1494 1113 1546 ς
1130 1461 1318 1577 quosdam
1336 1522 1348 1564 ,
1367 1484 1409 1544 ut
1426 1464 1533 1546 Mat·

91 1577 212 1663 tinum
222 1577 434 1664 Lutherum
449 1640 461 1684 ,
474 1608 630 1665 suorum
646 1577 874 1698 flagitiorum
890 1583 1063 1698 culpam,
1079 1608 1197 1696 quam
1214 1607 1338 1692 neque
1350 1579 1437 1686 sibi,
1467 1604 1537 1668 nc·.

119 1724 168 1781 ue
183 1695 313 1787 ceteris
325 1696 539 1782 hominibus
551 1696 667 1811 paulo
683 1700 804 1785 modo
820 1699 1085 1787 oculatioribus
1100 1725 1273 1783 exctrsare
1284 1691 1432 1811 queunt
1452 1758 1464 1802 ,
1483 1697 1537 1785 ad

90 1724 158 1900 hri
174 1816 428 1900 necessitatem
453 1811 661 1900 transferre.
694 1817 768 1902 Sed
799 1814 971 1932 profecto
989 1817 1184 1934 opiniones
1212 1813 1427 1926 hujusmodi
1459 1815 1534 1901 hoc
1585 1828 1589 1862 ·'

91 1956 180 2016 sunt
197 1931 417 2047 reipublicae
439 1933 702 2041 nocentiores,
724 1964 806 2049 quo
823 1936 941 2050 major
956 1961 1011 2022 est
1026 1935 1128 2047 ejus,
1154 1934 1191 2017 in
1207 1960 1323 2047 quem
1352 1932 1533 2038 inciderit,

94 2050 254 2136 audacia
269 2050 418 2139 dicendi
442 2051 586 2138 viribus
602 2080 683 2139 non
714 2053 902 2140 destituta.
932 2056 1028 2150 Quo
1052 2051 1169 2169 magis
1197 2075 1253 2136 est
1282 2050 1437 2135 Luthcti
1467 2083 1534 2137 au·
1581 2075 1585 2089 ·

90 2165 271 2254 dacissinri
286 2194 325 2257 et
340 2167 587 2286 loquacissimi
599 2171 763 2261 bominis
778 2173 977 2258 temeritati
994 2173 1060 2260 viis
1083 2169 1227 2255 cunctis
1242 2169 1533 2275 occurrendum,

90 2288 313 2373 sententiam
328 2287 549 2422 jampridem
573 2288 788 2377 mortalium
813 2319 998 2378 consensu
1014 2290 1233 2377 damnatam
1257 2310 1373 2404 atque
1400 2287 1534 2402 explo-
1576 2335 1580 2342 ,

94 2430 175 2488 sam
202 2429 409 2492 revocantt.
1522 2448 1540 2457 *s

150 2522 258 2608 XVI.
316 2522 487 2611 Primum
504 2524 613 2644 igitur
641 2524 681 2614 in
705 2526 778 2615 hac
805 2527 1051 2647 quaestione,
1082 2553 1166 2614 tum
1193 2523 1506 2642 philosophorum
1519 2583 1532 2632 ,
1546 2527 1726 2654 wssffg‘lffglff

91 2659 175 2726 tum
190 2640 462 2778 theologorum
486 2643 692 2732 rationibus
711 2648 862 2733 causam
886 2674 1055 2736 nostram
1071 2644 1386 2734 confirmabimus.
1411 2644 1532 2730 Dein-
1546 2651 1593 2704 ‘¹¹-

88 2757 141 2844 dc
156 2759 453 2848 adversariorum
468 2762 779 2880 philosophorum
795 2793 1017 2884 argumenta
1033 2763 1201 2851 secundo
1222 2762 1318 2850 libro
1342 2775 1558 2878 propone·v
1616 2836 1618 2840 .
1669 2836 1672 2843 .

88 2901 201 2982 mus,
217 2879 429 2994 eademque
443 2905 487 2965 ut
501 2874 713 2998 philosophi
728 2880 985 2973 refutabimus.
1012 2890 1117 2971 Tum
1129 2882 1168 2968 in
1192 2881 1305 2968 tertio
1321 2879 1531 2969 incommo-

91 2992 177 3098 dis,
202 3022 301 3110 quae
324 2997 508 3108 ejusmodi
523 3027 689 3086 errorem
714 3004 966 3091 communiter
995 3011 1304 3118 consequuntur,
1329 2998 1531 3115 explicatis,
1569 3035 1571 3040 ¹

87 3109 248 3198 Martini
270 3113 463 3228 captiones
476 3117 677 3230 privatim,
698 3144 743 3207 ut
758 3122 854 3208 ratio
869 3122 988 3237 poscit
1003 3119 1235 3206 Christianae
1248 3117 1460 3234 religionis,
1478 3149 1532 3205 re·

89 3223 272 3318 lellemus.
304 3235 554 3349 Quamquam
570 3233 742 3353 profecto
757 3239 811 3345 ,si
833 3241 905 3325 hac
921 3241 959 3325 in
974 3268 1086 3326 causa
1102 3237 1337 3351 dijudicanda
1364 3237 1530 3322 auctori·
1567 3303 1593 3354 u,
1607 3303 1722 3364 mm

90 3368 147 3434 tas
163 3376 322 3467 quoque
346 3351 588 3466 prudentium
603 3379 644 3440 et
668 3357 998 3445 eruditissimorum
1028 3357 1195 3444 virorum
1223 3354 1377 3468 spectari
1402 3355 1428 3441 d
1477 3380 1526 3461 et,
1543 3365 1586 3422 ΡΙ
1619 3364 1720 3414 nram

1542 3424 1721 3473 necessitatem

82 3490 177 3552 cum
192 3463 260 3554 fati
284 3471 475 3557 necessitas
504 3500 552 3558 ex
565 3471 795 3591 philosophis
830 3475 1092 3563 Democritum
1108 3499 1147 3560 et
1162 3472 1393 3559 Heraclitum
1410 3495 1526 3587 atque
1540 3495 1720 3613 ww·

86 3585 391 3699 Empedoclem,
417 3614 482 3695 et,
509 3590 539 3676 si
566 3589 772 3678 Plutarcho
785 3594 998 3700 credimus,
1015 3591 1273 3679 Parmenidem
1291 3651 1303 3696 ,
1319 3589 1525 3703 priscorum
1555 3622 1557 3625 ’

88 3723 206 3816 atque
229 3704 381 3791 rudium
403 3730 621 3823 tempotum
651 3708 822 3798 homines
845 3736 1016 3799 auctores
1045 3712 1182 3797 habere
1214 3706 1383 3813 feratur,
1415 3732 1455 3794 et
1469 3708 1525 3797 his
1552 3742 1556 3749 ·

87 3821 331 3934 posteriorem
345 3824 599 3943 Chrysippum
613 3828 803 3936 Stoicum,
817 3831 1020 3948 sophistam
1034 3855 1074 3916 et
1088 3826 1296 3944 captiosum
1317 3826 1524 3918 hominemt

87 3964 159 4026 nos
183 3942 378 4029 Socratem
404 3945 612 4053 habemus,
636 3948 704 4063 qui
731 3947 879 4036 habitus
894 3974 950 4036 est
975 3948 1190 4034 mortalium
1205 3944 1521 4061 sapientissimus,
1648 4033 1651 4039 .

88 4053 312 4169 Platonem,
328 4061 890 4175 Aristotelem,Xenocratem,
918 4065 1177 4183 Speusippum.
1213 4069 1301 4170 Et,
1322 4091 1370 4149 ne
1395 4063 1522 4180 singu·
1612 4147 1614 4150 ,

89 4167 147 4307 193
161 4205 383 4316 persequar,
417 4183 630 4302 universam
653 4186 966 4274 Academicorum
984 4181 1389 4299 Peripateticorumque
1414 4177 1520 4267 fami·

88 4286 175 4375 lram
193 4351 209 4400 ,
226 4325 292 4412 qur
308 4327 439 4385 ornnes
453 4301 612 4391 libertati
635 4304 850 4391 mortalium
867 4303 1086 4421 patrocinari
1102 4361 1117 4409 ,
1131 4326 1288 4387 cunctos
1306 4298 1519 4389 animorum
1623 4384 1624 4388 a
1706 4316 1712 4341 ²
1732 4312 1740 4330 ”

83 4433 216 4496 motus
232 4473 245 4519 ,
260 4415 327 4529 qui
341 4416 496 4532 quidem
511 4421 690 4509 aratione
704 4421 1012 4540 proficiscantur,
1033 4452 1056 4506 a
1071 4417 1176 4506 fatali
1190 4418 1402 4506 necessitate
1426 4427 1519 4506 con'·

78 4528 303 4617 stantissime
333 4535 582 4626 vindicarunt.
610 4542 698 4654 Jam
714 4571 807 4628 vero
829 4539 903 4655 (ut
919 4542 969 4627 ad
983 4569 1050 4625 eos
1064 4538 1288 4644 veniamus,
1316 4538 1382 4654 qui
1398 4566 1517 4622 sacra·

81 4672 168 4731 rum
181 4646 385 4738 litterarum
400 4657 610 4743 testimonia
625 4660 766 4763 secuti,
793 4660 1015 4745 sententiam
1031 4689 1136 4744 suam
1153 4659 1225 4742 hac
1247 4657 1286 4740 in
1301 4683 1412 4740 causa
1428 4684 1516 4769 pro·

80 4765 328 4888 nuntiarunt)
345 4797 444 4859 stant
460 4802 530 4886 pto
545 4773 714 4861 libertate
741 4775 945 4864 voluntatis
968 4777 1291 4893 Chrysostomus,
1316 4780 1522 4859 Damasce-

85 4906 184 5088 ΜΤ,
205 4889 394 5104 ΟγᾶιῘΙΙιιε,
424 4889 600 5009 habu,
617 4894 830 5017 Origenes,
854 4896 1164 5011 Theophylactus
1190 4927 1200 4986 :
1233 4894 1355 4983 eidem
1384 4891 1522 4980 Hiero·

102 5063 106 5069 ·
183 5031 250 5122 vu·
310 5070 321 5102 ·
470 5117 472 5124 a
975 5019 1058 5135 Prr
1453 5033 1525 5120 ¹¹5·
