4140 5872
467 556 471 566 ·
502 472 1211 655 nrunoous

305 777 429 888 DE
485 773 1056 922 APPETENDA
1117 778 1528 885 GLORIA

295 979 389 1069 ,’
436 987 528 1107 Jo.
561 981 835 1108 onuastr
858 952 1326 1111 ιιιιιιιιειιιι.

149 1257 263 1337 Ι.
286 1140 654 1339 ΟΟΝΡΙΞΟΓΟ
680 1248 780 1336 ΙιΙΙο
805 1184 1093 1366 Neapolitano,
1113 1278 1200 1336 cum
1229 1247 1452 1337 Cordubam
1480 1224 1612 1338 urbem

155 1371 316 1485 patriam
334 1429 346 1472 ,
355 1370 550 1505 duplicem
566 1370 615 1457 de
632 1369 749 1459 Gallis
776 1370 1012 1484 triumphum
1035 1395 1232 1484 reportans
1249 1372 1439 1468 Gonsalus
1455 1374 1611 1468 fernan

156 1486 230 1573 dus
250 1486 463 1602 repetisset,
487 1489 517 1576 is
538 1490 639 1607 qui,
645 1512 700 1575 ut
714 1494 806 1575 Dux
825 1493 996 1605 Magnus
1023 1513 1291 1624 usurparetur,
1319 1487 1518 1574 clarissimis
1543 1519 1609 1606 ge·

150 1605 219 1690 stis
211 1607 419 1742 adeptus
401 1631 468 1693 ιιι
483 1669 496 1712 ,
512 1631 552 1694 ιι
580 1630 732 1692 summo
753 1634 842 1699 cum
867 1607 1010 1724 gaudio
1034 1636 1084 1692 ac
1110 1607 1251 1724 ingenti
1275 1599 1526 1723 gratulatione
1554 1609 1606 1706 'ab

154 1723 336 1811 universa
347 1724 501 1812 civitate
525 1721 662 1810 fuisset
673 1750 872 1840 exceptus:
901 1753 987 1811 cum
1009 1725 1128 1809 alii
1090 1727 1159 1814 vrri
1185 1725 1381 1840 principes
1388 1726 1491 1816 hunc
1511 1725 1606 1817 salu·

154 1842 264 1927 tandi
292 1841 412 1974 gratia
440 1841 613 1956 privatim
637 1841 819 1948 adibant,
835 1868 918 1928 tum
933 1845 1099 1958 Jacobus
1114 1842 1325 1946 Corduba,
1345 1842 1605 1976 Aegabriensis

59 1999 66 2013 ·
153 1963 300 2044 Comes
315 1958 530 2073 ,hujusque
552 1983 592 2044 et
611 1960 755 2095 gentilis
778 1984 817 2047 et
840 1962 1074 2098 propinquus
1090 1967 1220 2053 Petrus
1236 1961 1414 2047 Marchio
1429 1959 1604 2075 Priegen·

154 2075 204 2161 sis
214 2077 419 2192 ,idemque
434 2076 593 2162 Gomali
608 2075 726 2162 fratris
743 2075 858 2184 filius,
876 2080 953 2167 adi
953 2111 1063 2217 psum
1079 2079 1360 2171 consuetudinis
1377 2078 1495 2196 gratia
1512 2109 1603 2167 veu-

151 2192 326 2282 titabant.
352 2194 434 2289 Qui
454 2223 544 2280 cum
567 2194 796 2330 aliquando
797 2199 986 2314 congressi
1009 2198 1048 2284 in
1073 2215 1284 2290 sermonem
1299 2195 1509 2292 incidissent
1523 2196 1602 2290 bel·

149 2310 278 2404 lorum
295 2374 307 2418 ,
323 2341 423 2450 quae
447 2311 508 2397 illa
534 2313 716 2399 memoria
738 2315 803 2399 ab
813 2316 1016 2431 Hispanis
1014 2341 1120 2452 gesta
1143 2340 1291 2420 essent,
1311 2338 1350 2400 et
1377 2315 1417 2401 in
1448 2321 1602 2402 Grana·

154 2433 265 2517 tensis
288 2434 522 2518 mentionem
545 2427 698 2515 fuissent
728 2430 889 2549 delapsi:
923 2433 1105 2519 Felicia
1066 2433 1217 2547 ,utquit
1232 2433 1427 2566 Jacobus,
1429 2456 1602 2566 ,tempo-

151 2577 198 2633 ra
219 2574 377 2656 nostra,
394 2575 435 2636 ιι
467 2578 538 2635 nos
561 2549 629 2665 ipsr
617 2547 838 2636 fortunati
856 2550 1025 2686 ,quibus
1040 2581 1085 2638 ea
1107 2552 1235 2638 videre
1266 2549 1456 2667 contingit
1474 2570 1601 2664 ,quae

155 2667 314 2801 majores
338 2666 455 2754 nostri
480 2692 525 2753 ut
550 2666 746 2772 viderent,
767 2670 919 2755 summis
946 2669 1043 2755 votis
1069 2668 1316 2782 expetivere,
1335 2693 1375 2754 et
1402 2695 1511 2783 saepe
1541 2695 1601 2756 co·

149 2783 244 2869 actis
269 2785 404 2872 viribus
425 2782 560 2872 frustra
586 2800 857 2873 tentaverunt:
884 2782 1082 2920 effugimus
1105 2788 1261 2873 tandem
1286 2788 1468 2898 probrum
1490 2783 1599 2891 illud,

152 2902 264 3018 quod
280 2904 412 3009 nobis,
428 2904 467 2991 id
483 2929 539 2991 est
557 2903 757 3017 Hispanis,
775 2935 797 2988 a
814 2928 945 2990 ceteris
969 2905 1179 2990 ιιιιΙοιιΙιιιι
1187 2903 1444 3015 objiciebatur
1461 2847 1599 3017 ,quod

151 3047 241 3105 nos.
249 3020 373 3140 gloria
392 2966 519 3108 ΙιΙΙιι
541 3020 648 3107 nullis
673 3023 887 3108 mortalium
911 3022 1095 3108 sectutdos
1118 3050 1195 3107 esse
1224 3021 1358 3134 jactare
1382 3020 1504 3125 soliti,
1521 3021 1597 3106 ho.-

150 3161 250 3224 stem
278 3164 408 3226 tamen
439 3169 518 3225 non
547 3141 669 3226 modo
692 3170 891 3245 nostrum,
908 3140 974 3227 sed
1001 3168 1245 3225 communem
1271 3137 1385 3224 etiam
1419 3138 1596 3224 Christia-

152 3254 193 3340 ni
218 3256 410 3363 nominis,
426 3258 559 3344 nostris
590 3257 761 3373 quotidie
783 3257 1014 3346 cervicibus
1005 3260 1289 3365 unminentem,
1307 3255 1347 3343 Ιιι
1368 3255 1512 3372 optima
1526 3256 1598 3351 Hi-

149 3374 315 3489 spaniae
322 3400 429 3491 parte
453 3406 611 3493 regnare
635 3401 870 3512 pateremur.
971 3463 973 3465 ,
1007 3455 1029 3465 .,
1579 3428 1581 3433 v

150 3497 255 3578 11.
315 3498 439 3579 Gous.
474 3502 543 3582 Est
566 3521 610 3581 ut
630 3496 681 3581 ais
694 3494 882 3608 ,]ιιοΙ)ι;
900 3526 990 3582 nam
1021 3522 1060 3584 et
1083 3522 1153 3581 nos
1168 3490 1312 3586 felicem
1338 3494 1414 3587 Ιοι
1438 3455 1595 3586 nornine

151 3633 316 3696 aetatem
339 3610 458 3698 sortiti
484 3644 644 3718 sumus,
663 3639 701 3700 et
717 3615 809 3700 illud
829 3615 963 3700 nostris
990 3611 1125 3700 merito
1154 3614 1313 3699 dabatur
1330 3612 1496 3727 probro.
1520 3611 1594 3696 Sed

150 3749 199 3812 ut
225 3752 305 3814 tam
336 3732 443 3817 tarde
470 3731 587 3818 hostis
615 3675 664 3816 ιΙ)
678 3730 858 3867 Hispania
873 3760 1023 3869 prorsus
1047 3731 1331 3862 repelleretur,
1333 3758 1413 3814 non
1428 3726 1594 3842 superio-

148 3846 200 3931 ris
222 3849 431 3935 memoriae
451 3873 668 3945 nostrorum
688 3849 937 3936 hominum
898 3851 1103 3985 Mrgnavia,
1111 3850 1186 3935 sed
1218 3846 1426 3981 principum
1451 3846 1594 3934 discors

145 3962 212 4049 dia
232 3960 380 4051 factum
407 3989 474 4052 ιιι.
502 3967 665 4066 Quidvis
694 3972 798 4054 enim
826 3968 954 4086 potius
978 3969 1137 4070 nostris,
1162 3996 1280 4099 quam
1306 3963 1472 4097 gloriam
1494 3964 1594 4054 belli

148 4107 235 4166 eam
251 4082 417 4170 adimam
435 4145 448 4189 ,
464 4114 581 4200 quam
597 4117 626 4172 ιι
615 4084 828 4201 Hispani,
842 4111 888 4171 ut
902 4088 1022 4175 modo
1036 4084 1233 4174 dicebas
1197 4109 1358 4195 ,jactare
1380 4081 1476 4171 soliti
1491 4105 1593 4187 sunt,

148 4226 224 4283 suo
251 4201 319 4287 id
312 4232 389 4314 ιιιιι
416 4200 558 4290 faciunt
574 4266 587 4308 ,
605 4205 725 4291 modo
751 4203 790 4293 id
819 4206 968 4293 modice
994 4200 1131 4290 faciant
1147 4229 1317 4338 n,eque
1326 4223 1469 4287 ceteros
1496 4227 1595 4284 con·

150 4339 350 4425 temnant,
375 4349 474 4408 neve
509 4322 654 4439 magnis
670 4325 790 4410 verbis
807 4324 1045 4460 deprimant:
1076 4321 1115 4407 id
1139 4319 1240 4406 enim
1266 4347 1467 4453 arrogans
1469 4342 1524 4404 est
1556 4342 1595 4407 et

146 4433 391 4568 inyidiosum.
421 4441 613 4554 Equidem
645 4466 862 4528 nostrorum
885 4443 1064 4530 virtutem
1091 4439 1202 4554 siquis
1224 4439 1351 4526 alius
1328 4466 1431 4555 ,ego
1459 4435 1497 4521 in
1521 4435 1596 4550 pri·

143 4551 219 4637 mis
240 4582 350 4670 saepe
367 4556 569 4645 demiratus
591 4584 631 4644 et
657 4561 783 4646 multis
798 4560 940 4675 praeliis
954 4582 1128 4693 expertus
1144 4589 1252 4645 sum.
1281 4556 1356 4642 Sed
1380 4584 1593 4669 numquam

145 4671 283 4758 Gallos
310 4677 523 4771 contemsit
551 4707 764 4790 numquam
779 4676 889 4763 Italos
917 4672 1137 4792 parvifeci:
1168 4681 1449 4772 Germanorum
1481 4671 1598 4759 vitru-

145 4812 229 4875 tem
255 4819 400 4906 semper
427 4794 627 4909 ιιιοΙιινίι
645 4798 749 4880 Nam
766 4800 1020 4881 Granatenses
1044 4792 1139 4908 (etsi
1155 4793 1447 4879 Mahumetaeos
1460 4789 1476 4904 Ι
1490 4787 1600 4923 quod

148 4937 404 5022 spernamus,
419 4912 510 5001 nihil
525 4936 610 5022 est,
625 4912 694 4999 nisi
715 4913 872 5003 velimus
890 4913 1080 5030 Hispanos
1103 4935 1344 5000 contemnere
1360 4970 1374 5018 ,
1389 4905 1601 5026 praesertim

868 5038 965 5122 Aaa
1521 5048 1606 5114 tam
