4034 5858
491 395 544 468 ru
569 390 729 469 causus
754 392 964 471 oceuxT.
991 350 1208 476 cuturn(
1451 401 1525 497 3⁸7
1564 354 1566 359 ⁵

85 527 231 614 tionem
247 523 355 612 istam
384 519 624 609 contrariam
641 521 849 608 ‘communi
875 518 1076 607 hominum
1104 515 1365 638 intelligentiae
1389 519 1541 606 aucam

83 646 191 741 Quid
208 645 319 762 igitur
337 641 451 754 judex
472 641 569 730 velle
585 640 750 744 debeat,
766 639 848 754 jure
861 665 902 727 et
917 639 1059 758 legibus
1073 635 1181 726 facile
1196 664 1252 726 est
1274 638 1395 754 peritis
1411 637 1534 724 homi·

74 764 184 850 nibus
199 761 401 878 explicare:
428 760 524 877 quid
541 759 849 867 summaliter
872 760 998 847 verbis
1019 758 1129 874 ipsius
1145 757 1357 875 simpliciter
1371 757 1533 872 acceptis

75 907 132 970 est
146 880 404 996 judicandum.
434 883 540 966 Cum
556 879 668 996 igitur
698 878 812 993 judex
830 903 942 966 testes
956 879 1098 997 absque
1127 876 1351 993 exceptione
1376 877 1425 963 de
1439 903 1531 963 cun·

74 1001 142 1088 ctis
161 997 375 1119 criminibus
389 998 625 1116 interrogat,
653 996 692 1082 in
708 1025 849 1117 magna
866 997 979 1115 culpa
993 1022 1051 1085 est
1066 1023 1221 1114 propter
1237 995 1420 1101 tationes,
1432 1016 1532 1110 quas

75 1148 188 1235 supra
205 1117 511 1206 memoravimus.
540 1117 772 1214 Quocircaa
797 1118 918 1205 doctis
943 1141 984 1204 et
1008 1116 1186 1234 religiosis
1209 1113 1393 1221 testibus,
1422 1129 1529 1200 ante·-

18 1253 21 1257 ’
76 1267 196 1355 quam
226 1237 515 1353 respondeant,
541 1236 808 1324 admonendus
835 1259 891 1322 est
916 1294 932 1342 ,
961 1261 1006 1323 ut
1034 1233 1158 1323 verbis
1184 1235 1326 1349 aperiat
1356 1231 1528 1320 animum

77 1386 219 1463 suum,
244 1382 294 1442 ne
312 1355 408 1443 velle
421 1353 595 1442 videatur
621 1353 671 1442 de
694 1353 851 1443 occultis
878 1354 994 1441 etiam
1022 1351 1236 1441 criminibus
1254 1377 1401 1468 praeter
1425 1351 1529 1471 leges

78 1473 292 1591 inquirere:
320 1475 457 1561 nuncsi
480 1474 530 1561 de
544 1504 627 1560 non
652 1472 808 1562 occultis
823 1500 958 1592 togate
985 1502 1024 1560 se
1041 1473 1201 1578 dixerit,
1225 1471 1346 1558 licebit
1362 1471 1446 1558 testi
1461 1499 1529 1558 oc·

77 1594 168 1680 culti
183 1592 379 1680 dumtaxat
391 1593 550 1679 criminis
563 1592 742 1697 conscio,
772 1621 812 1681 se
827 1592 918 1678 nibil
930 1591 1020 1680 scite
1041 1590 1293 1710 respondete:
1325 1588 1381 1676 sin
1407 1589 1525 1705 aliter,

76 1713 173 1837 quid
188 1710 248 1800 bic
263 1711 321 1802 vir
335 1712 462 1803 bonus
476 1707 599 1801 facere
613 1709 751 1800 debeat
765 1769 779 1818 ,
794 1710 873 1826 jam
890 1710 947 1820 ,si
962 1712 1112 1828 placet,
1129 1709 1421 1802 consideremus.

630 1973 875 2061 CAPUT
932 1973 985 2063 V.

670 2210 939 2298 Summarium.

122 2405 152 2471 1.
192 2404 414 2505 lmeqrogapar'r
424 2414 456 2470 es
470 2403 672 2485 airmodamis
684 2404 776 2468 uerba
785 2406 958 2486 acceptam
969 2365 1196 2468 materterarum
1209 2422 1377 2471 communem
1392 2403 1484 2470 intel-

123 2568 172 2631 11.
192 2488 481 2652 Qui'iiiiaiiam
492 2565 552 2629 illa
563 2567 735 2645 expositio,
751 2567 874 2630 mentiri
884 2575 930 2630 ert
940 2576 1044 2628 catara
1057 2576 1176 2630 mamam
1188 2566 1245 2630 ire.

111 2772 144 2855 1.
173 2693 291 2863 TU
307 2768 420 2888 igitur
435 2767 642 2885 productus
666 2767 760 2886 quid
775 2767 915 2858 consilii
940 2796 1119 2886 caperes,
1143 2767 1172 2856 si
1186 2798 1226 2857 se
1251 2766 1364 2885 judex
1379 2766 1525 2857 indica-

82 2913 170 2995 tet,
201 2887 388 3008 velletque
403 2889 469 2976 sibi
486 2888 535 2976 de
557 2888 712 2975 occultis
729 2889 842 2977 etiam
868 2886 1081 2976 criminibus
1105 2889 1351 3004 responderi?
1382 2891 1526 2976 Exem-

83 3006 134 3119 pli
150 3007 293 3122 gratia:
309 3009 354 3094 si
378 3003 576 3100 manifestis
591 3006 828 3113 homicidiis,
853 3009 920 3095 sed
938 3007 1086 3093 occulte
1109 3009 1291 3122 patratis,
1319 3007 1525 3096 vehemen-

82 3146 141 3210 ter
156 3151 399 3233 commotus,
416 3151 456 3214 et
482 3151 618 3242 putans
632 3124 696 3214 tali
720 3151 893 3242 tempore
911 3125 1034 3244 legem
1053 3125 1153 3213 illam
1178 3125 1257 3240 jure
1281 3155 1390 3241 posse
1418 3156 1525 3243 prae·
1632 3168 1634 3173 ¹

82 3242 211 3352 tetiri,
234 3275 333 3362 quae
347 3245 480 3362 inquiri
496 3270 601 3334 vetat
622 3244 663 3332 in
687 3246 837 3333 occulta
851 3243 1030 3331 crimina:
1052 3267 1120 3331 aut
1148 3235 1285 3332 malitia
1301 3273 1341 3331 et
1363 3246 1525 3361 pertina-

83 3363 140 3447 cia
154 3386 193 3448 te
204 3390 321 3482 cogat
348 3365 459 3451 etiam
476 3365 525 3452 de
540 3362 747 3481 quamlibet
760 3362 916 3451 occultis
930 3360 1135 3449 homicidiis
1155 3364 1382 3480 respondere
1400 3393 1409 3446 :
1430 3363 1526 3480 quid

82 3477 222 3593 juratus
240 3482 327 3569 huic
342 3480 454 3594 judici
470 3482 748 3597 respondebis?
775 3486 878 3595 Prm,
894 3484 1121 3598 Numquam
1143 3511 1205 3567 me
1236 3479 1362 3595 judicis
1377 3480 1438 3570 vel
1462 3507 1525 3570 te·

84 3599 231 3685 meritas
254 3601 316 3687 vel
347 3600 499 3688 stultitia
515 3603 566 3687 sic
595 3625 847 3688 transversum
873 3629 896 3684 a
923 3623 986 3706 et,
1006 3623 1051 3686 ut
1067 3623 1212 3716 praeter
1227 3598 1350 3717 legem
1368 3626 1525 3688 natutae

82 3711 226 3803 socium
248 3719 409 3833 prodam
425 3743 465 3806 et
478 3715 672 3806 infamem.
688 3722 792 3807 Nam
807 3629 923 3836 quod
929 3718 1018 3805 mihi
1033 3742 1169 3835 sponte
1185 3711 1309 3805 facete
1327 3747 1408 3804 nort
1425 3718 1526 3828 licet,

81 3833 122 3923 id
139 3863 219 3921 non
246 3862 372 3952 potest
391 3866 459 3954 per
481 3837 629 3924 alterius
655 3837 825 3952 injuriam
847 3861 983 3925 coacto
1007 3835 1126 3924 licere.
1153 3839 1278 3922 Tmo.
1304 3836 1413 3936 Quid
1429 3866 1525 3974 ergo

82 3952 193 4066 judici
221 3955 504 4073 responsionem
534 3954 718 4074 flagitanti
750 3955 1024 4074 respondebis?
1053 3960 1158 4043 Prin.
1185 3959 1281 4041 Non
1305 3977 1381 4073 ego
1412 3955 1526 4072 qmd.

82 4100 198 4186 quam
214 4075 377 4164 narrabo
392 4072 492 4183 falsi,
516 4103 586 4162 nec
600 4074 727 4164 fictam
740 4077 991 4164 narrationem
1005 4102 1219 4191 praetexam
1232 4073 1402 4190 speciosis
1418 4103 1525 4163 men·

83 4187 222 4296 daciis3
247 4193 314 4282 sed
342 4225 404 4281 me
429 4196 479 4282 de
496 4194 650 4283 occulto
668 4194 732 4283 illo
760 4196 914 4283 crimine
940 4193 1199 4311 pmcunctanti
1229 4192 1318 4280 nihil
1340 4189 1442 4282 aliud
1472 4219 1528 4282 et·

81 4305 158 4392 iam
179 4331 272 4396 tunc
291 4314 353 4400 vel
370 4314 539 4426 juranus,
563 4342 682 4431 quam
699 4344 762 4400 me
780 4313 872 4400 nihil
887 4312 1002 4417 scire,
1019 4311 1279 4427 respondebo:
1296 4312 1372 4401 hoc
1396 4338 1527 4402 autem

77 4424 235 4541 prolatis
249 4430 402 4539 verbis,
430 4460 519 4517 nam
542 4431 634 4520 illud
655 4431 696 4517 in
712 4457 840 4519 mente
856 4460 939 4543 mea
955 4428 1210 4547 subjungam,
1236 4431 1346 4548 quod
1370 4432 1527 4550 quidem

80 4544 245 4633 debeam
261 4545 452 4657 iudicare,
476 4549 568 4636 nihil
599 4549 760 4640 solicitus
781 4549 984 4668 quomodo
1011 4548 1124 4662 judex
1151 4547 1300 4666 iniquus
1328 4550 1374 4636 sit
1403 4581 1528 4639 meam

78 4665 296 4752 orationem
311 4693 546 4784 accepturus.
574 4674 699 4756 Tuto.
713 4675 774 4756 Te
788 4670 899 4788 igitur
917 4668 1006 4755 dicis
1022 4666 1038 4784 l
1053 4668 1130 4756 scio
1148 4669 1288 4786 quibus
1300 4668 1529 4783 auctoribus)

74 4809 163 4870 uon
180 4782 298 4903 longa
314 4788 523 4896 oratione,
541 4787 608 4876 sed
623 4788 750 4905 paucis
764 4786 886 4877 verbis
901 4787 1166 4903 pejeraturum.

140 4905 189 4990 11.
211 4926 213 4930 ’
250 4910 355 5004 Pun·
379 4910 478 5001 Non
493 4904 665 5032 pejerat,
692 4907 762 5033 qui
789 4937 871 5118 rign
889 4908 1096 5000 mentitura:
1122 4935 1194 5000 nec
1222 4906 1433 5018 mentitur,
1464 4907 1533 5022 qui

840 5053 913 5118 cca
1453 5054 1536 5119 uon
