<?xml version="1.0" encoding="UTF-8"?>
<!DOCTYPE html PUBLIC "-//W3C//DTD XHTML 1.0 Transitional//EN"
    "http://www.w3.org/TR/xhtml1/DTD/xhtml1-transitional.dtd">
<html xmlns="http://www.w3.org/1999/xhtml" xml:lang="en" lang="en">
 <head>
  <title>
</title>
<meta http-equiv="Content-Type" content="text/html;charset=utf-8" />
  <meta name='ocr-system' content='tesseract 3.04.00' />
  <meta name='ocr-capabilities' content='ocr_page ocr_carea ocr_par ocr_line ocrx_word'/>
</head>
<body>
  <div class='ocr_page' id='page_1' title='image "./joannisgenesiis01sepgoog/joannisgenesiis01sepgoog_0440.png"; bbox 0 0 4006 5850; ppageno 0'>
   <div class='ocr_carea' id='block_1_1' title="bbox 515 385 1546 487">
    <p class='ocr_par' dir='ltr' id='par_1_1' title="bbox 515 385 1546 487">
     <span class='ocr_line' id='line_1_1' title="bbox 515 385 1546 487; baseline -0.005 -21"><span class='ocrx_word' id='word_1_1' title='bbox 515 388 590 487; x_wconf 68' lang='lat'>446</span> <span class='ocrx_word' id='word_1_2' title='bbox 856 393 924 464; x_wconf 77' lang='lat' dir='ltr'>nn</span> <span class='ocrx_word' id='word_1_3' title='bbox 949 389 1071 466; x_wconf 80' lang='lat' dir='ltr'>nmo</span> <span class='ocrx_word' id='word_1_4' title='bbox 1096 388 1235 463; x_wconf 79' lang='lat' dir='ltr'>noar.</span> <span class='ocrx_word' id='word_1_5' title='bbox 1260 390 1326 461; x_wconf 74' lang='lat' dir='ltr'>rr</span> <span class='ocrx_word' id='word_1_6' title='bbox 1350 385 1546 463; x_wconf 74' lang='lat' dir='ltr'>orsurus.</span> 
     </span>
    </p>
   </div>
   <div class='ocr_carea' id='block_1_2' title="bbox 300 515 1938 4994">
    <p class='ocr_par' dir='ltr' id='par_1_2' title="bbox 491 515 1938 1094">
     <span class='ocr_line' id='line_1_2' title="bbox 491 515 1938 636; baseline -0.001 -30"><span class='ocrx_word' id='word_1_7' title='bbox 491 527 611 635; x_wconf 86' lang='lat' dir='ltr'>scopo</span> <span class='ocrx_word' id='word_1_8' title='bbox 626 519 857 636; x_wconf 81' lang='lat' dir='ltr'>Magantino</span> <span class='ocrx_word' id='word_1_9' title='bbox 869 520 960 604; x_wconf 89' lang='lat' dir='ltr'>haec</span> <span class='ocrx_word' id='word_1_10' title='bbox 975 519 1091 606; x_wconf 89' lang='lat' dir='ltr'>verba</span> <span class='ocrx_word' id='word_1_11' title='bbox 1108 515 1313 634; x_wconf 83' lang='lat' dir='ltr'>rescripsit:</span> <span class='ocrx_word' id='word_1_12' title='bbox 1337 519 1564 603; x_wconf 84' lang='lat' dir='ltr'>Potestaten</span> <span class='ocrx_word' id='word_1_13' title='bbox 1579 515 1845 625; x_wconf 82' lang='lat' dir='ltr'>transferendi</span> <span class='ocrx_word' id='word_1_14' title='bbox 1853 531 1938 607; x_wconf 87' lang='lat' dir='ltr'>Pon·</span> 
     </span>
     <span class='ocr_line' id='line_1_3' title="bbox 496 638 1937 751; baseline 0.003 -29"><span class='ocrx_word' id='word_1_15' title='bbox 496 638 622 736; x_wconf 75' lang='lat' dir='ltr'>enices</span> <span class='ocrx_word' id='word_1_16' title='bbox 638 647 694 720; x_wconf 91' lang='lat' dir='ltr'>ita</span> <span class='ocrx_word' id='word_1_17' title='bbox 709 642 785 722; x_wconf 89' lang='lat' dir='ltr'>sibi</span> <span class='ocrx_word' id='word_1_18' title='bbox 800 646 957 722; x_wconf 82' lang='lat' dir='ltr'><em>retinuit</em></span> <span class='ocrx_word' id='word_1_19' title='bbox 971 642 1139 751; x_wconf 83' lang='lat' dir='ltr'>doninus</span> <span class='ocrx_word' id='word_1_20' title='bbox 1153 652 1190 720; x_wconf 90' lang='lat' dir='ltr'>et</span> <span class='ocrx_word' id='word_1_21' title='bbox 1214 642 1397 746; x_wconf 86' lang='lat' dir='ltr'>magister</span> <span class='ocrx_word' id='word_1_22' title='bbox 1428 694 1443 741; x_wconf 94' lang='lat'>,</span> <span class='ocrx_word' id='word_1_23' title='bbox 1470 639 1566 743; x_wconf 82' lang='lat' dir='ltr'>qnod</span> <span class='ocrx_word' id='word_1_24' title='bbox 1583 644 1654 721; x_wconf 87' lang='lat' dir='ltr'>soli</span> <span class='ocrx_word' id='word_1_25' title='bbox 1687 641 1800 722; x_wconf 86' lang='lat' dir='ltr'>beato</span> <span class='ocrx_word' id='word_1_26' title='bbox 1827 641 1937 726; x_wconf 85' lang='lat' dir='ltr'>Petro</span> 
     </span>
     <span class='ocr_line' id='line_1_4' title="bbox 493 758 1936 870; baseline -0.001 -29"><span class='ocrx_word' id='word_1_27' title='bbox 493 758 646 841; x_wconf 83' lang='lat' dir='ltr'>nicorio</span> <span class='ocrx_word' id='word_1_28' title='bbox 661 783 728 840; x_wconf 88' lang='lat' dir='ltr'>saa</span> <span class='ocrx_word' id='word_1_29' title='bbox 746 813 759 861; x_wconf 94' lang='lat'>,</span> <span class='ocrx_word' id='word_1_30' title='bbox 782 773 819 839; x_wconf 86' lang='lat' dir='ltr'>et</span> <span class='ocrx_word' id='word_1_31' title='bbox 829 772 903 870; x_wconf 85' lang='lat' dir='ltr'>per</span> <span class='ocrx_word' id='word_1_32' title='bbox 919 763 1045 862; x_wconf 86' lang='lat' dir='ltr'>ipsum</span> <span class='ocrx_word' id='word_1_33' title='bbox 1066 759 1343 839; x_wconf 86' lang='lat' dir='ltr'>successoribus</span> <span class='ocrx_word' id='word_1_34' title='bbox 1360 761 1442 837; x_wconf 81' lang='lat' dir='ltr'>suis</span> <span class='ocrx_word' id='word_1_35' title='bbox 1457 760 1615 863; x_wconf 83' lang='lat' dir='ltr'>speciali</span> <span class='ocrx_word' id='word_1_36' title='bbox 1634 760 1852 865; x_wconf 84' lang='lat' dir='ltr'>privilegio</span> <span class='ocrx_word' id='word_1_37' title='bbox 1867 767 1936 854; x_wconf 86' lang='lat' dir='ltr'>tri·</span> 
     </span>
     <span class='ocr_line' id='line_1_5' title="bbox 494 868 1934 981; baseline 0 -23"><span class='ocrx_word' id='word_1_38' title='bbox 494 875 578 958; x_wconf 81' lang='lat' dir='ltr'>buit</span> <span class='ocrx_word' id='word_1_39' title='bbox 601 889 641 956; x_wconf 86' lang='lat' dir='ltr'>et</span> <span class='ocrx_word' id='word_1_40' title='bbox 667 868 879 979; x_wconf 79' lang='lat' dir='ltr'>concessit,</span> <span class='ocrx_word' id='word_1_41' title='bbox 906 880 1006 955; x_wconf 87' lang='lat' dir='ltr'>sicut</span> <span class='ocrx_word' id='word_1_42' title='bbox 1035 883 1201 956; x_wconf 84' lang='lat' dir='ltr'>testatur</span> <span class='ocrx_word' id='word_1_43' title='bbox 1234 880 1441 977; x_wconf 80' lang='lat' dir='ltr'><em>antiquitas</em></span> <span class='ocrx_word' id='word_1_44' title='bbox 1469 925 1485 976; x_wconf 91' lang='lat'>,</span> <span class='ocrx_word' id='word_1_45' title='bbox 1509 876 1571 955; x_wconf 85' lang='lat' dir='ltr'>cai</span> <span class='ocrx_word' id='word_1_46' title='bbox 1603 876 1760 957; x_wconf 81' lang='lat' dir='ltr'>decreta</span> <span class='ocrx_word' id='word_1_47' title='bbox 1782 890 1934 981; x_wconf 81' lang='lat' dir='ltr'>patrum</span> 
     </span>
     <span class='ocr_line' id='line_1_6' title="bbox 492 980 1935 1094; baseline 0.003 -20"><span class='ocrx_word' id='word_1_48' title='bbox 492 1008 698 1075; x_wconf 85' lang='lat' dir='ltr'>sonnerunt</span> <span class='ocrx_word' id='word_1_49' title='bbox 712 998 964 1075; x_wconf 67' lang='lat' dir='ltr'>reuerentiam</span> <span class='ocrx_word' id='word_1_50' title='bbox 981 990 1237 1074; x_wconf 82' lang='lat' dir='ltr'>exhibendam.</span> <span class='ocrx_word' id='word_1_51' title='bbox 1272 992 1360 1073; x_wconf 92' lang='lat' dir='ltr'>Non</span> <span class='ocrx_word' id='word_1_52' title='bbox 1381 994 1477 1072; x_wconf 84' lang='lat' dir='ltr'>enirn</span> <span class='ocrx_word' id='word_1_53' title='bbox 1492 980 1623 1094; x_wconf 80' lang='lat' dir='ltr'>hono,</span> <span class='ocrx_word' id='word_1_54' title='bbox 1653 995 1725 1073; x_wconf 87' lang='lat' dir='ltr'>red</span> <span class='ocrx_word' id='word_1_55' title='bbox 1738 994 1854 1074; x_wconf 87' lang='lat' dir='ltr'>Dens</span> <span class='ocrx_word' id='word_1_56' title='bbox 1882 1003 1935 1077; x_wconf 84' lang='lat' dir='ltr'>sei</span> 
     </span>
    </p>

    <p class='ocr_par' dir='ltr' id='par_1_3' title="bbox 363 1100 1933 1453">
     <span class='ocr_line' id='line_1_7' title="bbox 363 1100 1933 1220; baseline 0.001 -29"><span class='ocrx_word' id='word_1_57' title='bbox 363 1204 371 1213; x_wconf 75' lang='lat'><em>,</em></span> <span class='ocrx_word' id='word_1_58' title='bbox 484 1125 633 1220; x_wconf 76' lang='lat' dir='ltr'>parat,</span> <span class='ocrx_word' id='word_1_59' title='bbox 655 1135 746 1216; x_wconf 85' lang='lat' dir='ltr'>qnos</span> <span class='ocrx_word' id='word_1_60' title='bbox 763 1108 950 1194; x_wconf 82' lang='lat' dir='ltr'>Romanns</span> <span class='ocrx_word' id='word_1_61' title='bbox 966 1100 1176 1212; x_wconf 81' lang='lat' dir='ltr'><em>Pontifex,</em></span> <span class='ocrx_word' id='word_1_62' title='bbox 1203 1115 1267 1213; x_wconf 86' lang='lat' dir='ltr'>qni</span> <span class='ocrx_word' id='word_1_63' title='bbox 1283 1134 1351 1192; x_wconf 92' lang='lat' dir='ltr'>non</span> <span class='ocrx_word' id='word_1_64' title='bbox 1363 1105 1650 1215; x_wconf 66' lang='lat' dir='ltr'>parthenonis,</span> <span class='ocrx_word' id='word_1_65' title='bbox 1667 1113 1738 1189; x_wconf 87' lang='lat' dir='ltr'>sed</span> <span class='ocrx_word' id='word_1_66' title='bbox 1751 1118 1844 1190; x_wconf 87' lang='lat' dir='ltr'>veri</span> <span class='ocrx_word' id='word_1_67' title='bbox 1859 1112 1933 1194; x_wconf 91' lang='lat' dir='ltr'>De·</span> 
     </span>
     <span class='ocr_line' id='line_1_8' title="bbox 491 1227 1931 1343; baseline 0 -33"><span class='ocrx_word' id='word_1_68' title='bbox 491 1236 614 1310; x_wconf 65' lang='lat' dir='ltr'>maen</span> <span class='ocrx_word' id='word_1_69' title='bbox 626 1230 732 1336; x_wconf 84' lang='lat' dir='ltr'>gerit</span> <span class='ocrx_word' id='word_1_70' title='bbox 746 1235 786 1310; x_wconf 93' lang='lat' dir='ltr'>in</span> <span class='ocrx_word' id='word_1_71' title='bbox 802 1237 920 1310; x_wconf 88' lang='lat' dir='ltr'>terris</span> <span class='ocrx_word' id='word_1_72' title='bbox 937 1287 949 1329; x_wconf 94' lang='lat'>,</span> <span class='ocrx_word' id='word_1_73' title='bbox 982 1228 1221 1310; x_wconf 74' lang='lat' dir='ltr'>eccksiarum</span> <span class='ocrx_word' id='word_1_74' title='bbox 1238 1227 1460 1308; x_wconf 82' lang='lat' dir='ltr'>necessitate</span> <span class='ocrx_word' id='word_1_75' title='bbox 1480 1230 1546 1307; x_wconf 82' lang='lat' dir='ltr'>nel</span> <span class='ocrx_word' id='word_1_76' title='bbox 1558 1232 1726 1309; x_wconf 85' lang='lat' dir='ltr'>utilitate</span> <span class='ocrx_word' id='word_1_77' title='bbox 1754 1241 1931 1343; x_wconf 84' lang='lat' dir='ltr'>pensata,</span> 
     </span>
     <span class='ocr_line' id='line_1_9' title="bbox 491 1336 1586 1453; baseline -0.002 -27"><span class='ocrx_word' id='word_1_78' title='bbox 491 1369 561 1428; x_wconf 94' lang='lat' dir='ltr'>nan</span> <span class='ocrx_word' id='word_1_79' title='bbox 574 1346 760 1448; x_wconf 84' lang='lat' dir='ltr'>humana,</span> <span class='ocrx_word' id='word_1_80' title='bbox 784 1349 852 1426; x_wconf 91' lang='lat' dir='ltr'>sed</span> <span class='ocrx_word' id='word_1_81' title='bbox 864 1348 998 1425; x_wconf 86' lang='lat' dir='ltr'>divina</span> <span class='ocrx_word' id='word_1_82' title='bbox 1011 1351 1140 1453; x_wconf 84' lang='lat' dir='ltr'>potius</span> <span class='ocrx_word' id='word_1_83' title='bbox 1156 1336 1382 1426; x_wconf 79' lang='lat' dir='ltr'>anctoritate</span> <span class='ocrx_word' id='word_1_84' title='bbox 1397 1344 1586 1426; x_wconf 83' lang='lat' dir='ltr'>dissolvit.</span> 
     </span>
    </p>

    <p class='ocr_par' dir='ltr' id='par_1_4' title="bbox 492 1453 1935 2035">
     <span class='ocr_line' id='line_1_10' title="bbox 552 1453 1935 1576; baseline 0.006 -34"><span class='ocrx_word' id='word_1_85' title='bbox 552 1458 674 1544; x_wconf 89' lang='lat' dir='ltr'>XVll.</span> <span class='ocrx_word' id='word_1_86' title='bbox 735 1461 771 1546; x_wconf 89' lang='lat' dir='ltr'>Si</span> <span class='ocrx_word' id='word_1_87' title='bbox 787 1490 842 1545; x_wconf 87' lang='lat' dir='ltr'>res</span> <span class='ocrx_word' id='word_1_88' title='bbox 866 1460 1004 1576; x_wconf 90' lang='lat' dir='ltr'>igitur,</span> <span class='ocrx_word' id='word_1_89' title='bbox 1032 1487 1132 1575; x_wconf 87' lang='lat' dir='ltr'>quae</span> <span class='ocrx_word' id='word_1_90' title='bbox 1149 1461 1293 1546; x_wconf 90' lang='lat' dir='ltr'>venerit</span> <span class='ocrx_word' id='word_1_91' title='bbox 1304 1460 1343 1544; x_wconf 91' lang='lat' dir='ltr'>in</span> <span class='ocrx_word' id='word_1_92' title='bbox 1359 1453 1774 1563; x_wconf 85' lang='lat' dir='ltr'>controversiam,talis</span> <span class='ocrx_word' id='word_1_93' title='bbox 1798 1461 1869 1566; x_wconf 92' lang='lat' dir='ltr'>sit,</span> <span class='ocrx_word' id='word_1_94' title='bbox 1897 1484 1935 1551; x_wconf 93' lang='lat' dir='ltr'>ut</span> 
     </span>
     <span class='ocr_line' id='line_1_11' title="bbox 492 1571 1934 1694; baseline 0.003 -33"><span class='ocrx_word' id='word_1_95' title='bbox 492 1607 578 1662; x_wconf 86' lang='lat' dir='ltr'>eam</span> <span class='ocrx_word' id='word_1_96' title='bbox 594 1576 807 1694; x_wconf 83' lang='lat' dir='ltr'>legislator,</span> <span class='ocrx_word' id='word_1_97' title='bbox 831 1572 996 1680; x_wconf 88' lang='lat' dir='ltr'>siadsit,</span> <span class='ocrx_word' id='word_1_98' title='bbox 1026 1574 1264 1690; x_wconf 80' lang='lat' dir='ltr'>permissurus</span> <span class='ocrx_word' id='word_1_99' title='bbox 1279 1571 1387 1663; x_wconf 83' lang='lat' dir='ltr'>fuisse</span> <span class='ocrx_word' id='word_1_100' title='bbox 1416 1572 1571 1690; x_wconf 78' lang='lat' dir='ltr'>sapienti</span> <span class='ocrx_word' id='word_1_101' title='bbox 1598 1575 1782 1662; x_wconf 88' lang='lat' dir='ltr'>Pontifici</span> <span class='ocrx_word' id='word_1_102' title='bbox 1807 1580 1934 1666; x_wconf 83' lang='lat' dir='ltr'>videa·</span> 
     </span>
     <span class='ocr_line' id='line_1_12' title="bbox 492 1685 1929 1827; baseline 0.002 -47"><span class='ocrx_word' id='word_1_103' title='bbox 492 1703 555 1780; x_wconf 84' lang='lat' dir='ltr'>t&#39;ur</span> <span class='ocrx_word' id='word_1_104' title='bbox 572 1724 586 1802; x_wconf 79' lang='lat'>3</span> <span class='ocrx_word' id='word_1_105' title='bbox 605 1696 841 1810; x_wconf 62' lang='lat' dir='ltr'>hanc&#39;neque</span> <span class='ocrx_word' id='word_1_106' title='bbox 856 1685 974 1780; x_wconf 89' lang='lat' dir='ltr'>facere</span> <span class='ocrx_word' id='word_1_107' title='bbox 991 1695 1167 1827; x_wconf 91' lang='lat' dir='ltr'>permissu</span> <span class='ocrx_word' id='word_1_108' title='bbox 1180 1689 1366 1779; x_wconf 87' lang='lat' dir='ltr'>Pontifieis</span> <span class='ocrx_word' id='word_1_109' title='bbox 1383 1752 1395 1797; x_wconf 95' lang='lat'>,</span> <span class='ocrx_word' id='word_1_110' title='bbox 1418 1716 1488 1778; x_wconf 89' lang='lat' dir='ltr'>nec</span> <span class='ocrx_word' id='word_1_111' title='bbox 1505 1689 1628 1808; x_wconf 89' lang='lat' dir='ltr'>ipsum</span> <span class='ocrx_word' id='word_1_112' title='bbox 1652 1693 1929 1808; x_wconf 75' lang='lat' dir='ltr'>dispensatione</span> 
     </span>
     <span class='ocr_line' id='line_1_13' title="bbox 493 1808 1930 1929; baseline 0.002 -31"><span class='ocrx_word' id='word_1_113' title='bbox 493 1808 706 1926; x_wconf 83' lang='lat' dir='ltr'>permittere</span> <span class='ocrx_word' id='word_1_114' title='bbox 732 1836 926 1928; x_wconf 85' lang='lat' dir='ltr'>peccatum</span> <span class='ocrx_word' id='word_1_115' title='bbox 949 1835 1029 1896; x_wconf 86' lang='lat' dir='ltr'>errt.</span> <span class='ocrx_word' id='word_1_116' title='bbox 1062 1812 1209 1897; x_wconf 85' lang='lat' dir='ltr'>Neuter</span> <span class='ocrx_word' id='word_1_117' title='bbox 1242 1808 1342 1896; x_wconf 90' lang='lat' dir='ltr'>enim</span> <span class='ocrx_word' id='word_1_118' title='bbox 1370 1808 1479 1897; x_wconf 88' lang='lat' dir='ltr'>faciet</span> <span class='ocrx_word' id='word_1_119' title='bbox 1499 1836 1632 1898; x_wconf 90' lang='lat' dir='ltr'>contra</span> <span class='ocrx_word' id='word_1_120' title='bbox 1657 1811 1789 1929; x_wconf 88' lang='lat' dir='ltr'>legem</span> <span class='ocrx_word' id='word_1_121' title='bbox 1816 1839 1930 1900; x_wconf 86' lang='lat' dir='ltr'>aeter·</span> 
     </span>
     <span class='ocr_line' id='line_1_14' title="bbox 493 1928 1933 2035; baseline 0.003 -20"><span class='ocrx_word' id='word_1_122' title='bbox 493 1955 608 2035; x_wconf 88' lang='lat' dir='ltr'>nam,</span> <span class='ocrx_word' id='word_1_123' title='bbox 625 1933 700 2016; x_wconf 91' lang='lat' dir='ltr'>hoc</span> <span class='ocrx_word' id='word_1_124' title='bbox 714 1955 783 2034; x_wconf 89' lang='lat' dir='ltr'>est,</span> <span class='ocrx_word' id='word_1_125' title='bbox 801 1956 932 2016; x_wconf 88' lang='lat' dir='ltr'>contra</span> <span class='ocrx_word' id='word_1_126' title='bbox 948 1951 1085 2027; x_wconf 89' lang='lat' dir='ltr'>rectam</span> <span class='ocrx_word' id='word_1_127' title='bbox 1101 1929 1300 2015; x_wconf 84' lang='lat' dir='ltr'>rationem.</span> <span class='ocrx_word' id='word_1_128' title='bbox 1329 1934 1396 2015; x_wconf 89' lang='lat' dir='ltr'>Est</span> <span class='ocrx_word' id='word_1_129' title='bbox 1409 1929 1510 2015; x_wconf 90' lang='lat' dir='ltr'>enim</span> <span class='ocrx_word' id='word_1_130' title='bbox 1526 1928 1585 2014; x_wconf 84' lang='lat' dir='ltr'>lex</span> <span class='ocrx_word' id='word_1_131' title='bbox 1605 1954 1792 2035; x_wconf 88' lang='lat' dir='ltr'>aeterna,</span> <span class='ocrx_word' id='word_1_132' title='bbox 1819 1957 1862 2018; x_wconf 91' lang='lat' dir='ltr'>ut</span> <span class='ocrx_word' id='word_1_133' title='bbox 1882 1957 1933 2019; x_wconf 89' lang='lat' dir='ltr'>te·</span> 
     </span>
    </p>

    <p class='ocr_par' dir='ltr' id='par_1_5' title="bbox 289 2026 1932 4994">
     <span class='ocr_line' id='line_1_15' title="bbox 300 2026 1932 2163; baseline -0.007 -16.08"><span class='ocrx_word' id='word_1_134' title='bbox 300 2026 480 2148; x_wconf 62' lang='lat' dir='ltr'>sisiiid‘nb‘</span> <span class='ocrx_word' id='word_1_135' title='bbox 493 2073 610 2133; x_wconf 90' lang='lat' dir='ltr'>statur</span> <span class='ocrx_word' id='word_1_136' title='bbox 627 2048 884 2163; x_wconf 79' lang='lat' dir='ltr'>Augustinus,</span> <span class='ocrx_word' id='word_1_137' title='bbox 915 2047 1011 2131; x_wconf 90' lang='lat' dir='ltr'>ratio</span> <span class='ocrx_word' id='word_1_138' title='bbox 1024 2047 1150 2133; x_wconf 85' lang='lat' dir='ltr'>divina</span> <span class='ocrx_word' id='word_1_139' title='bbox 1164 2045 1228 2132; x_wconf 89' lang='lat' dir='ltr'>vel</span> <span class='ocrx_word' id='word_1_140' title='bbox 1247 2046 1423 2133; x_wconf 85' lang='lat' dir='ltr'>voluntas</span> <span class='ocrx_word' id='word_1_141' title='bbox 1438 2046 1512 2131; x_wconf 88' lang='lat' dir='ltr'>Dei</span> <span class='ocrx_word' id='word_1_142' title='bbox 1527 2046 1704 2133; x_wconf 83' lang='lat' dir='ltr'>ordinem</span> <span class='ocrx_word' id='word_1_143' title='bbox 1719 2049 1932 2135; x_wconf 85' lang='lat' dir='ltr'>&#39;naturalem</span> 
     </span>
     <span class='ocr_line' id='line_1_16' title="bbox 493 2160 1929 2279; baseline 0.003 -29"><span class='ocrx_word' id='word_1_144' title='bbox 493 2165 705 2252; x_wconf 88' lang='lat' dir='ltr'>conservari</span> <span class='ocrx_word' id='word_1_145' title='bbox 728 2160 886 2277; x_wconf 86' lang='lat' dir='ltr'>jubens,</span> <span class='ocrx_word' id='word_1_146' title='bbox 911 2165 1116 2278; x_wconf 90' lang='lat' dir='ltr'>perturbari</span> <span class='ocrx_word' id='word_1_147' title='bbox 1131 2189 1288 2251; x_wconf 89' lang='lat' dir='ltr'>vetans:</span> <span class='ocrx_word' id='word_1_148' title='bbox 1315 2191 1416 2279; x_wconf 87' lang='lat' dir='ltr'>quae</span> <span class='ocrx_word' id='word_1_149' title='bbox 1432 2192 1514 2249; x_wconf 91' lang='lat' dir='ltr'>non</span> <span class='ocrx_word' id='word_1_150' title='bbox 1529 2164 1700 2279; x_wconf 91' lang='lat' dir='ltr'>scripto,</span> <span class='ocrx_word' id='word_1_151' title='bbox 1727 2167 1790 2251; x_wconf 87' lang='lat' dir='ltr'>sed</span> <span class='ocrx_word' id='word_1_152' title='bbox 1804 2166 1929 2253; x_wconf 84' lang='lat' dir='ltr'>divina</span> 
     </span>
     <span class='ocr_line' id='line_1_17' title="bbox 492 2277 1930 2398; baseline 0.001 -30"><span class='ocrx_word' id='word_1_153' title='bbox 492 2277 669 2398; x_wconf 86' lang='lat' dir='ltr'>sapientia</span> <span class='ocrx_word' id='word_1_154' title='bbox 684 2280 896 2368; x_wconf 89' lang='lat' dir='ltr'>continetur</span> <span class='ocrx_word' id='word_1_155' title='bbox 913 2311 922 2367; x_wconf 91' lang='lat'>:</span> <span class='ocrx_word' id='word_1_156' title='bbox 943 2309 1060 2396; x_wconf 90' lang='lat' dir='ltr'>quam</span> <span class='ocrx_word' id='word_1_157' title='bbox 1077 2283 1126 2366; x_wconf 90' lang='lat' dir='ltr'>ab</span> <span class='ocrx_word' id='word_1_158' title='bbox 1138 2312 1186 2368; x_wconf 91' lang='lat' dir='ltr'>eo</span> <span class='ocrx_word' id='word_1_159' title='bbox 1202 2283 1325 2396; x_wconf 91' lang='lat' dir='ltr'>potius</span> <span class='ocrx_word' id='word_1_160' title='bbox 1339 2280 1469 2368; x_wconf 90' lang='lat' dir='ltr'>violari</span> <span class='ocrx_word' id='word_1_161' title='bbox 1485 2342 1498 2388; x_wconf 93' lang='lat'>,</span> <span class='ocrx_word' id='word_1_162' title='bbox 1517 2282 1605 2397; x_wconf 88' lang='lat' dir='ltr'>qui,</span> <span class='ocrx_word' id='word_1_163' title='bbox 1619 2310 1711 2368; x_wconf 92' lang='lat' dir='ltr'>cum</span> <span class='ocrx_word' id='word_1_164' title='bbox 1728 2312 1786 2368; x_wconf 90' lang='lat' dir='ltr'>res</span> <span class='ocrx_word' id='word_1_165' title='bbox 1801 2285 1930 2398; x_wconf 84' lang='lat' dir='ltr'>poscit,</span> 
     </span>
     <span class='ocr_line' id='line_1_18' title="bbox 491 2396 1930 2516; baseline 0 -29"><span class='ocrx_word' id='word_1_166' title='bbox 491 2429 572 2487; x_wconf 90' lang='lat' dir='ltr'>non</span> <span class='ocrx_word' id='word_1_167' title='bbox 586 2398 773 2516; x_wconf 85' lang='lat' dir='ltr'>dispensat</span> <span class='ocrx_word' id='word_1_168' title='bbox 789 2458 804 2505; x_wconf 96' lang='lat'>,</span> <span class='ocrx_word' id='word_1_169' title='bbox 822 2396 934 2485; x_wconf 87' lang='lat' dir='ltr'>docet</span> <span class='ocrx_word' id='word_1_170' title='bbox 952 2397 1134 2485; x_wconf 89' lang='lat' dir='ltr'>scholium</span> <span class='ocrx_word' id='word_1_171' title='bbox 1161 2397 1388 2515; x_wconf 78' lang='lat' dir='ltr'>quoddam,</span> <span class='ocrx_word' id='word_1_172' title='bbox 1422 2396 1500 2485; x_wconf 88' lang='lat' dir='ltr'>sive</span> <span class='ocrx_word' id='word_1_173' title='bbox 1515 2400 1638 2515; x_wconf 77' lang='lat' dir='ltr'>glossa</span> <span class='ocrx_word' id='word_1_174' title='bbox 1658 2403 1793 2489; x_wconf 84' lang='lat' dir='ltr'>vocari</span> <span class='ocrx_word' id='word_1_175' title='bbox 1809 2402 1930 2509; x_wconf 87' lang='lat' dir='ltr'>debet,</span> 
     </span>
     <span class='ocr_line' id='line_1_19' title="bbox 301 2513 1930 2633; baseline -0.01 -13"><span class='ocrx_word' id='word_1_176' title='bbox 301 2562 477 2619; x_wconf 63' lang='lat' dir='ltr'>aranea</span> <span class='ocrx_word' id='word_1_177' title='bbox 490 2515 593 2632; x_wconf 81' lang='lat' dir='ltr'>cujus</span> <span class='ocrx_word' id='word_1_178' title='bbox 609 2518 723 2607; x_wconf 89' lang='lat' dir='ltr'>verba</span> <span class='ocrx_word' id='word_1_179' title='bbox 738 2513 898 2627; x_wconf 79' lang='lat' dir='ltr'>subjeci:</span> <span class='ocrx_word' id='word_1_180' title='bbox 930 2518 1073 2623; x_wconf 84' lang='lat' dir='ltr'>Patet,</span> <span class='ocrx_word' id='word_1_181' title='bbox 1089 2516 1237 2633; x_wconf 88' lang='lat' dir='ltr'>inquit,</span> <span class='ocrx_word' id='word_1_182' title='bbox 1266 2519 1580 2626; x_wconf 82' lang='lat' dir='ltr'>dispensationem</span> <span class='ocrx_word' id='word_1_183' title='bbox 1609 2522 1832 2627; x_wconf 82' lang='lat' dir='ltr'>quandoque</span> <span class='ocrx_word' id='word_1_184' title='bbox 1853 2545 1930 2603; x_wconf 88' lang='lat' dir='ltr'>esse</span> 
     </span>
     <span class='ocr_line' id='line_1_20' title="bbox 301 2628 1929 2745; baseline 0.001 -24"><span class='ocrx_word' id='word_1_185' title='bbox 301 2628 456 2682; x_wconf 70' lang='lat'>‘³¹²⁰‘⁰‘¹‘¹‘</span> <span class='ocrx_word' id='word_1_186' title='bbox 490 2639 677 2741; x_wconf 79' lang='lat' dir='ltr'>debitam,</span> <span class='ocrx_word' id='word_1_187' title='bbox 692 2651 731 2717; x_wconf 83' lang='lat' dir='ltr'>et</span> <span class='ocrx_word' id='word_1_188' title='bbox 742 2640 839 2742; x_wconf 83' lang='lat' dir='ltr'>quod</span> <span class='ocrx_word' id='word_1_189' title='bbox 854 2635 1069 2745; x_wconf 85' lang='lat' dir='ltr'>Episcopus</span> <span class='ocrx_word' id='word_1_190' title='bbox 1075 2650 1227 2745; x_wconf 85' lang='lat' dir='ltr'>peccat,</span> <span class='ocrx_word' id='word_1_191' title='bbox 1242 2642 1281 2717; x_wconf 82' lang='lat' dir='ltr'>si</span> <span class='ocrx_word' id='word_1_192' title='bbox 1294 2639 1598 2744; x_wconf 83' lang='lat' dir='ltr'>nondispensat,</span> <span class='ocrx_word' id='word_1_193' title='bbox 1614 2637 1680 2719; x_wconf 85' lang='lat' dir='ltr'>abi</span> <span class='ocrx_word' id='word_1_194' title='bbox 1694 2653 1759 2721; x_wconf 88' lang='lat' dir='ltr'>est</span> <span class='ocrx_word' id='word_1_195' title='bbox 1773 2642 1929 2722; x_wconf 87' lang='lat' dir='ltr'>evidens</span> 
     </span>
     <span class='ocr_line' id='line_1_21' title="bbox 490 2749 1930 2870; baseline 0.001 -30"><span class='ocrx_word' id='word_1_196' title='bbox 490 2763 591 2840; x_wconf 83' lang='lat' dir='ltr'>ratio</span> <span class='ocrx_word' id='word_1_197' title='bbox 605 2754 860 2861; x_wconf 80' lang='lat' dir='ltr'>dispensandi.</span> <span class='ocrx_word' id='word_1_198' title='bbox 893 2754 1086 2837; x_wconf 84' lang='lat' dir='ltr'>Hactenus</span> <span class='ocrx_word' id='word_1_199' title='bbox 1101 2749 1234 2869; x_wconf 81' lang='lat' dir='ltr'>glossa</span> <span class='ocrx_word' id='word_1_200' title='bbox 1262 2757 1364 2837; x_wconf 86' lang='lat' dir='ltr'>Nam</span> <span class='ocrx_word' id='word_1_201' title='bbox 1379 2780 1468 2837; x_wconf 92' lang='lat' dir='ltr'>cum</span> <span class='ocrx_word' id='word_1_202' title='bbox 1497 2781 1555 2837; x_wconf 90' lang='lat' dir='ltr'>res</span> <span class='ocrx_word' id='word_1_203' title='bbox 1573 2777 1678 2838; x_wconf 84' lang='lat' dir='ltr'>sotus</span> <span class='ocrx_word' id='word_1_204' title='bbox 1697 2779 1820 2870; x_wconf 85' lang='lat' dir='ltr'>atque</span> <span class='ocrx_word' id='word_1_205' title='bbox 1846 2754 1930 2842; x_wconf 80' lang='lat' dir='ltr'>dixi·</span> 
     </span>
     <span class='ocr_line' id='line_1_22' title="bbox 491 2863 1928 2984; baseline 0.001 -27"><span class='ocrx_word' id='word_1_206' title='bbox 491 2899 601 2974; x_wconf 87' lang='lat' dir='ltr'>mus,</span> <span class='ocrx_word' id='word_1_207' title='bbox 623 2870 739 2954; x_wconf 89' lang='lat' dir='ltr'>habet</span> <span class='ocrx_word' id='word_1_208' title='bbox 756 2931 769 2976; x_wconf 90' lang='lat'>‚</span> <span class='ocrx_word' id='word_1_209' title='bbox 785 2894 824 2966; x_wconf 87' lang='lat' dir='ltr'>et</span> <span class='ocrx_word' id='word_1_210' title='bbox 838 2863 984 2973; x_wconf 87' lang='lat' dir='ltr'>facere,</span> <span class='ocrx_word' id='word_1_211' title='bbox 1009 2895 1048 2955; x_wconf 89' lang='lat' dir='ltr'>et</span> <span class='ocrx_word' id='word_1_212' title='bbox 1064 2868 1316 2984; x_wconf 89' lang='lat' dir='ltr'>dispensando</span> <span class='ocrx_word' id='word_1_213' title='bbox 1348 2866 1559 2984; x_wconf 88' lang='lat' dir='ltr'>permittere</span> <span class='ocrx_word' id='word_1_214' title='bbox 1581 2868 1724 2958; x_wconf 89' lang='lat' dir='ltr'>crimen</span> <span class='ocrx_word' id='word_1_215' title='bbox 1740 2897 1832 2979; x_wconf 86' lang='lat' dir='ltr'>est,</span> <span class='ocrx_word' id='word_1_216' title='bbox 1862 2898 1928 2958; x_wconf 85' lang='lat' dir='ltr'>noc</span> 
     </span>
     <span class='ocr_line' id='line_1_23' title="bbox 312 2982 1931 3103; baseline 0 -29"><span class='ocrx_word' id='word_1_217' title='bbox 312 3036 478 3098; x_wconf 65' lang='lat'>0,„,1„„,</span> <span class='ocrx_word' id='word_1_218' title='bbox 492 2987 715 3103; x_wconf 87' lang='lat' dir='ltr'>dispensatio</span> <span class='ocrx_word' id='word_1_219' title='bbox 738 2982 916 3072; x_wconf 89' lang='lat' dir='ltr'>consistit.</span> <span class='ocrx_word' id='word_1_220' title='bbox 955 2991 1059 3072; x_wconf 86' lang='lat' dir='ltr'>Nam</span> <span class='ocrx_word' id='word_1_221' title='bbox 1086 3011 1129 3072; x_wconf 93' lang='lat' dir='ltr'>ut</span> <span class='ocrx_word' id='word_1_222' title='bbox 1157 3010 1313 3073; x_wconf 90' lang='lat' dir='ltr'>testatur</span> <span class='ocrx_word' id='word_1_223' title='bbox 1346 2986 1528 3073; x_wconf 89' lang='lat' dir='ltr'>scholium</span> <span class='ocrx_word' id='word_1_224' title='bbox 1557 2985 1749 3075; x_wconf 89' lang='lat' dir='ltr'>alterum:</span> <span class='ocrx_word' id='word_1_225' title='bbox 1777 2993 1931 3076; x_wconf 88' lang='lat' dir='ltr'>Nantst</span> 
     </span>
     <span class='ocr_line' id='line_1_24' title="bbox 301 3101 1931 3215; baseline 0 -25"><span class='ocrx_word' id='word_1_226' title='bbox 301 3111 421 3214; x_wconf 44' lang='lat' dir='ltr'>23?st</span> <span class='ocrx_word' id='word_1_227' title='bbox 446 3101 478 3148; x_wconf 68' lang='lat'>⁶⁰</span> <span class='ocrx_word' id='word_1_228' title='bbox 492 3120 596 3190; x_wconf 86' lang='lat' dir='ltr'>tutus</span> <span class='ocrx_word' id='word_1_229' title='bbox 610 3108 714 3215; x_wconf 87' lang='lat' dir='ltr'>apud</span> <span class='ocrx_word' id='word_1_230' title='bbox 725 3106 848 3188; x_wconf 87' lang='lat' dir='ltr'>Deam</span> <span class='ocrx_word' id='word_1_231' title='bbox 864 3112 924 3210; x_wconf 91' lang='lat' dir='ltr'>is,</span> <span class='ocrx_word' id='word_1_232' title='bbox 937 3130 1021 3187; x_wconf 87' lang='lat' dir='ltr'>curn</span> <span class='ocrx_word' id='word_1_233' title='bbox 1033 3130 1102 3211; x_wconf 84' lang='lat' dir='ltr'>qno</span> <span class='ocrx_word' id='word_1_234' title='bbox 1118 3112 1227 3214; x_wconf 85' lang='lat' dir='ltr'>Papa</span> <span class='ocrx_word' id='word_1_235' title='bbox 1243 3108 1463 3213; x_wconf 83' lang='lat' dir='ltr'>dispensat,</span> <span class='ocrx_word' id='word_1_236' title='bbox 1480 3111 1558 3188; x_wconf 88' lang='lat' dir='ltr'>nisi</span> <span class='ocrx_word' id='word_1_237' title='bbox 1579 3108 1704 3194; x_wconf 84' lang='lat' dir='ltr'>subsit</span> <span class='ocrx_word' id='word_1_238' title='bbox 1720 3131 1842 3193; x_wconf 75' lang='lat' dir='ltr'>cama</span> <span class='ocrx_word' id='word_1_239' title='bbox 1862 3111 1931 3191; x_wconf 87' lang='lat' dir='ltr'>dis·</span> 
     </span>
     <span class='ocr_line' id='line_1_25' title="bbox 485 3218 1925 3337; baseline 0.002 -31"><span class='ocrx_word' id='word_1_240' title='bbox 485 3229 686 3334; x_wconf 84' lang='lat' dir='ltr'>pensandi.</span> <span class='ocrx_word' id='word_1_241' title='bbox 719 3221 791 3306; x_wconf 91' lang='lat' dir='ltr'>His</span> <span class='ocrx_word' id='word_1_242' title='bbox 806 3218 949 3337; x_wconf 88' lang='lat' dir='ltr'>igitur,</span> <span class='ocrx_word' id='word_1_243' title='bbox 975 3251 1074 3336; x_wconf 87' lang='lat' dir='ltr'>quos</span> <span class='ocrx_word' id='word_1_244' title='bbox 1090 3249 1200 3336; x_wconf 91' lang='lat' dir='ltr'>supra</span> <span class='ocrx_word' id='word_1_245' title='bbox 1227 3221 1547 3328; x_wconf 86' lang='lat' dir='ltr'>memoravimus,</span> <span class='ocrx_word' id='word_1_246' title='bbox 1578 3224 1825 3332; x_wconf 88' lang='lat' dir='ltr'>auctoribus,</span> <span class='ocrx_word' id='word_1_247' title='bbox 1840 3224 1925 3309; x_wconf 87' lang='lat' dir='ltr'>nihil</span> 
     </span>
     <span class='ocr_line' id='line_1_26' title="bbox 492 3334 1928 3458; baseline 0.001 -31"><span class='ocrx_word' id='word_1_248' title='bbox 492 3365 548 3428; x_wconf 89' lang='lat' dir='ltr'>est</span> <span class='ocrx_word' id='word_1_249' title='bbox 562 3371 579 3448; x_wconf 60' lang='lat'>,‘</span> <span class='ocrx_word' id='word_1_250' title='bbox 596 3339 705 3456; x_wconf 88' lang='lat' dir='ltr'>quod</span> <span class='ocrx_word' id='word_1_251' title='bbox 720 3368 768 3425; x_wconf 83' lang='lat' dir='ltr'>ex</span> <span class='ocrx_word' id='word_1_252' title='bbox 783 3334 860 3451; x_wconf 79' lang='lat' dir='ltr'>jure</span> <span class='ocrx_word' id='word_1_253' title='bbox 877 3336 1070 3455; x_wconf 87' lang='lat' dir='ltr'>pontificio</span> <span class='ocrx_word' id='word_1_254' title='bbox 1085 3336 1260 3425; x_wconf 83' lang='lat' dir='ltr'>consultis</span> <span class='ocrx_word' id='word_1_255' title='bbox 1277 3335 1438 3425; x_wconf 91' lang='lat' dir='ltr'>aliorum</span> <span class='ocrx_word' id='word_1_256' title='bbox 1455 3365 1671 3454; x_wconf 85' lang='lat' dir='ltr'>praeterea,</span> <span class='ocrx_word' id='word_1_257' title='bbox 1693 3341 1765 3458; x_wconf 90' lang='lat' dir='ltr'>qui</span> <span class='ocrx_word' id='word_1_258' title='bbox 1788 3342 1928 3457; x_wconf 89' lang='lat' dir='ltr'>plurimi</span> 
     </span>
     <span class='ocr_line' id='line_1_27' title="bbox 302 3452 1928 3580; baseline 0.001 -36"><span class='ocrx_word' id='word_1_259' title='bbox 302 3510 478 3580; x_wconf 51' lang='lat' dir='ltr'>mm„</span> <span class='ocrx_word' id='word_1_260' title='bbox 490 3457 732 3545; x_wconf 87' lang='lat' dir='ltr'>consentiunt</span> <span class='ocrx_word' id='word_1_261' title='bbox 749 3453 1028 3561; x_wconf 89' lang='lat' dir='ltr'>,testimonium</span> <span class='ocrx_word' id='word_1_262' title='bbox 1043 3452 1285 3571; x_wconf 84' lang='lat' dir='ltr'>requiramus.</span> <span class='ocrx_word' id='word_1_263' title='bbox 1320 3459 1423 3542; x_wconf 88' lang='lat' dir='ltr'>Cum</span> <span class='ocrx_word' id='word_1_264' title='bbox 1437 3458 1575 3570; x_wconf 90' lang='lat' dir='ltr'>quibus</span> <span class='ocrx_word' id='word_1_265' title='bbox 1602 3458 1778 3577; x_wconf 88' lang='lat' dir='ltr'>theologi</span> <span class='ocrx_word' id='word_1_266' title='bbox 1804 3487 1928 3577; x_wconf 88' lang='lat' dir='ltr'>quam·</span> 
     </span>
     <span class='ocr_line' id='line_1_28' title="bbox 491 3566 1928 3692; baseline 0.001 -31"><span class='ocrx_word' id='word_1_267' title='bbox 491 3603 609 3692; x_wconf 89' lang='lat' dir='ltr'>quam</span> <span class='ocrx_word' id='word_1_268' title='bbox 628 3572 749 3663; x_wconf 88' lang='lat' dir='ltr'>verbis</span> <span class='ocrx_word' id='word_1_269' title='bbox 763 3572 934 3661; x_wconf 86' lang='lat' dir='ltr'>nonnulli</span> <span class='ocrx_word' id='word_1_270' title='bbox 949 3574 1191 3679; x_wconf 85' lang='lat' dir='ltr'>dissentiant,</span> <span class='ocrx_word' id='word_1_271' title='bbox 1220 3603 1260 3660; x_wconf 90' lang='lat' dir='ltr'>re</span> <span class='ocrx_word' id='word_1_272' title='bbox 1276 3594 1404 3660; x_wconf 89' lang='lat' dir='ltr'>tamen</span> <span class='ocrx_word' id='word_1_273' title='bbox 1428 3566 1505 3661; x_wconf 87' lang='lat' dir='ltr'>fere</span> <span class='ocrx_word' id='word_1_274' title='bbox 1520 3579 1928 3665; x_wconf 89' lang='lat' dir='ltr'>omnesconsenriunt:</span> 
     </span>
     <span class='ocr_line' id='line_1_29' title="bbox 491 3690 1929 3812; baseline 0.003 -35"><span class='ocrx_word' id='word_1_275' title='bbox 491 3692 662 3810; x_wconf 85' lang='lat' dir='ltr'>qul,ubi</span> <span class='ocrx_word' id='word_1_276' title='bbox 676 3714 834 3781; x_wconf 90' lang='lat' dir='ltr'>ventum</span> <span class='ocrx_word' id='word_1_277' title='bbox 859 3712 913 3777; x_wconf 91' lang='lat' dir='ltr'>est</span> <span class='ocrx_word' id='word_1_278' title='bbox 936 3690 975 3776; x_wconf 92' lang='lat' dir='ltr'>in</span> <span class='ocrx_word' id='word_1_279' title='bbox 989 3720 1073 3779; x_wconf 89' lang='lat' dir='ltr'>eam</span> <span class='ocrx_word' id='word_1_280' title='bbox 1094 3690 1384 3806; x_wconf 88' lang='lat' dir='ltr'>disputationem</span> <span class='ocrx_word' id='word_1_281' title='bbox 1400 3752 1414 3798; x_wconf 94' lang='lat'>,</span> <span class='ocrx_word' id='word_1_282' title='bbox 1432 3692 1579 3799; x_wconf 84' lang='lat' dir='ltr'>numin</span> <span class='ocrx_word' id='word_1_283' title='bbox 1604 3718 1806 3812; x_wconf 85' lang='lat' dir='ltr'>praecepta</span> <span class='ocrx_word' id='word_1_284' title='bbox 1829 3696 1929 3782; x_wconf 83' lang='lat' dir='ltr'>deca·</span> 
     </span>
     <span class='ocr_line' id='line_1_30' title="bbox 491 3808 1925 3928; baseline -0.001 -30"><span class='ocrx_word' id='word_1_285' title='bbox 491 3809 599 3928; x_wconf 88' lang='lat' dir='ltr'>logi,</span> <span class='ocrx_word' id='word_1_286' title='bbox 620 3836 719 3926; x_wconf 91' lang='lat' dir='ltr'>quae</span> <span class='ocrx_word' id='word_1_287' title='bbox 733 3833 880 3895; x_wconf 89' lang='lat' dir='ltr'>constat</span> <span class='ocrx_word' id='word_1_288' title='bbox 902 3810 976 3895; x_wconf 88' lang='lat' dir='ltr'>Dei</span> <span class='ocrx_word' id='word_1_289' title='bbox 1002 3808 1167 3895; x_wconf 88' lang='lat' dir='ltr'>simulet</span> <span class='ocrx_word' id='word_1_290' title='bbox 1192 3833 1347 3894; x_wconf 89' lang='lat' dir='ltr'>naturae</span> <span class='ocrx_word' id='word_1_291' title='bbox 1367 3810 1468 3925; x_wconf 87' lang='lat' dir='ltr'>leges</span> <span class='ocrx_word' id='word_1_292' title='bbox 1492 3837 1604 3916; x_wconf 89' lang='lat' dir='ltr'>esse,</span> <span class='ocrx_word' id='word_1_293' title='bbox 1629 3812 1857 3926; x_wconf 85' lang='lat' dir='ltr'>dispensatio</span> <span class='ocrx_word' id='word_1_294' title='bbox 1869 3841 1925 3896; x_wconf 88' lang='lat' dir='ltr'>ca·</span> 
     </span>
     <span class='ocr_line' id='line_1_31' title="bbox 492 3923 1924 4045; baseline -0.001 -30"><span class='ocrx_word' id='word_1_295' title='bbox 492 3930 583 4015; x_wconf 88' lang='lat' dir='ltr'>dere</span> <span class='ocrx_word' id='word_1_296' title='bbox 596 3925 736 4043; x_wconf 90' lang='lat' dir='ltr'>possit,</span> <span class='ocrx_word' id='word_1_297' title='bbox 762 3926 947 4041; x_wconf 91' lang='lat' dir='ltr'>duplicem</span> <span class='ocrx_word' id='word_1_298' title='bbox 960 3923 1102 4012; x_wconf 81' lang='lat' dir='ltr'>faciunt</span> <span class='ocrx_word' id='word_1_299' title='bbox 1116 3925 1454 4038; x_wconf 86' lang='lat' dir='ltr'>dispensationem:</span> <span class='ocrx_word' id='word_1_300' title='bbox 1484 3956 1600 4012; x_wconf 87' lang='lat' dir='ltr'>unam</span> <span class='ocrx_word' id='word_1_301' title='bbox 1617 3985 1631 4034; x_wconf 94' lang='lat'>,</span> <span class='ocrx_word' id='word_1_302' title='bbox 1648 3957 1731 4045; x_wconf 89' lang='lat' dir='ltr'>qua</span> <span class='ocrx_word' id='word_1_303' title='bbox 1748 3930 1803 4017; x_wconf 86' lang='lat' dir='ltr'>lex</span> <span class='ocrx_word' id='word_1_304' title='bbox 1827 3957 1924 4044; x_wconf 89' lang='lat' dir='ltr'>pror·</span> 
     </span>
     <span class='ocr_line' id='line_1_32' title="bbox 491 4043 1928 4161; baseline 0.001 -29"><span class='ocrx_word' id='word_1_305' title='bbox 491 4076 552 4132; x_wconf 90' lang='lat' dir='ltr'>sus</span> <span class='ocrx_word' id='word_1_306' title='bbox 572 4047 775 4161; x_wconf 87' lang='lat' dir='ltr'>abrogatur</span> <span class='ocrx_word' id='word_1_307' title='bbox 796 4044 868 4150; x_wconf 91' lang='lat' dir='ltr'>,in</span> <span class='ocrx_word' id='word_1_308' title='bbox 890 4074 971 4159; x_wconf 93' lang='lat' dir='ltr'>quo</span> <span class='ocrx_word' id='word_1_309' title='bbox 999 4043 1278 4158; x_wconf 83' lang='lat' dir='ltr'>dispensationis</span> <span class='ocrx_word' id='word_1_310' title='bbox 1305 4044 1460 4130; x_wconf 88' lang='lat' dir='ltr'>nomine</span> <span class='ocrx_word' id='word_1_311' title='bbox 1491 4045 1729 4133; x_wconf 79' lang='lat' dir='ltr'>abumntur:</span> <span class='ocrx_word' id='word_1_312' title='bbox 1765 4046 1928 4153; x_wconf 80' lang='lat' dir='ltr'>alteram,</span> 
     </span>
     <span class='ocr_line' id='line_1_33' title="bbox 491 4160 1927 4280; baseline 0.003 -31"><span class='ocrx_word' id='word_1_313' title='bbox 491 4193 590 4280; x_wconf 89' lang='lat' dir='ltr'>quae</span> <span class='ocrx_word' id='word_1_314' title='bbox 615 4161 739 4280; x_wconf 91' lang='lat' dir='ltr'>legem</span> <span class='ocrx_word' id='word_1_315' title='bbox 764 4161 1066 4278; x_wconf 86' lang='lat' dir='ltr'>interpretatione</span> <span class='ocrx_word' id='word_1_316' title='bbox 1088 4161 1332 4247; x_wconf 89' lang='lat' dir='ltr'>moderatur:</span> <span class='ocrx_word' id='word_1_317' title='bbox 1366 4187 1407 4248; x_wconf 91' lang='lat' dir='ltr'>er</span> <span class='ocrx_word' id='word_1_318' title='bbox 1439 4188 1527 4247; x_wconf 90' lang='lat' dir='ltr'>cunr</span> <span class='ocrx_word' id='word_1_319' title='bbox 1560 4160 1673 4278; x_wconf 89' lang='lat' dir='ltr'>priori</span> <span class='ocrx_word' id='word_1_320' title='bbox 1694 4163 1827 4252; x_wconf 90' lang='lat' dir='ltr'>locum</span> <span class='ocrx_word' id='word_1_321' title='bbox 1855 4193 1927 4251; x_wconf 85' lang='lat' dir='ltr'>esse</span> 
     </span>
     <span class='ocr_line' id='line_1_34' title="bbox 491 4276 1925 4398; baseline 0.002 -32"><span class='ocrx_word' id='word_1_322' title='bbox 491 4301 660 4398; x_wconf 89' lang='lat' dir='ltr'>negent,</span> <span class='ocrx_word' id='word_1_323' title='bbox 685 4280 723 4364; x_wconf 91' lang='lat' dir='ltr'>in</span> <span class='ocrx_word' id='word_1_324' title='bbox 739 4279 940 4395; x_wconf 86' lang='lat' dir='ltr'>praeceptis</span> <span class='ocrx_word' id='word_1_325' title='bbox 954 4279 1139 4366; x_wconf 86' lang='lat' dir='ltr'>secundae</span> <span class='ocrx_word' id='word_1_326' title='bbox 1155 4276 1305 4365; x_wconf 85' lang='lat' dir='ltr'>tabulae</span> <span class='ocrx_word' id='word_1_327' title='bbox 1331 4277 1574 4395; x_wconf 88' lang='lat' dir='ltr'>posteriorem</span> <span class='ocrx_word' id='word_1_328' title='bbox 1601 4306 1683 4367; x_wconf 91' lang='lat' dir='ltr'>non</span> <span class='ocrx_word' id='word_1_329' title='bbox 1714 4285 1925 4373; x_wconf 81' lang='lat' dir='ltr'>excludunt.</span> 
     </span>
     <span class='ocr_line' id='line_1_35' title="bbox 492 4393 1923 4519; baseline 0.004 -37"><span class='ocrx_word' id='word_1_330' title='bbox 492 4396 615 4493; x_wconf 91' lang='lat' dir='ltr'>Quod</span> <span class='ocrx_word' id='word_1_331' title='bbox 640 4393 729 4481; x_wconf 87' lang='lat' dir='ltr'>nihil</span> <span class='ocrx_word' id='word_1_332' title='bbox 749 4421 805 4482; x_wconf 88' lang='lat' dir='ltr'>est</span> <span class='ocrx_word' id='word_1_333' title='bbox 821 4396 937 4502; x_wconf 90' lang='lat' dir='ltr'>aliud,</span> <span class='ocrx_word' id='word_1_334' title='bbox 952 4427 1070 4512; x_wconf 91' lang='lat' dir='ltr'>quam</span> <span class='ocrx_word' id='word_1_335' title='bbox 1085 4395 1122 4483; x_wconf 92' lang='lat' dir='ltr'>in</span> <span class='ocrx_word' id='word_1_336' title='bbox 1134 4394 1278 4514; x_wconf 86' lang='lat' dir='ltr'>legibus</span> <span class='ocrx_word' id='word_1_337' title='bbox 1293 4395 1358 4483; x_wconf 90' lang='lat' dir='ltr'>illis</span> <span class='ocrx_word' id='word_1_338' title='bbox 1373 4396 1686 4514; x_wconf 87' lang='lat' dir='ltr'>dispensationem</span> <span class='ocrx_word' id='word_1_339' title='bbox 1703 4462 1718 4508; x_wconf 91' lang='lat'>,</span> <span class='ocrx_word' id='word_1_340' title='bbox 1734 4430 1923 4519; x_wconf 86' lang='lat' dir='ltr'>quaepro</span> 
     </span>
     <span class='ocr_line' id='line_1_36' title="bbox 490 4511 1921 4639; baseline 0.004 -39"><span class='ocrx_word' id='word_1_341' title='bbox 490 4515 570 4631; x_wconf 91' lang='lat' dir='ltr'>prie</span> <span class='ocrx_word' id='word_1_342' title='bbox 599 4511 810 4630; x_wconf 90' lang='lat' dir='ltr'>intelligitur</span> <span class='ocrx_word' id='word_1_343' title='bbox 831 4546 849 4618; x_wconf 91' lang='lat'>·,</span> <span class='ocrx_word' id='word_1_344' title='bbox 877 4515 1074 4603; x_wconf 87' lang='lat' dir='ltr'>admittere</span> <span class='ocrx_word' id='word_1_345' title='bbox 1103 4577 1115 4620; x_wconf 96' lang='lat'>,</span> <span class='ocrx_word' id='word_1_346' title='bbox 1139 4515 1424 4633; x_wconf 80' lang='lat' dir='ltr'>abrogationem</span> <span class='ocrx_word' id='word_1_347' title='bbox 1454 4516 1668 4635; x_wconf 86' lang='lat' dir='ltr'>repudiare.</span> <span class='ocrx_word' id='word_1_348' title='bbox 1705 4520 1921 4639; x_wconf 83' lang='lat' dir='ltr'>Antiquatio</span> 
     </span>
     <span class='ocr_line' id='line_1_37' title="bbox 492 4630 1920 4756; baseline 0.006 -37"><span class='ocrx_word' id='word_1_349' title='bbox 492 4634 593 4719; x_wconf 89' lang='lat' dir='ltr'>enim</span> <span class='ocrx_word' id='word_1_350' title='bbox 626 4632 702 4717; x_wconf 90' lang='lat' dir='ltr'>sive</span> <span class='ocrx_word' id='word_1_351' title='bbox 727 4630 887 4716; x_wconf 91' lang='lat' dir='ltr'>mutatio</span> <span class='ocrx_word' id='word_1_352' title='bbox 912 4632 1034 4748; x_wconf 89' lang='lat' dir='ltr'>legis,</span> <span class='ocrx_word' id='word_1_353' title='bbox 1057 4632 1431 4750; x_wconf 82' lang='lat' dir='ltr'>abrogatioejusdem</span> <span class='ocrx_word' id='word_1_354' title='bbox 1447 4660 1525 4741; x_wconf 89' lang='lat' dir='ltr'>est,</span> <span class='ocrx_word' id='word_1_355' title='bbox 1556 4650 1636 4723; x_wconf 90' lang='lat' dir='ltr'>non</span> <span class='ocrx_word' id='word_1_356' title='bbox 1669 4637 1920 4756; x_wconf 80' lang='lat' dir='ltr'>dispensatio,</span> 
     </span>
     <span class='ocr_line' id='line_1_38' title="bbox 490 4745 1922 4875; baseline 0.005 -40"><span class='ocrx_word' id='word_1_357' title='bbox 490 4778 590 4866; x_wconf 87' lang='lat' dir='ltr'>quae</span> <span class='ocrx_word' id='word_1_358' title='bbox 605 4750 829 4865; x_wconf 90' lang='lat' dir='ltr'>dispensatio</span> <span class='ocrx_word' id='word_1_359' title='bbox 843 4745 932 4834; x_wconf 90' lang='lat' dir='ltr'>nihil</span> <span class='ocrx_word' id='word_1_360' title='bbox 944 4751 1045 4839; x_wconf 90' lang='lat' dir='ltr'>aliud</span> <span class='ocrx_word' id='word_1_361' title='bbox 1059 4775 1116 4838; x_wconf 88' lang='lat' dir='ltr'>est</span> <span class='ocrx_word' id='word_1_362' title='bbox 1130 4809 1142 4856; x_wconf 92' lang='lat'>,</span> <span class='ocrx_word' id='word_1_363' title='bbox 1158 4779 1274 4866; x_wconf 85' lang='lat' dir='ltr'>quam</span> <span class='ocrx_word' id='word_1_364' title='bbox 1292 4776 1522 4867; x_wconf 87' lang='lat' dir='ltr'>temporum,</span> <span class='ocrx_word' id='word_1_365' title='bbox 1534 4752 1708 4842; x_wconf 83' lang='lat' dir='ltr'>locorum</span> <span class='ocrx_word' id='word_1_366' title='bbox 1728 4787 1922 4875; x_wconf 57' lang='lat' dir='ltr'>,posone-</span> 
     </span>
     <span class='ocr_line' id='line_1_39' title="bbox 490 4866 1924 4994; baseline -0.001 -33"><span class='ocrx_word' id='word_1_367' title='bbox 490 4873 652 4989; x_wconf 83' lang='lat' dir='ltr'>rumque</span> <span class='ocrx_word' id='word_1_368' title='bbox 669 4867 812 4959; x_wconf 84' lang='lat' dir='ltr'>ratione</span> <span class='ocrx_word' id='word_1_369' title='bbox 827 4866 955 4959; x_wconf 85' lang='lat' dir='ltr'>habita</span> <span class='ocrx_word' id='word_1_370' title='bbox 969 4930 982 4980; x_wconf 94' lang='lat'>,</span> <span class='ocrx_word' id='word_1_371' title='bbox 998 4897 1086 4975; x_wconf 76' lang='lat' dir='ltr'>arnt</span> <span class='ocrx_word' id='word_1_372' title='bbox 1100 4867 1292 4961; x_wconf 77' lang='lat' dir='ltr'>necesitas</span> <span class='ocrx_word' id='word_1_373' title='bbox 1306 4869 1368 4963; x_wconf 89' lang='lat' dir='ltr'>vel</span> <span class='ocrx_word' id='word_1_374' title='bbox 1389 4870 1523 4961; x_wconf 86' lang='lat' dir='ltr'>utilitas</span> <span class='ocrx_word' id='word_1_375' title='bbox 1540 4902 1612 4994; x_wconf 91' lang='lat' dir='ltr'>pro</span> <span class='ocrx_word' id='word_1_376' title='bbox 1629 4873 1683 4965; x_wconf 90' lang='lat' dir='ltr'>rei</span> <span class='ocrx_word' id='word_1_377' title='bbox 1707 4875 1924 4968; x_wconf 24' lang='lat' dir='ltr'>,conditione</span> 
     </span>
    </p>
   </div>
   <div class='ocr_carea' id='block_1_3' title="bbox 1866 5023 1922 5117">
    <p class='ocr_par' dir='ltr' id='par_1_6' title="bbox 1866 5023 1922 5117">
     <span class='ocr_line' id='line_1_40' title="bbox 1866 5023 1922 5117; baseline 0 0"><span class='ocrx_word' id='word_1_378' title='bbox 1866 5023 1922 5117; x_wconf 61' lang='lat' dir='ltr'>Pl*</span> 
     </span>
    </p>
   </div>
   <div class='ocr_carea' id='block_1_4' title="bbox 0 0 2009 5850">
    <p class='ocr_par' dir='ltr' id='par_1_7' title="bbox 0 0 2009 5850">
     <span class='ocr_line' id='line_1_41' title="bbox 0 0 2009 5850; baseline 0 0"><span class='ocrx_word' id='word_1_379' title='bbox 0 0 2009 5850; x_wconf 95' lang='lat' dir='ltr'> </span> 
     </span>
    </p>
   </div>
  </div>
 </body>
</html>
