4050 5858
483 407 562 475 206
724 411 755 473 .'
960 396 1178 472 ''G'O'NS
1212 394 1405 469 ntus

457 526 541 624 aliis
555 522 760 642 Hispaniae
777 521 953 640 populis,
979 548 1066 611 tum
1089 524 1152 613 vel
1167 524 1207 609 in
1230 521 1355 640 primis
1379 521 1419 606 in
1441 544 1569 609 nostra
1580 515 1762 626 civitate,
1785 515 1829 605 in
1847 521 1933 638 qna·

462 669 676 731 mercatura
701 642 922 761 negligitur,
944 643 1055 730 armis
1077 642 1252 730 excellere
1272 638 1564 757 pulcherrimum
1586 661 1765 754 putatur.
1788 643 1932 756 ltaque

467 763 645 850 nonalia
674 787 729 848 est
764 762 883 876 major
911 762 1078 849 tuendae
1100 762 1162 848 rei
1191 758 1375 849 familiaris
1407 787 1524 864 cura,
1547 785 1667 874 quam
1763 757 1929 864 'cultura

466 881 769 969 honestissimum
796 880 962 969 studium
992 905 1032 967 et
1056 881 1217 967 maxime
1243 878 1440 986 naturale,
1463 877 1651 995 quodque
1731 901 1770 963 et
1799 877 1926 965 homi·

467 1028 562 1086 num
591 1027 630 1086 et
666 999 814 1087 animos
850 1023 890 1086 et
921 1027 1084 1116 corpora
1108 1001 1158 1088 ad
1187 1000 1332 1087 labores
1353 997 1529 1114 bellaque
1559 997 1728 1084 durare:
1757 996 1926 1115 denique

466 1121 578 1235 quod
598 1118 800 1234 antiquitas
825 1121 926 1205 adeo
939 1119 1047 1206 omni
1072 1143 1303 1207 mercaturae
1318 1113 1576 1234 praeferebat,
1592 1140 1636 1201 ut
1647 1115 1816 1202 Romani
1830 1145 1927 1203 con·

467 1235 562 1323 sules
591 1237 812 1354 plerumque
836 1237 1112 1354 dictatoresque
1137 1239 1187 1326 ab
1218 1237 1346 1326 aratris
1370 1235 1557 1324 excirent.
1585 1232 1762 1336 Thebani
1773 1233 1927 1354 legibus

466 1354 751 1460 interdixerint,
784 1355 915 1473 nequis
939 1355 990 1443 ad
1017 1356 1209 1473 publicum
1234 1354 1404 1445 officium
1429 1355 1667 1442 ascisceretur
1682 1341 1927 1472 ,quideoem

465 1501 589 1560 annos
617 1497 707 1560 ante
730 1499 977 1562 mercaturam
1007 1477 1250 1564 exercuisset.
1284 1479 1348 1562 Ne
1380 1502 1452 1562 nos
1474 1471 1624 1561 interim
1639 1471 1766 1591 pigeat
1789 1472 1930 1562 inno·

468 1616 543 1676 stra
572 1591 723 1678 civitate
745 1581 917 1680 loriiores
942 1594 1041 1682 cives
1062 1594 1201 1681 habere
1216 1658 1228 1703 ,
1243 1624 1360 1713 quam
1388 1593 1670 1709 opulentiores.

538 1713 677 1826 XXIII.
735 1710 821 1796 Dixi
846 1713 896 1799 de
920 1738 1048 1800 nostra
1071 1713 1248 1822 civitate,
1278 1738 1322 1801 ut
1345 1712 1557 1832 domesticis
1578 1708 1748 1825 exemplis
1771 1731 1813 1794 et
1845 1734 1929 1798 no*

466 1825 524 1914 bis
551 1828 761 1915 notioribus
789 1853 941 1917 uterer.
972 1831 1078 1918 Idem
1098 1831 1183 1919 licet
1207 1834 1256 1921 de
1282 1857 1366 1920 tota
1393 1827 1472 1917 fere
1502 1829 1686 1946 ffispania
1709 1827 1864 1934 dicere,
1881 1829 1926 1914 in

467 1974 547 2149 qua
562 1976 650 2033 cum
664 1943 743 2035 ‘viri
774 1941 891 2036 fortes
917 1949 958 2034 in
983 1951 1148 2039 maximo
1168 1981 1314 2069 semper
1340 1951 1489 2038 honore
1505 1945 1644 2036 fiterint
1662 1973 1837 2060 ,semper
1853 1945 1927 2036 viri

485 2064 655 2150 ortissimi
687 2063 856 2153 exstitere
876 2096 1015 2187 magna
1042 2071 1181 2186 copia:
1215 2072 1312 2160 inter
1328 2099 1427 2190 quos
1454 2096 1544 2156 curu
1568 2092 1625 2157 est
1649 2066 1701 2153 ad
1729 2063 1826 2152 bella
1840 2091 1932 2179 pera

469 2207 655 2288 ventum,
677 2183 779 2267 nulla
801 2209 859 2271 est
882 2189 1002 2300 major
1027 2188 1224 2278 contentio
1239 2251 1252 2297 ,
1269 2218 1387 2307 quam
1402 2188 1485 2305 quis
1502 2187 1643 2304 primus
1660 2210 1810 2271 murum
1821 2209 1931 2269 con-

466 2302 621 2387 scendat
637 2361 649 2407 ,
664 2303 749 2418 quis
774 2303 897 2416 plures
916 2303 1112 2392 interliciat
1132 2308 1326 2415 hostium,
1349 2308 1433 2425 quis
1448 2307 1568 2420 majus
1583 2302 1791 2421 periculum
1814 2325 1930 2416 spon·

466 2441 506 2504 te
537 2421 698 2526 subeat,
730 2420 814 2535 quis
845 2421 1031 2536 impetum
1064 2423 1229 2512 hostium
1257 2423 1454 2514 fortissime
1483 2424 1689 2510 sustineat.
1727 2416 1820 2506 Vidi
1850 2443 1930 2538 ego

464 2535 649 2642 militem,
671 2538 738 2651 qui
755 2537 930 2626 vexillum
953 2539 1096 2628 ferebat
1128 2544 1168 2625 in
1193 2574 1243 2631 eo
1275 2543 1415 2655 praelio
1434 2603 1448 2648 ,
1466 2570 1549 2657 quo
1576 2542 1627 2629 ad
1643 2540 1759 2626 Lirim
1774 2564 1929 2625 amnem

463 2681 555 2739 curn
578 2654 694 2740 Gallis
718 2653 953 2741 confliximus
970 2716 983 2761 ‚
1000 2659 1135 2742 amisso
1157 2656 1340 2761 brachio,
1357 2655 1426 2772 qui
1449 2659 1599 2774 signum
1620 2655 1836 2744 sustinebat
1850 2715 1865 2761 ,
1880 2657 1930 2742 si-

462 2770 584 2856 nistra
606 2801 723 2857 manu
741 2829 754 2876 ,
770 2799 820 2856 ne
848 2771 946 2887 pede
971 2773 1128 2889 quidem
1150 2774 1269 2862 relato
1288 2835 1301 2881 ,
1322 2775 1474 2891 signum
1498 2773 1707 2890 recepisse,
1737 2774 1834 2860 dum
1850 2797 1930 2861 tut·

400 2927 404 2929 Δ
465 2916 516 3003 pe
534 2889 639 2974 ducit
660 2889 748 2975 loco
771 2889 934 2995 cedere,
953 2920 1069 3005 quem
1094 2892 1210 2979 semel
1233 2916 1468 3008 occuparat:
1496 2890 1569 3009 qui
1599 2892 1718 3007 paulo
1754 2915 1841 3007 post
1868 2891 1929 2978 in·

468 3008 687 3121 gruentibus
703 3005 900 3113 hostibus,
915 3009 982 3122 qui
1006 3011 1154 3128 signum
1172 3011 1331 3097 maxime
1346 3008 1526 3127 petebant
1541 3069 1554 3115 ‚
1570 3007 1751 3097 sinistram
1768 3035 1931 3127 quoque

471 3153 628 3209 manum
650 3123 799 3210 amisit:
816 3149 1010 3214 tumvero
1038 3127 1159 3245 gloria
1176 3127 1346 3216 videlicet
1374 3128 1603 3215 accendente
1629 3129 1826 3233 animum,
1840 3155 1930 3216 cum

465 3242 657 3332 statuiset
672 3270 754 3327 non
782 3266 871 3329 ante
900 3241 1074 3363 signum,
1092 3274 1210 3362 quam
1237 3247 1356 3336 vitam
1382 3246 1552 3334 amittere
1569 3305 1585 3355 ,
1600 3246 1641 3333 id
1666 3246 1809 3334 nuncia
1840 3247 1928 3334 bra·

466 3357 560 3445 chiis
587 3359 846 3475 complectitur
862 3364 1112 3480 ,tamdiuque
1138 3364 1226 3451 loco
1251 3366 1431 3454 immotus
1456 3365 1622 3454 consistit
1640 3424 1653 3470 ,
1670 3365 1797 3453 donec
1813 3363 1930 3452 hostis

476 3501 697 3566 nostrorum
722 3478 859 3566 virtute
883 3481 1050 3596 repulsus
1074 3508 1181 3603 terga
1195 3482 1299 3572 dedit
1314 3516 1324 3570 t
1341 3485 1437 3601 qui,
1456 3511 1547 3572 cum
1563 3507 1671 3600 parta
1686 3481 1848 3572 victoria
1876 3484 1930 3570 ad

473 3624 538 3681 me
564 3618 724 3684 vocatus
750 3598 910 3684 venisset
928 3620 951 3706 ,'
969 3628 1122 3720 egoque
1151 3603 1273 3719 ipsum
1302 3631 1374 3721 pro
1401 3626 1512 3690 tanto
1543 3599 1709 3690 facinore
1722 3599 1929 3688 collaudas

470 3740 551 3799 sem
569 3775 583 3821 ,
599 3740 638 3801 et
655 3743 733 3801 esse
748 3739 870 3802 macte
887 3715 1025 3805 virtute
1039 3719 1218 3832 iussissem
1234 3783 1248 3828 ,
1262 3721 1363 3809 visus
1387 3746 1443 3809 est
1459 3722 1550 3808 mihi
1564 3748 1657 3839 prae
1676 3719 1821 3840 gaudio
1848 3745 1930 3808 tan·

473 3851 537 3916 tae
567 3832 707 3949 gloriae
732 3858 863 3950 partae
886 3836 1138 3925 maximorum
1166 3839 1367 3930 vulnerum
1383 3838 1557 3928 dolorem
1579 3869 1661 3927 non
1676 3838 1927 3944 sentire,nee

471 3950 734 4038 membrorum
757 3953 961 4039 orbitatem
993 3955 1198 4044 meminisse
1217 3961 1376 4074 :quem
1401 3988 1477 4077 ego
1505 3958 1664 4048 vicissim
1694 3987 1772 4044 non
1799 3955 1931 4044 verbis

468 4088 624 4152 tanturn
640 4127 653 4172 ,
670 4069 737 4155 sed
762 4070 877 4157 etiam
906 4101 1062 4160 munere
1085 4074 1300 4163 consolatus
1329 4108 1413 4163 sum
1430 4138 1443 4183 ,
1458 4099 1498 4162 et
1527 4077 1578 4165 ad
1592 4081 1740 4195 Regem
1757 4103 1846 4161 cum
1868 4099 1932 4160 te·

469 4181 651 4271 stimonio
674 4212 714 4273 et
736 4190 1068 4278 commendatione
1090 4218 1219 4281 tantae
1242 4194 1388 4284 virtutis
1418 4195 1526 4311 quasi
1548 4194 1643 4281 rude
1665 4196 1809 4283 donata
1828 4221 1937 4281 erne·v

392 4345 396 4352 ·
472 4298 587 4386 ritum
616 4304 717 4390 misi.
745 4311 884 4424 Aquo
913 4334 952 4395 et
982 4309 1157 4399 laudatus
1187 4335 1276 4421 est,
1307 4338 1347 4403 et
1372 4341 1454 4402 non
1475 4311 1635 4434 indigno
1659 4311 1829 4432 praemio
1859 4310 1932 4400 do·

472 4442 603 4505 uatus.
1557 4459 1561 4467 ·

490 4651 501 4671 .
531 4536 666 4624 XXIV
666 4596 680 4620 .
737 4541 866 4656 Atque
882 4543 953 4632 hos
975 4547 1132 4664 quidem
1157 4573 1197 4636 et
1223 4548 1354 4638 similes
1381 4575 1510 4666 partus
1538 4552 1651 4639 edere
1681 4549 1775 4639 solet
1807 4579 1931 4666 appe·

474 4675 564 4739 ttttn
593 4653 734 4772 gloriae
764 4660 878 4766 semel
910 4665 1039 4751 animo
1071 4693 1305 4784 conceptus.
1337 4674 1440 4756 Cum
1473 4671 1620 4756 interim
1653 4670 1781 4759 videre
1818 4671 1970 4756 liceat·

471 4773 719 4860 mercenarios
734 4777 865 4864 milites
880 4841 892 4885 ,
910 4811 1075 4897 quorum
1100 4787 1244 4874 animus
1260 4790 1440 4905 praedam
1457 4812 1607 4875 tantum
1623 4812 1662 4875 et
1684 4788 1930 4895 mercedem,

472 4916 555 4985 non
575 4892 687 4990 etiarn
702 4894 861 5016 gloriam
876 4900 1042 5021 sequitur
1058 4965 1074 5028 ,
1089 4905 1244 5001 minimo
1265 4936 1423 5029 quoque
1447 4907 1579 5004 oblato
1603 4905 1800 5028 periculo,
1824 4910 1938 5117 signa

476 5096 479 5099 ,
1890 5054 1937 5113 e«
