4034 5858
479 464 531 537 nt
555 464 715 536 cnosrs
738 459 950 535 occatur.
974 465 1164 573 cuturn.
1240 564 1241 567 Ν
1414 481 1496 554 403·

59 589 164 678 sitne
172 581 349 693 'conscius
369 585 521 707 aloajus
539 589 728 678 homicidii
744 653 757 698 ,
772 619 822 677 se
845 585 998 708 negabit
1025 587 1114 674 scire
1137 584 1347 704 quidquam
1362 613 1512 698 eorum,

68 709 118 796 de
133 711 268 826 quibus
293 710 407 798 debet
432 710 686 797 testimonium
719 708 1012 826 perhiberetur
1037 719 1125 793 ente
1147 716 1263 821 porto
1283 704 1408 823 judice
1424 771 1448 814 ,κ
1467 735 1511 818 ut

64 828 271 943 simpliciter
287 829 512 944 respondeat
536 890 548 936 ,
572 830 693 946 ipsum
718 826 938 916 admonebit
964 738 1076 912 oflicii
1093 823 1175 931 sui,
1202 849 1245 908 ut
1260 823 1344 935 juris
1361 820 1509 913 formu·

64 944 139 1030 lam
156 972 282 1035 teneat
299 948 459 1064 rogandi
472 972 595 1055 testes,
611 943 760 1035 occulta
774 946 933 1032 crimina
943 944 1212 1059 excipientem,
1238 942 1384 1060 nequis
1401 969 1510 1059 putet

60 1064 182 1182 ipsum
202 1067 250 1153 de
266 1065 407 1151 arcanis
422 1066 534 1152 etiam
549 1091 682 1154 contra
698 1063 753 1178 jus
768 1089 808 1150 et
822 1061 877 1149 fas
893 1064 1137 1181 interrogare.

119 1190 165 1270 11.
225 1185 349 1281 Quod
363 1185 391 1270 si
405 1183 517 1296 judex
532 1185 670 1272 indicet
684 1187 791 1270 suam
806 1183 1086 1288 temeritatem,
1114 1180 1165 1267 ab
1195 1179 1411 1298 eodemque
1440 1211 1505 1297 pe·

58 1325 117 1388 tat
147 1363 160 1405 ,
196 1300 290 1388 sitne
317 1303 489 1389 conscius
520 1302 708 1389 homicidii
736 1301 941 1417 cujuspiam
971 1300 1176 1416 quamlibet
1203 1298 1340 1386 occulti
1370 1360 1383 1405 ,
1411 1323 1504 1389 tunc

60 1418 185 1504 multo
201 1421 323 1506 minus
339 1421 597 1536 respondebit:
629 1421 695 1506 sed
711 1421 832 1536 ipsum
860 1421 1071 1505 obsecrabit
1087 1479 1099 1525 ,
1132 1443 1177 1504 ut
1203 1447 1241 1502 se
1257 1417 1450 1505 contineat
1465 1421 1503 1507 in

58 1534 188 1623 officio
205 1569 301 1645 suo,
327 1568 397 1625 nec
413 1540 557 1654 praeter
572 1540 672 1656 leges
686 1538 849 1653 inquirat
865 1537 903 1622 in
921 1537 1069 1624 occulta
1092 1535 1258 1623 crimina.
1290 1542 1394 1623 Nam
1419 1537 1515 1655 licetv

60 1654 263 1767 juraverit,
290 1656 341 1743 ad
357 1658 486 1743 omnia
500 1687 539 1744 se
554 1683 688 1775 rogata
705 1686 995 1773 responsurum,
1025 1681 1153 1743 tamen
1177 1654 1432 1768 jusjurandum
1455 1658 1515 1755 de,

62 1774 242 1888 permissis
258 1777 455 1862 dumtaxat
469 1799 509 1861 et
527 1775 628 1887 justis
653 1775 763 1862 rebus
777 1775 911 1861 datum
935 1801 1041 1878 esse,
1063 1773 1164 1890 leges
1186 1773 1503 1890 interpretantur:

63 1921 214 2006 prorsus
229 1918 272 1980 ut
285 1893 319 1980 si
333 1895 427 2009 quid
441 1895 656 2009 imprudens
673 1918 739 1980 aut
755 1917 896 1981 temere
926 1888 1036 1979 fueris
1050 1888 1291 2005 jurejurando
1305 1892 1506 2007 pollicitus,
1617 1891 1619 1893 ’

59 2010 101 2115 id
117 2011 145 2096 si
163 2036 282 2128 turpe
308 2039 386 2100 esse
401 2013 625 2119 resciveris,
652 2037 839 2128 praestare
856 2010 1121 2098 nontenearis.
1151 2015 1219 2095 Est
1243 2010 1343 2095 eninr
1370 2038 1504 2101 contra

61 2125 229 2215 officium
246 2160 571 2249 nonnumquam,
602 2157 646 2219 ut
670 2156 825 2218 testatur
840 2129 1091 2240 Ambrosius,
1112 2127 1334 2244 promissum
1360 2107 1696 2229 solverezl'llrlnfi‘lz

1514 2242 1554 2279 est
1574 2229 1663 2277 etlam.

59 2273 349 2335 sacramentnm.
375 2255 479 2337 Nam
494 2279 582 2342 curn
598 2276 740 2337 temere
755 2250 909 2363 jurasset
926 2248 1055 2336 David
1080 2275 1120 2333 se
1130 2246 1341 2333 occisurum
1364 2254 1428 2332 Na
1491 2314 1503 2359 ,
1549 2291 1602 2337 ur
1633 2300 1681 2350 a,

1516 2350 1546 2398 ln
1555 2362 1605 2398 ser.
1626 2361 1640 2394 e
1649 2356 1694 2407 jo.

60 2395 143 2451 non
159 2393 287 2453 tamen
302 2367 470 2482 implevit
497 2368 721 2479 jurationem
736 2428 749 2473 ,
766 2392 811 2454 ut
830 2367 883 2452 ait
907 2364 1166 2483 Augustinus,
1198 2363 1340 2476 majore
1366 2366 1603 2481 pietateaecu.
1616 2410 1697 2458 eru·-

60 2483 212 2570 ductus.
237 2481 306 2570 Sin
323 2511 451 2572 autern
467 2482 578 2572 luerit
605 2486 716 2571 allata
745 2485 800 2572 vis
827 2546 839 2590 ,
864 2508 932 2570 aut
955 2485 1181 2571 intentatum
1205 2511 1274 2597 par
1297 2481 1358 2570 vel
1386 2486 1504 2598 majus
1514 2470 1695 2588 mm„

58 2601 274 2710 damnum,
301 2632 419 2718 quam
433 2604 543 2720 quod
566 2603 638 2690 ille·
654 2602 823 2718 proditus
849 2603 1081 2710 incurreret,
1105 2600 1242 2713 injecto
1259 2599 1394 2688 timore
1421 2632 1506 2694 non

60 2751 191 2828 vano,
220 2749 291 2808 nec
306 2722 619 2832 contemnendo3
648 2751 734 2808 curn
750 2721 825 2833 jarn
855 2722 1010 2837 impune
1036 2746 1160 2808 tacere
1189 2719 1391 2807 nonliceat
1406 2785 1418 2827 ,
1436 2725 1504 2812 cri·

62 2868 152 2924 men
177 2839 385 2954 simpliciter
399 2840 575 2927 indicabit
592 2901 605 2946 ,
621 2866 771 2930 servato
785 2839 866 2954 jure
880 2865 997 2958 atque
1011 2840 1144 2926 ordine
1156 2837 1340 2944 caritatis,
1359 2865 1403 2927 ut
1413 2870 1504 2932 cunr

57 2981 201 3070 spectat
228 2958 267 3042 in
295 2987 478 3076 magnum
503 2958 650 3044 alterius
675 2958 736 3046 vel
759 2959 982 3075 reipublicae
997 2956 1169 3063 malum,
1195 2955 1409 3047 faciendum
1426 2989 1508 3051 esse

60 3073 205 3168 docent
220 3074 412 3193 theologi,
428 3076 642 3164 disserentes
658 3077 706 3164 de
725 3073 888 3165 fraterna
902 3076 1175 3164 admonitione.

120 3196 182 3278 111.
242 3195 406 3281 Arcum
422 3222 543 3281 tacere
557 3195 777 3310 permittunt
791 3196 914 3312 leges,
937 3223 1007 3280 nec
1022 3193 1097 3278 ulla
1114 3193 1168 3281 vis
1189 3194 1410 3284 extritisecus
1431 3197 1506 3286 ad-

62 3307 241 3417 hibetur,
269 3341 370 3427 quae
397 3314 583 3399 temeritas
605 3342 660 3400 est
692 3342 758 3428 per
784 3319 912 3398 Deum
926 3312 1205 3419 immortalem,
1236 3335 1278 3398 ut
1304 3315 1506 3430 quisquam

58 3427 263 3515 inficiando
279 3459 318 3515 se
335 3430 425 3517 scire
440 3430 582 3547 aliquid
599 3494 611 3536 ,
641 3433 868 3548 respondeat
885 3431 947 3520 vel
971 3426 1104 3516 falsum
1121 3492 1133 3536 ,
1151 3455 1195 3517 ut
1209 3459 1284 3549 ego
1299 3430 1412 3535 dico,
1429 3435 1505 3538 vel,
1542 3436 1546 3443 ’

56 3573 101 3631 ut
118 3547 191 3660 ipse
205 3547 419 3653 confiteris,
444 3576 687 3665 suspectum,
716 3575 755 3636 et
781 3548 947 3663 ancipitis
963 3549 1154 3655 veritatis,
1180 3550 1242 3635 cui
1268 3550 1432 3663 tacendo
1463 3551 1506 3635 li·

54 3688 119 3774 cet
135 3662 279 3752 celandi
292 3666 366 3785 legi
382 3692 498 3782 atque
514 3664 642 3753 officio
657 3665 861 3754 satisfacere
878 3677 890 3751 ἓ
916 3671 1024 3752 Haec
1037 3692 1093 3754 est
1109 3668 1209 3753 enim
1223 3691 1289 3754 tua
1302 3693 1340 3753 et
1353 3696 1505 3776 eorum,

56 3809 157 3895 quos
172 3783 296 3889 tueris,
316 3814 396 3872 non
418 3783 575 3873 ferenda
595 3786 706 3901 culpa
722 3844 736 3891 ‚
750 3785 859 3901 quod
874 3784 952 3870 sine
966 3784 1041 3870 ulla
1056 3786 1271 3873 necessitate
1294 3780 1425 3870 falsum
1444 3786 1506 3873 di-

55 3913 142 3985 cere
166 3902 348 4010 suadetis,
366 3927 433 3989 aut
447 3929 548 3991 certe
563 3905 671 4022 quod
688 3904 761 3990 tale
778 3902 962 4021 plerisque
994 3931 1064 3991 nec
1094 3905 1172 3990 sine
1192 3933 1331 4020 magna
1356 3904 1503 4005 ratione

57 4016 176 4103 videri
190 4021 332 4133 possit,
350 4022 576 4110 reclamante
590 4022 735 4130 Paulo,
761 4022 830 4140 qui
858 4049 929 4127 nos
945 4045 1108 4126 monet,
1135 4045 1275 4106 utnon
1301 4045 1450 4108 tantum
1479 4053 1503 4108 a
1533 4055 1679 4119 uranus

60 4133 163 4220 malo
178 4138 456 4248 abstineamus,
483 4142 549 4229 sed
576 4143 688 4228 etiarn
701 4141 751 4227 ab
770 4170 818 4227 eo
836 4200 849 4245 ,
876 4140 1063 4255 quidquid
1078 4139 1237 4253 speciem
1255 4138 1340 4223 mali
1356 4169 1445 4254 prae
1461 4171 1502 4226 se

59 4245 144 4336 fert.
176 4254 250 4341 Sed
265 4286 335 4343 nec
365 4288 411 4367 ea
435 4262 530 4346 ratio
545 4260 738 4348 contemni
756 4260 899 4364 debet,
924 4286 1024 4373 quae
1044 4257 1152 4342 istam
1182 4256 1403 4344 sententiam
1439 4287 1502 4373 pe·

63 4367 168 4454 riculi
183 4369 332 4486 plenam
349 4404 427 4461 esse
440 4376 601 4464 declarat
619 4407 629 4462 :
659 4376 735 4464 lieri
748 4376 848 4461 enim
864 4400 1012 4491 potest,
1035 4396 1073 4461 et
1090 4403 1199 4490 saepe
1214 4404 1285 4461 usu
1306 4373 1410 4462 venit
1429 4435 1441 4479 ,
1458 4401 1504 4463 ut

63 4487 175 4689 quod
202 4490 347 4603 penitus
363 4493 552 4580 occultum
568 4498 709 4582 crimen
724 4495 924 4612 quisquam
941 4522 1017 4580 esse
1040 4517 1148 4608 putet
1164 4553 1178 4600 ,
1209 4523 1280 4580 nec
1296 4493 1372 4606 ejus
1390 4495 1505 4580 ullam

79 4636 205 4693 amam
221 4612 484 4726 praecessisse,
507 4613 545 4699 id
573 4615 622 4700 ab
651 4614 726 4700 aliis
752 4638 911 4719 scratm,
937 4637 1004 4699 aut
1028 4611 1173 4700 venerit
1202 4613 1240 4697 in
1258 4613 1506 4728 suspicionem

63 4723 284 4843 legitimam.
319 4731 442 4825 Quod
459 4731 486 4815 si
503 4733 647 4820 accidat
662 4792 688 4837 ,⁴
700 4757 738 4818 et
754 4732 921 4817 conscius
946 4732 984 4817 id
1009 4760 1047 4817 se
1071 4730 1159 4817 scire
1176 4756 1318 4849 neget,
1350 4760 1431 4817 non
1447 4760 1508 4816 so·
1553 4832 1558 4837 Ι

62 4842 143 4930 lum
160 4849 327 4962 peccabit
348 4849 551 4967 pejerando
572 4912 584 4954 ,
604 4851 670 4937 sed
701 4847 855 4936 fortasse
879 4849 1073 4937 convictus
1088 4850 1235 4964 periurii
1253 4879 1394 4965 poenas
1418 4850 1510 4965 legi·

68 4960 140 5050 bus
156 4961 287 5056 dabit:
321 4966 435 5089 quod
451 4969 656 5089 periculum
687 4965 834 5055 nttllum
852 4991 908 5055 est
931 4968 969 5053 in
993 4998 1069 5073 eo,
1091 4969 1157 5084 qui
1187 4967 1251 5054 tali
1267 4990 1438 5081 tempore
1456 4992 1512 5052 ta·

880 5091 960 5174 Eee
979 5119 1003 5173 2
1424 5113 1518 5176 cen-
