4020 5864
597 391 666 478 'IN
697 392 1038 477 ERASMUM.
1434 419 1501 510 581

68 541 134 658 qui
157 514 289 642 lectis,
322 522 364 621 'et
396 528 551 620 sortasse
575 528 718 617 relectis
732 525 976 645 Evangeliis,
995 526 1082 612 loca
1096 527 1217 616 visere
1244 527 1433 648 cupiunt,
1461 542 1529 630 ubi

66 678 167 774 quae
189 653 377 773 legerint,
407 675 513 769 gesta
537 657 652 735 sunt?
683 647 759 734 Sed
784 675 934 732 morem
950 669 1085 763 gerat,
1113 646 1266 763 inquis,
1299 653 1428 740 animo
1443 687 1529 767 suo,

67 773 182 862 sicui
211 771 318 859 cordi
347 794 405 855 est
428 766 736 882 Hierosolymam
767 790 835 851 aut
874 764 1174 878 Compostellam
1215 766 1359 876 visere,
1390 801 1527 864 votum

67 892 308 1007 interponere
331 915 412 972 non
432 912 488 974 est
504 914 664 972 necesse.
683 884 804 973 Audit
821 884 937 971 verba
954 884 1041 969 Pius
1058 945 1071 991 ,
1086 885 1152 972 sed
1175 914 1359 1000 quorsum
1375 919 1529 1006 spectes,

66 1009 241 1097 attendit
266 1011 371 1092 Nam
396 1007 559 1120 primum
590 1001 727 1091 sentire
758 1000 922 1110 videris,
950 1031 1050 1117 opus
1081 1003 1225 1117 pietatis
1260 1006 1390 1093 melius
1417 1009 1531 1099 libere

66 1129 158 1245 agi,
187 1155 305 1242 quam
331 1153 377 1209 ex
407 1148 535 1228 voto,
564 1121 854 1209 reclamantibus
876 1119 1083 1236 theologis.
1125 1123 1274 1210 Deinde
1306 1127 1453 1243 pergis,
1490 1157 1531 1217 et

67 1246 157 1331 talia
183 1268 276 1330 vota
292 1267 432 1328 temere
458 1240 591 1356 suscipi
608 1240 707 1326 dicis.
740 1244 844 1324 Tum
858 1238 965 1325 addis
980 1299 994 1344 ,
1010 1262 1150 1325 temere
1173 1268 1343 1356 suscepta
1359 1274 1429 1358 pro
1445 1251 1531 1333 nul·

69 1360 113 1448 lis
136 1391 213 1448 esse
228 1359 428 1448 habenda:
460 1359 571 1474 quod
603 1357 695 1444 nihil
729 1382 786 1446 est
813 1355 943 1464 aliud,
974 1384 1091 1471 quam
1118 1359 1288 1445 omnium
1306 1362 1435 1448 talium
1461 1398 1530 1453 vo·

72 1504 200 1566 torum
230 1477 503 1594 obligationem
528 1475 674 1564 tollere.

131 1598 237 1685 LVI.
298 1603 383 1714 Age
397 1624 512 1702 vero,
531 1596 599 1683 sia
628 1593 847 1713 vulgaribus
873 1619 1051 1701 tantum,
1076 1619 1117 1682 et
1129 1623 1210 1682 non
1227 1600 1433 1686 necessariis
1460 1634 1531 1689 vo·

71 1717 118 1804 tis
143 1716 405 1803 abstinendum
437 1742 543 1820 esse,
573 1737 611 1799 et
627 1742 672 1799 ea
696 1739 837 1800 temere
866 1714 998 1830 suscipi
1023 1741 1157 1828 putas,
1187 1715 1237 1802 de
1261 1717 1407 1833 reliquis
1437 1721 1532 1836 quid

72 1835 228 1922 tandem
259 1841 413 1920 censes?
444 1834 493 1921 de
508 1831 784 1939 continentiae,
802 1833 985 1946 inquam,
1003 1832 1265 1949 religionisque
1289 1837 1415 1942 votis,
1431 1867 1531 1952 quae

73 1953 192 2039 nihilo
233 1952 350 2069 magis
380 1975 467 2038 sunt
499 1949 725 2038 necessaria?
765 1952 872 2035 Haec
900 1949 1002 2034 enim
1033 1950 1268 2063 potissimum
1295 1983 1319 2037 a
1348 1980 1532 2041 votorum

73 2071 220 2189 vulgari
253 2071 363 2156 turba
395 2068 529 2156 videris
562 2068 732 2154 eximere.
766 2066 1002 2172 Plurimum,
1028 2067 1178 2182 inquis,
1228 2069 1455 2182 conduceret
1480 2075 1532 2162 ud

74 2189 346 2304 expediendam
374 2214 525 2272 causam
546 2182 802 2288 matrimonii,
832 2185 861 2268 si
876 2183 1045 2270 statuerit
1079 2187 1270 2293 Ecclesia,
1300 2214 1438 2275 votum
1471 2220 1532 2275 ca·

76 2307 206 2392 stitatis
226 2306 368 2390 irritum
385 2332 492 2409 esse,
517 2303 583 2386 nisi
598 2330 686 2386 cum
707 2300 931 2388 auctoritate
959 2302 1133 2416 praesulis
1149 2304 1368 2419 suscipiatur
1386 2369 1398 2413 ,
1414 2339 1532 2423 quem

76 2447 270 2536 oporteret
296 2421 335 2505 in
361 2421 432 2504 hac
464 2449 504 2505 re
527 2448 604 2506 csse
622 2415 904 2504 difficillimum:
926 2419 1064 2507 deinde
1092 2421 1189 2507 inter
1213 2423 1365 2536 simplex
1380 2451 1533 2533 votum,

76 2564 117 2625 et
144 2540 310 2626 solemne
329 2566 408 2624 non
432 2561 526 2623 esset
550 2562 700 2623 tantum
730 2535 934 2622 discrimen.
976 2538 1063 2648 Jam
1089 2539 1149 2623 hic
1174 2539 1257 2654 quis
1286 2570 1366 2625 non
1390 2543 1532 2648 videat,

79 2657 147 2743 tibi
168 2685 247 2742 non
271 2685 503 2773 magnopere
528 2655 698 2769 placere,
717 2679 761 2739 ut
790 2653 1005 2767 suscipiatur
1033 2681 1169 2742 votum
1195 2659 1395 2744 castitatis?
1427 2665 1531 2746 Nam

79 2775 129 2861 de
158 2774 340 2892 religionis
355 2803 421 2859 seu
438 2774 684 2859 monachatus
700 2797 797 2859 voto
824 2771 916 2885 quid
932 2772 1082 2858 sentires
1100 2777 1290 2879 ,abunde,
1308 2805 1406 2891 quae
1418 2807 1530 2893 supra

81 2892 253 2998 eliximus,
266 2892 469 2978 declarant.
495 2895 676 2976 Ceterum
702 2889 796 3006 quid
821 2889 881 2973 hic
901 2945 915 2992 ,
938 2890 1089 3005 inquis,
1110 2893 1210 2979 aliud
1232 2895 1385 3009 agitur,
1415 2926 1533 3011 quam

79 3037 130 3094 ne
158 3009 350 3124 conjugati
365 3032 535 3096 voveant
559 3006 831 3094 continentiam
859 3008 935 3091 sine
951 3008 1172 3095 auctoritate
1198 3011 1399 3124 praesulis,
1415 3042 1533 3128 quem

79 3128 120 3212 in
142 3126 376 3242 suscipiendis
404 3127 539 3211 talibus
564 3125 663 3212 voris
693 3123 786 3210 nolo
802 3153 880 3209 esse
908 3119 1080 3210 facilem?
1108 3132 1160 3211 Et
1174 3149 1302 3212 tamen
1335 3130 1467 3216 addo:
1504 3132 1533 3217 si

79 3244 247 3330 statuerit
258 3244 439 3330 Ecclesia.
455 3249 637 3361 Agnosco
646 3241 789 3328 Erasmi
805 3243 1100 3355 responsionem,
1110 3243 1176 3359 qui
1192 3268 1237 3329 ur
1252 3245 1290 3328 in
1306 3246 1429 3332 multis
1443 3248 1532 3354 aliis,

79 3361 130 3446 sic
154 3361 331 3447 hocloco
347 3364 555 3476 adpartem
572 3385 728 3449 revocat
756 3384 973 3464 accusatus,
999 3361 1107 3472 quod
1130 3386 1219 3447 ante
1236 3362 1377 3448 dixerat
1393 3364 1432 3448 in
1447 3367 1531 3450 uni·

77 3508 241 3565 versum.
268 3480 361 3564 Sine*
382 3479 600 3593 exceptione
633 3479 821 3591 scripseras
846 3501 982 3564 votum
1014 3478 1187 3564 castitatis
1221 3507 1355 3564 :nunc
1388 3481 1437 3565 de
1468 3483 1532 3568 tali

79 3596 367 3713 conjugatorum
392 3621 488 3684 voto
517 3623 555 3681 te
572 3595 627 3682 vis
653 3594 806 3709 intelligi
829 3593 1037 3700 locutum,
1070 3621 1268 3713 propterea
1283 3597 1392 3712 quod
1408 3599 1531 3715 agitur

79 3714 129 3799 de
145 3714 397 3800 matrimonio.
415 3714 565 3799 Diceres
580 3713 720 3828 aliquid
741 3713 798 3816 ,si
807 3737 900 3800 vota
915 3713 1085 3797 castitatis
1098 3740 1187 3801 ante
1202 3713 1349 3829 nuptias
1364 3745 1532 3832 suscepta

79 3830 170 3916 nihil
200 3834 373 3918 obessent
400 3831 664 3917 matrimonio:
699 3857 802 3915 nunc
834 3856 923 3915 cum
949 3830 1101 3946 simplex
1127 3833 1335 3918 libertatem
1352 3834 1533 3948 impediat

80 3949 286 4036 sulicitandi
322 3947 524 4066 conjugem
556 3949 634 4034 sine
666 3972 823 4063 peccato
846 3949 896 4033 ad
925 3947 1125 4033 liberorum
1153 3979 1335 4065 operam,
1364 3952 1532 4039 solemne

81 4069 261 4155 distrahat
288 4068 401 4153 etiam
438 4092 580 4154 secutas
616 4067 764 4182 nuptias
789 4065 974 4152 Ecclesiae
1004 4067 1186 4171 decreto;
1220 4095 1287 4153 cur
1312 4094 1350 4152 te
1381 4095 1532 4184 putatet

80 4184 179 4270 Pius
197 4188 244 4272 de
262 4186 549 4304 conjugatorum
570 4248 582 4292 ,
612 4186 757 4270 nonde
775 4211 1103 4297 quorumcumque
1134 4185 1268 4270 talibus
1295 4187 1394 4272 votis
1419 4186 1529 4271 locu·

80 4311 197 4386 tum?
228 4309 312 4388 Nec
341 4328 499 4408 tamen,
531 4302 677 4417 inquis,
708 4302 852 4386 damno
867 4300 1058 4386 decretum
1087 4301 1295 4408 Ecclesiae,
1323 4303 1388 4388 sed
1419 4304 1529 4418 pluri-

81 4449 188 4503 mum
203 4420 290 4505 dico
313 4421 618 4526 conducturum,
650 4421 679 4505 si
704 4420 753 4503 sic
776 4419 943 4504 statuerit
971 4417 1162 4523 Ecclesia,
1190 4420 1266 4504 hoc
1287 4419 1387 4504 enim
1405 4447 1529 4535 potest

80 4536 255 4624 Ecclesia.
290 4539 455 4643 Potest,
498 4540 582 4653 quis
620 4537 797 4652 ignorat?
827 4536 856 4620 si
890 4535 1001 4620 satius
1030 4565 1106 4621 esse
1139 4535 1368 4648 judicaverit.
1399 4541 1529 4625 Potest

80 4653 180 4739 enim
199 4680 238 4740 et
254 4654 368 4772 longe
393 4657 546 4768 maiora.
579 4660 696 4739 Nunc
711 4683 800 4738 cum
816 4683 961 4738 summa
977 4655 1156 4757 ratione,
1191 4681 1307 4770 atque
1340 4656 1436 4740 duce
1452 4656 1528 4770 Spi-

80 4772 156 4857 ritu
172 4777 311 4858 Sancto
327 4834 339 4875 ,
373 4776 439 4888 qui
454 4774 597 4890 legibus
614 4771 798 4856 Ecclesiae
814 4769 1075 4885 sapientissime
1106 4801 1176 4889 pro
1191 4772 1424 4888 temporibus
1448 4803 1551 4858 mo-.

81 4889 261 5000 deratur,
291 4890 395 4980 aliter
412 4889 593 4981 Ecclesiae
609 4889 730 4981 visum
754 4890 831 4996 sit,
855 4918 935 4976 non
964 4918 1091 5010 potest
1121 4920 1247 5008 aequo
1275 4890 1402 4976 animo
1435 4887 1530 4974 ferre

1427 5006 1529 5119 Pius,
