4034 5858
568 451 572 463 .
653 401 844 474 arnan
883 402 948 472 nr.
1027 410 1039 456 r
1424 421 1490 502 315

71 538 151 630 tela
178 535 259 654 pliss
285 530 409 619 habet¹
430 523 672 630 ambitionis,
690 531 806 637 quain
830 523 1021 640 gravitatis
1045 526 1266 641 et..justitiae
1281 543 1359 618 :rit
1372 529 1445 618 'illa
1473 533 1711 646 siffiffprcqqgg
1794 556 1798 562 .

68 685 149 749 tera
174 652 430 774 quorumdam
455 645 554 731 huic
572 671 653 729 non
685 651 849 756 prorsus·
872 643 1042 731 absimilis
1072 649 1305 762 querimonia
1337 651 1420 766 plus
1449 653 1517 740 im·
1531 657 1710 769 ffl‘gffgssssg

66 778 211 895 pietatis
228 837 241 881 ,
257 802 376 889 quam
404 762 670 880 intelligentiae
685 820 699 865 ,
713 761 781 878 qui
804 760 1022 878 religionem
1041 766 1289 853 Christianam
1313 769 1352 855 in
1376 801 1426 859 eo
1444 804 1516 860 sus·
1531 775 1710 887 {ffigss{„,²l

65 897 197 982 tinent
210 891 409 982 vanissime
426 885 633 994 damnare,
648 881 758 998 quod
782 879 1116 971 hominesrcddat
1134 885 1300 1002 ignavos¹
1311 896 1358 974 set
1382 893 1432 978 ad
1448 892 1517 979 im.
1534 907 1596 948 tem·

64 1012 275 1130 perandum
301 1009 450 1122 ineptos
468 1048 481 1108 ,·
497 1007 633 1118 etquo'
649 999 795 1114 planius
816 1027 934 1085 snam.
948 1001 1199 1117 ignorantiam
1221 1030 1311 1089 cnm
1325 1006 1516 1125 impietate

64 1133 261 1248 prodant,
282 1126 386 1214 haud
414 1123 506 1208 alio·
522 1117 886 1233 nominer'eligionis
909 1116 1142 1233 iniquitatem
1167 1149 1370 1231 accusant,
1399 1131 1518 1243 quam

24 1285 27 1289 ’
64 1252 175 1366 quod
200 1246 295 1335 dolis
314 1237 543 1353 ,mendaciis
562 1300 578 1346 ,
597 1234 730 1321 insidiis
754 1234 1026 1353 sceleribusque
1043 1238 1234 1325 vafrorum
1251 1266 1290 1327 ct
1311 1243 1517 1362 'improbo-

64 1399 152 1454 rum
180 1367 377 1453 hominum
404 1359 453 1445 ad
475 1353 712 1472 tyrannidem
737 1354 920 1439 tuendam
944 1385 1026 1442 non
1045 1355 1265 1476 suffragetur
1282 1392 1291 1444 ε
1309 1362 1390 1476 quo
1419 1366 1514 1481 qnid

66 1511 195 1601 potest
221 1513 299 1570 esse
327 1483 431 1568 dictu
455 1476 520 1564 ‘vel
545 1473 762 1576 indoctius,
779 1471 842 1558 vel
865 1472 1098 1560 sceleratius?
1131 1477 1213 1590 justi
1232 1478 1332 1563 enim
1358 1508 1403 1565 ac
1427 1484 1516 1602 legi-
1596 1501 1601 1511 ’

66 1605 148 1689 rimi
173 1602 315 1717 imperii
332 1591 592 1686 diuturnitatis
609 1591 778 1705 optimus
804 1614 931 1676 custos
953 1617 1013 1678 est
1034 1595 1271 1681 subditotum
1287 1597 1517 1714 populorum

66 1748 201 1827 amor,
215 1721 282 1806 hie
296 1743 424 1804 autem
441 1741 528 1797 non
544 1707 639 1795 dolis
655 1769 670 1814 ,
685 1735 755 1793 nec
769 1709 893 1823 pravis
906 1711 1070 1820 artibus,
1087 1715 1154 1801 sed
1167 1716 1306 1829 pietate
1321 1715 1361 1799 in
1374 1722 1516 1825 Deum,

65 1839 232 1953 justitia,
249 1834 485 1922 humanitate
502 1825 962 1945 ,magatia-dinami,
995 1858 1040 1926 ac
1058 1891 1072 1935 ‚
1088 1858 1132 1919 ut
1154 1835 1273 1919 semel·
1295 1833 1446 1944 dicam,
1471 1869 1517 1924 o-
1551 1871 1553 1878 ’
1660 1878 1664 1888 ·

66 1958 214 2042 mnium
238 1952 421 2042 virtutum
451 1977 567 2064 opere
598 1944 722 2031 multo
751 1943 869 2063 magis
885 2002 898 2053 ,
914 1976 1032 2063 quam
1049 2011 1062 2055 ‚
1078 1977 1121 2038 ut
1148 1950 1222 2036 istis
1251 1951 1402 2067 placet,
1433 1956 1515 2071 opi.

65 2074 183 2161 trione
207 2069 528 2183 simulationequc
543 2064 679 2148 alitur:
702 2071 803 2151 vana
833 2062 1017 2179 siquidem
1032 2069 1252 2166 existimatio
1268 2070 1431 2158 celeriter
1452 2103 1515 2160 ex·

64 2192 183 2298 uidit,
215 2190 323 2276 acin
347 2188 535 2276 diversum
562 2184 707 2267 murata
736 2183 808 2296 pto
827 2183 1099 2272 benevolentia
1130 2188 1265 2274 odium
1300 2186 1409 2276 affert
1435 2221 1515 2279 cer·

64 2312 243 2415 tissimam
275 2332 527 2423 tyrannorum
556 2300 780 2415 peruciem,
811 2303 940 2416 Caput
963 2305 1077 2423 igitur
1095 2305 1516 2423 ⁴harum.·querirnonia·

65 2457 152 2514 rum
176 2452 232 2514 est
254 2421 466 2546 ignorantia
483 2417 599 2505 :huc
619 2418 720 2503 enim
742 2421 976 2507 summorum
990 2424 1513 2547 .philosophorur'nadhorta-

64 2546 189 2632 tiones
215 2566 413 2661 spectant,
437 2541 514 2625 hoc
543 2566 677 2622 omnes
697 2538 796 2622 bene
826 2537 1081 2627 instimtarum
1099 2542 1305 2630 'civitatum
1334 2544 1435 2662 leges
1450 2575 1514 2660 pe·

68 2688 186 2769 tunt,
208 2690 251 2750 ut
273 2692 319 2749 ex
334 2663 475 2750 virutte
500 2656 578 2741 sine
602 2655 752 2741 alterius
772 2652 903 2769 injuria
917 2660 1096 2765 vivantr,
1116 2686 1154 2746 et
1178 2661 1273 2747 haec
1296 2692 1443 2748 summa
1458 2688 1514 2766 est

5 2842 8 2847 -
65 2780 353 2898 praeceptorum
379 2773 892 2889 Christianaepietatis,nec
919 2776 1023 2884 aliter
1046 2778 1192 2873 Paulus·
1207 2780 1293 2867 vim·
1309 2779 1416 2866 illius.
1429 2811 1515 2867 ora>
1769 2864 1771 2867 ,

65 2896 140 2986 culi
158 2898 420 3015 interpretaur
436 2893 452 2980 τ’
476 2891 634 3002 Diliges
657 2899 871 2999 proximat
892 2897 1020 3002 tuum,
1035 2898 1199 2981 sicidae
1228 2907 1351 3006 ipsum
1370 2929 1378 2982 :
1394 2901 1514 3015 quod
1528 2927 1645 2978 aaa...
1656 2937 1696 2985 n,

67 3017 127 3104 isti
159 3045 242 3104 non
268 3012 511 3133 intelligentes
537 3008 852 3125 philosophorum
877 3009 977 3129 leges
999 3013 1198 3130 civilesque
1216 3017 1415 3130 probant,
1433 3018 1514 3104 reli·

66 3135 191 3253 gionis
215 3131 428 3239 sanctitati,
453 3160 531 3246 qua
559 3125 649 3214 nihil
676 3151 802 3241 potest
829 3132 984 3244 aequius
1017 3133 1248 3248 excogitati,
1272 3137 1516 3223 succensent.

67 3255 143 3339 Sed
167 3255 285 3341 redeo
313 3251 364 3337 ad
391 3249 585 3336 militarem
608 3244 879 3358 jactationem,
897 3277 996 3361 quae
1023 3250 1180 3364 quidem
1206 3250 1432 3339 tolerabilior
1461 3255 1514 3343 vi·
1586 3291 1590 3299 ⁴

70 3371 203 3458 deatur
224 3372 264 3456 in
286 3368 327 3456 iis
344 3365 517 3455 militibus
533 3429 544 3474 ,
561 3360 698 3478 siqui,
714 3366 867 3478 excepta
882 3393 993 3452 causa
1007 3365 1124 3453 laudis
1148 3369 1187 3453 et
1202 3368 1444 3481 ⁴·injuriarum,
1461 3399 1516 3455 co

65 3490 154 3575 teris
173 3486 216 3575 in
231 3491 342 3577 rebus
361 3483 513 3605 egregie
534 3483 712 3601 pietatem
727 3482 977 3571 Christianam
990 3484 1150 3594 colunt,
1166 3514 1212 3571 ac
1235 3489 1403 3605 religiose
1419 3517 1518 3603 prae·

68 3606 185 3722 ceptis
207 3608 284 3721 ejus
310 3608 600 3721 obtemperant:
624 3626 672 3687 at·
692 3630 826 3690 eornm
851 3603 1056 3691 vanitatem
1077 3629 1127 3692 ter
1157 3604 1409 3723 arrogantiam
1433 3606 1518 3721 quis

69 3721 167 3811 fetat
182 3735 195 3808 ἓ
212 3729 279 3842 qui
305 3755 393 3812 cum
420 3723 562 3810 nullam
584 3747 665 3805 non
681 3725 837 3836 partem
859 3723 1043 3840 religionis
1073 3723 1216 3811 violent
1231 3754 1245 3829 ,
1262 3748 1302 3810 et
1329 3724 1404 3808 ‘hac
1424 3753 1519 3810 con·

67 3867 217 3950 temta,
240 3847 415 3930 omnibus
439 3872 477 3929 se
503 3838 675 3959 quotidie
698 3840 889 3926 sceleribus
909 3842 1171 3960 obstringant,
1187 3843 1369 3929 sustinent
1391 3865 1519 3929 tamen

69 3988 227 4079 propter
251 3960 292 4049 id
312 3961 421 4078 quod
445 3961 621 4047 rarissime
642 3953 800 4050 fortibus
821 3959 977 4073 quidem
996 3962 1081 4048 vitis
1100 3960 1262 4066 accidit,¹
1283 3960 1518 4050 severitatem

71 4079 263 4197 religionis,
283 4080 325 4166 in
345 4109 395 4166 eo
419 4075 618 4185 accusare,
635 4077 743 4192 quod
767 4077 833 4163 sibi
858 4107 925 4193 per
956 4108 1041 4165 eam
1073 4075 1217 4165 fortiter
1239 4107 1350 4197 agere
1381 4109 1461 4166 non
1478 4079 1519 4163 li.-

72 4221 158 4280 ceat
173 4259 186 4303 ,
200 4224 240 4286 et
259 4197 367 4286 nmttl
380 4193 509 4286 officio
532 4197 625 4286 boni
646 4196 766 4282 militis
786 4221 825 4283 et
838 4195 1046 4283 Christiani?
1061 4193 1264 4282 satisfacere
1281 4224 1394 4282 :fuam
1412 4200 1520 4284 abu·

70 4335 213 4430 troque
235 4342 345 4423 toto,
360 4341 407 4403 ut
421 4310 552 4430 ajunt,
570 4310 712 4421 caelo,
729 4314 858 4401 ceteris
874 4316 973 4402 vitae
988 4311 1156 4430 partibus
1176 4314 1403 4401 abhorreant
1419 4377 1430 4399 .
1448 4323 1521 4403 Ita·

70 4457 152 4547 que
166 4432 295 4519 videre
316 4436 403 4522 licet
418 4496 431 4541 ,
449 4430 579 4522 milites
594 4435 781 4551 quosdam
800 4432 922 4519 multis
937 4433 1104 4550 alioquin
1119 4432 1329 4520 criminibus
1350 4433 1522 4539 infames,

71 4548 113 4632 in
134 4549 364 4637 ulciscendis·
378 4552 543 4666 injuriis,
565 4578 632 4639 aut
656 4551 912 4639 aemulationis
936 4552 1054 4669 gratia
1077 4577 1354 4670 praeposteram
1371 4553 1524 4640 laudem
1647 4652 1649 4658 ‚

73 4694 164 4752 cum
179 4700 251 4756 suo
275 4700 419 4787 magno
433 4672 598 4788 periculo
623 4698 688 4786 per
711 4699 898 4756 summam
926 4669 1213 4758 inconstantiam
1237 4668 1410 4767 affectare
1424 4732 1436 4777 ,
1452 4671 1525 4757 ini·

71 4780 192 4878 micos
212 4781 403 4876 mterdum
420 4785 486 4877 aut
501 4785 670 4877 aemulos
692 4789 742 4875 ad
756 4813 946 4875 certamen
970 4790 1154 4907 singulare
1174 4812 1447 4906 provocantes,
1461 4785 1528 4873 ubi

70 4931 185 5025 &epe
201 4968 214 5017 ,
230 4908 386 5000 volente
403 4916 492 4999 Deo
509 4972 522 5018 ,
538 4907 983 5111 meritas-luuntlprsorum
998 4907 1229 5026 flagitiorum
1246 4933 1409 5023 poenas.
1427 5000 1521 5111 “An

891 5059 915 5113 2
1523 5083 1535 5110 ο
