4006 5850
670 365 875 440 arnan
924 366 982 437 11.
1426 386 1503 475 433

77 525 160 616 que
173 492 258 585 licet
272 491 372 613 leges
385 492 550 580 condere
572 518 710 577 munus
726 490 776 578 sit
798 488 960 623 regiae
941 483 1126 574 facultatis
1145 514 1300 628 ,negat
1326 515 1455 582 tamen
1479 530 1527 587 o·

77 642 262 732 portere,
287 640 331 700 ut
356 614 456 731 leges
472 610 590 726 magis
612 668 627 714 ,
653 638 774 728 quarn
799 637 856 693 vrt
884 607 1007 723 regius
1035 607 1275 723 prudentia
1264 637 1462 702 instructus
1484 617 1526 704 in

75 733 370 820 administranda
383 729 573 845 republica
586 726 759 814 v:aleant
791 725 968 811 nimitum
983 750 1028 813 ut
1051 724 1173 844 siquid
1188 727 1382 838 inciderit,
1400 758 1446 820 ιιι
1469 733 1527 822 ιιι·

72 851 198 939 cidere
214 879 391 968 persaepe
407 847 527 953 solet,
559 847 669 980 quod
695 873 800 931 secus
821 842 899 930 lieri
930 871 975 929 ac
987 845 1082 980 'lege
1109 870 1291 953 cavemr,
1320 791 1524 942 ιιοιιιιιιιιιι

71 996 118 1053 ac
132 969 300 1103 jusmrn·
299 996 377 1054 esse
402 997 475 1082 pto
497 994 564 1050 sua
587 964 766 1079 sapientia
799 960 1046 1077 judicaverit,
1074 963 1166 1050 nihil
1196 965 1334 1053 veritus
1362 966 1523 1084 rigidam

71 1082 164 1203 legis
185 1085 447 1189 severitatem,
474 1083 552 1198 ipse
566 1084 676 1199 quod
701 1080 806 1169 factu
820 1082 1008 1198 optimum
1031 1083 1418 1219 honestissimumque
1436 1083 1520 1175 fore

71 1205 287 1318 putaverit,
311 1234 382 1319 pro
406 1201 626 1289 conditione
654 1226 898 1317 temporum,
928 1202 1173 1318 negotiorum
1204 1230 1250 1287 ac
1271 1231 1518 1320 personatum

72 1345 247 1426 statuat3
265 1323 325 1410 vel
353 1320 575 1439 abroganda
604 1319 752 1433 penitus
776 1319 888 1434 l,ege
912 1348 1031 1434 quarn
1059 1345 1278 1456 temporum
1303 1321 1520 1412 vicissitudo

71 1438 293 1573 reipublicae
307 1439 474 1526 inutilem
491 1437 721 1543 reddiderit,
739 1436 956 1554 aliisque,
930 1467 959 1521 ιι
975 1466 1032 1523 res
1057 1463 1186 1554 poscet
1206 1439 1379 1555 ratioque
1394 1471 1518 1527 suase

70 1555 144 1663 ιιι,
172 1558 301 1645 denuo
317 1556 553 1662 condendis,
572 1555 635 1644 vel
650 1556 760 1671 quod
775 1555 890 1672 longe
912 1554 1058 1669 saepius
1074 1555 1153 1640 lieri
1178 1582 1358 1673 oportet,
1374 1558 1517 1676 aliquid

69 1672 110 1759 in
139 1677 285 1790 privata
310 1675 491 1791 quapiam
517 1703 631 1763 causa
645 1696 791 1788 praeter
824 1673 946 1790 legem
969 1673 1157 1787 publicam
1183 1677 1386 1808 statuendo
1408 1734 1424 1782 ,
1449 1705 1518 1813 per

71 1817 156 1876 earn
172 1821 369 1908 ,quama
395 1791 580 1880 veteribus
594 1791 752 1878 diximus
772 1790 981 1900 Principis
985 1795 1280 1901 indulgentiam,
1308 1791 1518 1905 ajuniori·

70 1910 142 1995 bus
165 1855 474 2022 dispensationem
487 1908 692 2025 appellari,
714 1908 780 1995 illis
804 1906 855 1993 ad
869 1907 1042 2023 Principis
1056 1907 1310 1997 liberalitatem
1340 1935 1515 2024 spectan-

69 2025 198 2133 tibus,
225 2056 352 2163 quarn
357 2052 490 2113 contra
507 2027 656 2141 scriptas
672 2026 797 2144 leges,
824 2050 891 2112 aut
909 2055 1031 2139 mores
1046 2056 1117 2142 pto
1131 2023 1311 2143 cujusque
1326 2028 1513 2162 dignitate

69 2168 137 2229 aut
151 2145 316 2251 metitis,
343 2143 442 2257 justis
458 2144 621 2280 denique
641 2144 690 2230 de
711 2145 828 2230 causis
852 2144 1086 2259 impartitur,
1109 2145 1165 2229 his
1193 2144 1371 2231 lactum
1362 2171 1513 2232 mtuen·
1791 2253 1793 2261 y

69 2260 202 2368 tibus,
227 2290 309 2379 quo
324 2260 404 2372 jura
419 2261 564 2378 privata
581 2261 731 2378 angulis
745 2263 799 2347 ob
813 2263 966 2348 easdem
978 2290 1105 2347 causas
1130 2286 1276 2377 praeter
1290 2291 1513 2354 communes
1521 2269 1702 2396 {llllssffl'l

68 2374 170 2496 leges
194 2379 367 2495 quodam
387 2381 492 2468 velut
508 2378 678 2494 pondere
693 2406 738 2462 ac
755 2407 927 2464 mensura
945 2378 1228 2465 distribuuntur.
1701 2420 1702 2423 ι

127 2500 174 2582 ιι.
234 2500 337 2585 Nam
353 2526 442 2583 curn
461 2496 545 2613 lege
558 2495 667 2612 quod
694 2493 876 2612 plerisque
901 2524 1116 2631 magnaque
1129 2525 1176 2581 ex
1198 2520 1304 2612 parte
1318 2497 1512 2606 conducit,

69 2604 194 2705 caveri
211 2616 353 2730 possit,
386 2615 495 2730 quod
511 2613 660 2731 singulis
683 2637 812 2699 exacte
835 2641 879 2698 ac
910 2614 1018 2699 omni
1044 2640 1243 2730 ternpore,
1268 2643 1348 2698 non
1371 2618 1512 2728 possit.

68 2757 215 2818 necesse
230 2759 314 2841 est,
338 2760 419 2820 non
434 2733 557 2818 solum
573 2730 694 2835 utile,
723 2729 981 2844 adjustitiam
996 2731 1220 2837 colendam,
1244 2756 1284 2817 et
1299 2730 1418 2818 vitam
1434 2733 1512 2821 ho-

73 2849 218 2936 minum
237 2850 540 2955 moderandam,
554 2873 598 2934 ut
613 2873 780 2965 ptmceps
791 2876 931 2960 rexque
946 2847 1111 2963 prudens
1121 2849 1265 2966 legibus
1281 2848 1511 2960 dominetur,
1631 2898 1634 2904 Δ

68 2990 185 3100 arque
201 2994 252 3054 tta
261 2970 491 3072 dominetur,
505 2990 550 3052 ut
565 2993 646 3052 non
662 2964 774 3054 valde
789 2964 963 3072 solicitus,
974 2967 1068 3083 quid
1079 2967 1179 3084 leges
1190 2992 1322 3053 contra
1339 2967 1507 3078 jubeant,
1653 2969 1661 2989 “

68 3081 108 3169 id
124 3114 269 3199 semper
282 3111 459 3202 sequamr
473 3085 512 3171 in
525 3088 632 3170 tanta
656 3112 780 3170 terum
805 3083 1026 3189 varietate,
1059 3083 1168 3201 quod
1197 3083 1436 3170 rectissimum
1463 3117 1510 3174 ac

67 3204 451 3291 commodissimum
425 3228 471 3290 stt
486 3202 649 3319 primurn
666 3201 910 3319 reipublicae,
926 3200 1060 3288 deinde
1078 3200 1231 3318 singulis
1255 3200 1449 3288 civibus
1417 3229 1510 3290 crtra

67 3320 286 3434 reipublicae
302 3321 580 3408 detrinentum
610 3322 713 3405 Nam
733 3343 773 3406 et
787 3318 847 3405 illa
861 3319 1027 3406 Platonis
1043 3379 1056 3424 ,
1071 3348 1139 3434 qur
1127 3319 1263 3404 nobis
1277 3344 1346 3404 errt
1354 3345 1507 3435 propter

66 3464 251 3524 summam
260 3469 337 3554 etus
346 3462 562 3553 sapientiam
573 3463 614 3525 et
625 3461 886 3524 auctoritatem
899 3466 1008 3553 saepe
1021 3436 1204 3541 citandus,
1217 3436 1405 3571 praedata
1420 3468 1508 3551 pru·
1539 3456 1542 3461 ’

66 3553 384 3691 dentissimaque
388 3555 510 3642 oratio
526 3579 608 3658 est,
633 3555 837 3667 sapientem
861 3557 1086 3672 bonumque
1112 3553 1315 3669 principem
1343 3553 1506 3664 debere,

65 3699 148 3758 non
172 3701 275 3760 secus
315 3673 453 3761 civium
502 3671 798 3787 reipublicaeque
825 3672 981 3758 salutem
1013 3733 1026 3779 ,
1065 3701 1183 3808 quam
1212 3672 1506 3810 gubernatorem

64 3814 265 3877 nautarum
297 3793 478 3907 navisque
507 3790 802 3877 incolumitatem
818 3815 993 3905 spectare.
1023 3793 1080 3875 Ut
1102 3791 1203 3876 enim
1225 3788 1284 3875 ille
1312 3818 1391 3877 non
1419 3793 1506 3877 scri

64 3933 131 4022 pta
145 3911 365 4046 quaedam,
395 3909 461 3995 sed
477 3934 596 3995 artent
625 3908 807 4043 prolege
830 3907 1009 3995 adhibens
1022 3938 1113 4007 suos
1136 3931 1270 3992 nautas
1290 3933 1504 4017 conservat,

63 4025 142 4130 sic,
162 4029 308 4145 inquit,
335 4055 471 4124 eorum
485 4025 752 4114 administratio
769 4056 886 4142 quarn
897 4026 1048 4141 optima
1062 4021 1198 4130 fuerit,
1227 4054 1293 4141 qur
1282 4024 1445 4110 talem
1436 4057 1506 4112 rnr-

63 4146 219 4254 perandi
233 4142 448 4233 facultatem
465 4144 567 4232 nacti
581 4145 658 4233 vim
674 4145 761 4232 artis
777 4145 920 4280 legibus
946 4142 1067 4229 multo
1080 4142 1267 4258 potiorem
1283 4171 1504 4258 sequuntur.

1 4293 4 4298 ·
65 4262 170 4344 Nam
194 4263 379 4381 quidquid
405 4288 525 4380 agunt
546 4262 749 4380 prudentes
770 4262 979 4379 principes,
1003 4284 1199 4376 peccatum
1220 4260 1357 4365 abest,
1382 4262 1525 4348 modo

62 4373 129 4481 id,
157 4382 266 4491 quod
282 4381 436 4496 quidem
453 4409 700 4518 permagnum
724 4406 807 4487 est,
836 4406 1034 4510 tamquam
1048 4404 1206 4493 scopum
1220 4320 1452 4494 quemdam
1442 4411 1505 4466 rn-

63 4517 271 4602 tueantur,
286 4523 330 4584 ut
344 4497 552 4586 civibus
502 4530 573 4586 surs
589 4526 668 4589 arte
684 4525 801 4617 atque
819 4500 963 4584 tatione
979 4495 1170 4607 justissima
1186 4504 1362 4612 quaeque
1385 4497 1505 4583 distri
1542 4577 1544 4583 ,

63 4612 184 4697 buant
198 4617 489 4731 ,eosdemque
479 4647 518 4702 ιιι
534 4615 660 4703 officio
674 4618 923 4721 contineant,
940 4640 1275 4750 conservantque,
1291 4640 1359 4700 aut
1369 4615 1505 4701 melio·

64 4755 121 4815 res
137 4791 150 4833 ,
168 4674 300 4846 qiuoad
316 4730 394 4820 lieri
405 4735 547 4869 possit,
564 4730 736 4820 efficiam.
753 4737 867 4868 Quae
882 4730 994 4868 rati0,
1006 4757 1049 4819 ut
1065 4733 1115 4820 ad
1139 4760 1274 4818 summi
1262 4731 1505 4867 philosophi

58 4850 327 5054 auqoritapem
344 4850 540 4970 ,gentium
553 4880 725 4970 quoque
720 4850 1029 5056 ,ιιιιιιιιοιιιιιιιίη
1014 4850 1193 4956 accedat,
1208 4873 1302 4938 tanta
1290 4845 1505 5054 luitnopl-

161 4995 215 5053 om
269 4973 320 5059 V.
999 4968 1031 5058 ιι
1420 4996 1448 5055 n
