4034 5858
642 391 845 466 LIBER
894 393 959 461 ΙΙΙ.
1429 409 1535 488 3o9l

69 523 127 608 nis
156 547 306 608 tantum
330 511 562 634 improbetur
590 516 708 601 inanis
733 514 852 633 gloria
869 577 882 621 ,
899 538 937 601 er
961 542 1043 598 non
1070 516 1120 600 ab
1144 518 1250 601 omni
1284 516 1519 633 philosophia

69 643 272 727 doctorum
293 637 478 723 omnium·
494 635 826 751 prudentiumque.
842 633 979 744 iudicio
1007 633 1213 745 rejiciatur:
1231 637 1296 719 sed
1326 662 1369 720 ru
1399 665 1516 750 quam

69 759 231 876 gloriam
250 754 421 872 >appellas
448 757 628 838 inanem?
654 758 743 838 Ars.
773 754 904 846 Quam
931 749 1086 866 quidam
1104 812 1116 854 ,
1134 777 1179 836 ut
1205 752 1321 838 video
1336 814 1348 858 ,
1363 755 1431 840 viri
1447 755 1516 843 do
1531 779 1615 852 uanis
1633 790 1713 847 nona

69 876 214 962 crissimi
232 938 244 981 ,
261 876 329 989 qui
359 872 489 987 triplici
519 871 665 956 ratione
695 871 836 977 docent
867 870 1083 954 inanitatem
1116 869 1256 985 gloriae
1272 868 1515 984 deprehendi,
1532 845 1634 902 “mm‘'
1670 976 1677 981 ἢ

70 991 234 1109 primum
253 1054 266 1098 ,
283 992 312 1078 si
333 1018 414 1075 non
439 991 479 1074 re
506 1017 549 1073 ac
572 987 710 1074 virtute
738 987 855 1073 solida
871 1048 884 1092 ,
901 987 967 1072 sed
982 993 1214 1070 simulatione
1229 1002 1267 1069 et
1281 994 1386 1071 inani
1400 1009 1517 1076 asten·

63 1121 210 1201 ,tatiane
226 1169 240 1215 ,
257 1125 296 1192 et
312 1171 324 1214 ,
340 1133 384 1193 ut
398 1108 533 1191 (icero
550 1107 601 1190 ait
617 1167 629 1211 ,
646 1104 742 1203 ficto
767 1131 836 1189 non
861 1109 962 1189 arado
989 1130 1152 1188 sermone
1168 1109 1391 1209 ,sedetiam
1408 1117 1518 1197 vurta
1532 1137 1601 1201 offic.
1617 1155 1642 1192 a

66 1237 241 1336 quaesita
265 1236 323 1311 'sir
339 1257 349 1309 ε
367 1225 502 1311 deinde
519 1284 535 1330 ,.
550 1223 579 1308 si
603 1251 626 1305 a
652 1223 788 1337 quibus
817 1251 898 1307 non
922 1247 1100 1339 oportet,
1118 1248 1291 1335 petatur:
1310 1249 1517 1336 postremo,

67 1347 99 1431 si
117 1343 297 1431 referatur
320 1343 393 1428 alio
413 1371 558 1457 ,quam
583 1339 621 1423 in
637 1341 711 1426 Dei
735 1339 886 1426 laudem
902 1374 914 1445 ,
933 1340 995 1426 vel
1022 1341 1180 1425 aliorum
1195 1338 1395 1427 hominum
1410 1349 1517 1434 com·
1617 1396 1619 1401 s

67 1464 324 1550 moditatem:
348 1460 428 1545 Peri
456 1485 585 1544 autern
610 1454 828 1563 affirmant,
847 1489 871 1542 a
887 1457 1024 1572 quibus
1050 1486 1130 1541 non
1154 1481 1337 1572 oportet,
1353 1491 1451 1575 quae
1468 1468 1518 1551 ab

67 1576 283 1666 hominibus
312 1577 531 1693 quaeritur,
549 1602 704 1662 auctore
736 1576 855 1660 Paulo
874 1637 885 1681 ,
901 1576 968 1690 qui
996 1575 1069 1659 air:
1101 1575 1190 1658 Non
1219 1597 1433 1684 quaerentes
1468 1587 1518 1667 ab
1535 1629 1556 1665 ι.
1572 1613 1641 1667 πυ.
1658 1621 1683 1673 24

67 1701 272 1782 hominibus
287 1704 448 1806 gloriam
466 1756 478 1800 ,
493 1724 582 1778 eum
606 1695 651 1778 sir
673 1694 883 1778 humanum
906 1692 1085 1805 judicium
1100 1693 1295 1781 incertum
1324 1719 1364 1780 et
1386 1694 1515 1786 fallar.

67 1819 171 1902 Dru.
200 1816 284 1902 Scio
308 1814 496 1929 quosdam
526 1812 626 1898 viros
651 1810 817 1926 alioquin
846 1810 1110 1896 eruditissimos
1134 1810 1185 1896 sic
1208 1814 1257 1900 de
1274 1810 1392 1929 gloria
1410 1815 1519 1903 disse-

65 1934 183 2019 ruisse
199 1996 212 2040 ,
228 1933 364 2049 quibus
379 1956 502 2016 cetera
528 1930 683 2043 quidem
707 1928 886 2015 assentior
903 1991 915 2034 ,
933 1930 997 2014 sed
1014 1925 1185 2043 profecto
1202 1990 1215 2034 ,
1232 1932 1299 2045 qui
1315 1928 1516 2023 hominum

66 2052 182 2136 eriam
198 2053 431 2166 optimorum
454 2072 492 2133 et
507 2045 748 2161 prudentium
774 2045 951 2158 judicium
975 2045 1112 2159 rejicit,
1136 2045 1289 2166 ejusque
1305 2046 1401 2133 tollit
1417 2057 1517 2139 certi·

65 2169 238 2254 tudinem
257 2165 598 2269 etauctoritatem,
616 2163 643 2250 is
659 2194 735 2280 ego
753 2193 833 2249 non
850 2163 963 2251 video
980 2192 1123 2278 ,quem
1138 2164 1266 2250 locum
1282 2164 1515 2281 prudentiae,

64 2315 183 2401 quem
208 2284 381 2370 humanis
414 2283 611 2369 virtutibus
639 2282 849 2396 relinquat.
881 2285 985 2365 Nam
1000 2311 1117 2396 quem
1147 2283 1261 2368 alium
1291 2282 1516 2398 prudentem

64 2404 190 2489 dicere
218 2404 381 2490 solemus
397 2461 411 2508 ,
427 2401 489 2488 vel
518 2399 721 2516 intelligere
737 2460 750 2504 ,
768 2401 833 2484 nisi
866 2427 955 2483 eum
971 2400 1065 2513 ,qui
1092 2422 1193 2485 recte
1224 2426 1350 2514 potest
1377 2402 1427 2486 de
1454 2435 1517 2518 pe·
1647 2456 1650 2460 ·

66 2520 189 2608 tendis
212 2524 321 2608 rebus
344 2542 412 2605 aut
428 2517 582 2606 vicissim
599 2515 783 2634 fugiendis
812 2516 1000 2630 judicare?
1027 2541 1072 2600 ut
1089 2516 1229 2603 indicat
1246 2516 1416 2604 definitio
1433 2551 1513 2607 mo
1529 2555 1611 2604 aeret.
1628 2565 1657 2608 2.·

65 2639 152 2724 ralis
177 2638 321 2726 virturis
338 2700 351 2744 ,
368 2667 466 2753 quae
490 2635 640 2721 habitus
671 2635 847 2721 electivus
876 2662 953 2718 esse
982 2631 1186 2739 delinitur,
1207 2639 1349 2748 positus
1376 2635 1415 2720 in
1440 2669 1517 2725 me-

64 2756 265 2844 diocritate
293 2786 379 2872 quo
404 2754 455 2840 ad
482 2785 553 2839 nos
569 2816 581 2859 ,
599 2752 926 2870 quemadmodum
949 2752 1113 2866 prudens
1140 2749 1341 2863 definiret,
1357 2751 1516 2868 hocest,

65 2898 249 2961 statueret
277 2898 316 2959 et
341 2871 540 2985 judicaret.

64 3016 66 3021 ’
124 2993 285 3076 XXVII.
357 2994 447 3106 Age
464 3019 557 3078 vero
578 2991 608 3074 si
632 2992 824 3077 bonorum
850 2989 1048 3076 hominum
1080 3015 1119 3075 er
1139 2991 1381 3106 prudentium
1400 2990 1517 3080 incer·

62 3132 150 3194 tum
183 3135 240 3195 est
264 3106 440 3221 judicium
456 3169 469 3213 ,
484 3138 551 3194 cur
575 3109 625 3194 ab
652 3108 707 3194 his
730 3133 832 3195 recte
848 3168 861 3213 ,
880 3136 1003 3192 nona
1030 3108 1135 3193 malis
1156 3135 1194 3195 et
1215 3112 1333 3198 stultis
1357 3108 1514 3199 honesta
1542 3103 1544 3127 ³

62 3227 272 3341 aturpibus
299 3228 407 3313 rebus
433 3225 621 3338 dijudicari
646 3255 788 3342 magno
813 3254 998 3311 consensu
1020 3226 1231 3340 philosophi
1255 3227 1514 3317 tradiderunt?

62 3345 159 3429 Non
188 3370 244 3431 est
277 3344 389 3460 igitur
416 3344 469 3429 ita
484 3404 497 3449 ,
515 3373 639 3460 neque
666 3343 823 3430 inanitas
850 3343 991 3460 gloriae
1015 3344 1099 3429 saris
1124 3345 1290 3460 arguitur
1308 3411 1321 3456 ,
1338 3349 1513 3461 eoquod

59 3458 112 3544 ab
132 3461 345 3548 hominibus
370 3487 547 3578 petatur,
568 3462 688 3547 modo
709 3462 802 3548 boni
824 3461 897 3548 sint
921 3486 960 3547 et
988 3463 1192 3576 prudentes
1206 3525 1218 3574 ,
1231 3493 1397 3580 quorum
1422 3464 1512 3577 judi·

59 3575 124 3661 cio
147 3581 295 3693 probari
317 3579 517 3668 volumus.
550 3579 729 3694 Alioquin
743 3579 878 3664 Paulus
902 3575 1087 3693 praelatus
1103 3642 1115 3687 ,
1134 3582 1217 3690 ,Qui
1237 3586 1427 3688 justitian
1452 3612 1510 3668 aa·
1521 3623 1591 3673 mn.
1608 3631 1649 3687 m·

60 3698 112 3778 tir
127 3753 141 3801 ,
157 3697 250 3782 hana
275 3701 360 3785 Dea
377 3704 531 3808 placere
548 3730 568 3804 ,‘
591 3726 785 3813 perperam
809 3696 1008 3783 addidisset
1025 3758 1037 3802 ,
1053 3714 1093 3782 et·
1114 3702 1313 3807 probarum
1338 3725 1421 3784 esse
1446 3703 1508 3787 ha

61 3816 253 3918 mirram,
279 3817 457 3932 inquam
488 3815 720 3902 sententiam.
740 3814 830 3901 illud
865 3816 977 3900 etiarn
1008 3816 1147 3902 dictum
1177 3841 1233 3903 est
1260 3819 1312 3902 ab
1341 3817 1478 3905 eodem
1495 3851 1506 3904 t
1522 3862 1564 3911 aa
1582 3815 1650 3917 aa..
1666 3875 1704 3920 μ.

59 3927 312 4018 Providentes
339 3936 433 4017 barra
456 3959 525 4019 non
552 3949 695 4018 tantam
727 3959 849 4020 cnam
874 3936 958 4019 Dea
980 3938 1080 4037 ,sed
1100 3941 1212 4017 etiarn
1236 3961 1360 4020 earam
1387 3938 1507 4022 nann-

59 4052 184 4163 nt'bas.
216 4051 369 4148 Quibus
399 4046 519 4139 uernis
547 4052 781 4158 declaratur,
805 4081 904 4167 quae
932 4052 1003 4136 Dei
1032 4051 1168 4163 iudicio
1198 4053 1301 4138 bona
1335 4052 1508 4169 malaque

60 4162 270 4278 judicantur
286 4234 298 4277 ,
314 4171 448 4257 eadem
474 4199 498 4254 a
527 4170 636 4257 bonis
661 4194 700 4255 et
728 4170 973 4286 prudentibus
1001 4168 1212 4253 hominibus
1236 4196 1335 4257 recte
1367 4200 1505 4288 magna

60 4309 227 4397 exparte
251 4288 429 4404 probari,
451 4288 682 4405 vicissimque
710 4289 905 4374 damnari.
939 4294 1042 4372 Nam
1064 4286 1173 4400 quod
1192 4288 1365 4402 scriptum
1392 4316 1448 4377 est
1465 4292 1507 4379 in

57 4400 151 4485 Psal.
178 4432 243 4512 52.
278 4408 360 4517 Qui
383 4409 588 4491 haminibus
608 4402 765 4515 placent
782 4465 795 4510 ,
812 4404 960 4511 confiat
977 4419 1063 4486 sunt
1082 4464 1094 4507 ,
1112 4408 1381 4509 quindenarum
1394 4427 1507 4518 spre-

55 4527 122 4602 vit
148 4544 233 4607 eas:
260 4549 300 4609 et
320 4525 428 4639 quod
452 4524 588 4610 Paulus
612 4525 687 4610 aits
722 4525 756 4607 S
757 4533 772 4606 i
796 4527 918 4606 adhuc
934 4524 1138 4606 hominibus
1159 4528 1348 4629 placerem
1364 4583 1378 4629 ,
1394 4527 1632 4623 (hiaena.

53 4644 259 4723 stiterunt
283 4667 351 4727 nnn
375 4668 490 4725 essem
507 4675 518 4727 ε
534 4643 584 4729 de
599 4641 701 4728 malis
718 4640 930 4725 hominibus
953 4637 1235 4754 intelligendum
1251 4667 1307 4727 est
1321 4704 1334 4747 ,
1350 4668 1394 4727 ut
1416 4673 1505 4731 cum

52 4753 154 4871 idem
180 4754 296 4844 dicit:
312 4760 446 4844 Nanne
473 4762 636 4843 homines
655 4766 776 4839 estis?
792 4786 872 4841 non
900 4758 949 4843 de
974 4756 1082 4842 bonis
1098 4819 1111 4861 ,
1129 4786 1294 4870 quorum
1321 4784 1377 4844 est
1398 4760 1503 4848 haud
1521 4816 1542 4854 ι.
1561 4807 1655 4872 ems

54 4871 171 4960 dubie
188 4900 332 4966 rectum
356 4874 558 4991 judicium.
590 4875 723 4963 Gloria
746 4873 856 4992 igitur
872 4876 922 4962 ab
942 4874 1154 4964 hominibus
1171 4902 1252 4965 non
1276 4904 1421 4992 semper
1436 4881 1503 4965 ad-

49 5030 54 5039 ,
1426 5025 1504 5083 um·
