4050 5858
521 418 593 489 m4
983 386 1451 464 oumocnnsas

491 527 587 606 nilril
609 519 836 602 contulerunt
853 543 862 598 ε
881 516 950 595 sed
973 530 1104 599 eontra
1125 539 1206 596 cum
1233 516 1448 617 vidissent,
1467 515 1565 618 quod
1580 516 1763 597 creditum
1785 532 1849 600 est
1874 525 1940 601 mi·

489 644 530 724 tt
557 640 791 746 evangelium
815 640 1041 742 praeputii,
1059 641 1157 715 sieut
1189 646 1228 715 et
1255 643 1367 715 Petro
1395 639 1689 717 circumcisionis
1718 637 1814 748 (qui
1841 646 1936 721 enim

490 772 664 868 operatus
692 768 751 836 est
773 754 888 834 Petro
918 760 958 833 in
978 753 1574 861 apostolatum’ciroumeisionis,
1601 769 1780 860 operatus
1795 770 1857 838 est
1880 767 1940 839 mi·

489 878 532 959 tt
555 885 654 958 inter
672 877 834 981 gentes)
859 885 897 953 et
925 898 1007 952 cnm
1033 877 1291 978 cognovissent
1314 878 1507 977 gratiam,
1524 893 1616 974 quae
1637 875 1729 953 data
1754 889 1813 956 est
1837 877 1941 981 mihi,

489 993 655 1110 Jacobus
668 1048 682 1095 ,
697 1006 734 1072 et
751 988 923 1098 Copias,
938 1004 976 1070 et
991 986 1179 1103 Joannes,
1196 996 1259 1096 qui
1274 991 1500 1071 videbantur
1522 993 1706 1072 columnae
1729 1018 1838 1097 esse,
1853 1000 1943 1078 deor·

488 1128 574 1195 tras
598 1113 778 1195 dederunt
807 1108 898 1189 milri
925 1122 963 1188 et
979 1109 1180 1189 Barnabae
1206 1114 1426 1190 societatis:
1452 1130 1492 1190 et
1514 1107 1629 1219 paulo
1654 1123 1741 1220 post
1765 1115 1879 1197 Petro
1901 1143 1941 1199 se

487 1227 713 1315 Antiochiae
738 1221 927 1308 infaciem
955 1224 1122 1310 restitisse
1138 1221 1336 1337 profitetur
1352 1286 1364 1330 ,
1383 1249 1582 1339 propterea
1609 1226 1717 1339 quod
1741 1230 1943 1342 reprehen-

488 1347 595 1433 sibilis
627 1368 749 1446 esset,
778 1370 848 1427 nec
876 1341 1024 1427 dubitat
1050 1341 1173 1426 multis
1200 1342 1352 1427 inlotis
1384 1366 1530 1428 ceteros
1560 1341 1734 1429 homines
1754 1404 1768 1450 ,
1786 1371 1832 1433 ut
1862 1379 1942 1436 suas

163 1572 165 1576 Δ
302 1514 325 1553 ι.
344 1503 394 1549 ω.
410 1510 433 1560 ⁷·
489 1465 648 1551 virtutes
671 1460 930 1566 aemulentur,
947 1459 1157 1547 adhortari.
1174 1461 1216 1544 V
1210 1466 1287 1565 olo,
1306 1460 1429 1576 inquit
1451 1461 1501 1546 ad
1518 1461 1738 1547 Corinthios
1764 1466 1944 1572 scribens,

301 1632 323 1669 1.
340 1623 394 1669 cn.
409 1631 434 1675 4.
453 1626 476 1663 u
489 1610 560 1667 vos
585 1608 705 1667 omues
728 1600 810 1663 esse
826 1640 838 1685 ,
853 1585 954 1662 sieta
976 1607 1032 1662 me
1056 1587 1179 1688 ipsum
1200 1603 1265 1666 :et
1292 1579 1365 1664 alio
1392 1579 1431 1663 in
1461 1577 1577 1664 loco:
1605 1579 1820 1667 imitatores
1840 1586 1944 1691 ,ait,

300 1692 357 1790 it.
374 1752 397 1803 3.
489 1718 605 1787 estote
634 1705 707 1782 mei
723 1758 737 1804 ,
754 1706 855 1782 sictut
882 1714 920 1780 et
950 1724 1017 1808 ego
1046 1698 1223 1781 Christi:
1249 1697 1315 1783 sed
1340 1722 1379 1782 et
1403 1696 1653 1812 Philippenses
1684 1699 1820 1786 eisdem
1853 1734 1950 1816 pro·

482 1817 700 1936 pemodum
725 1818 847 1905 verbis
873 1815 1124 1901 adhortatur:
1151 1815 1251 1900 idem
1276 1841 1298 1900 e
1326 1814 1517 1901 contrario
1540 1843 1627 1901 curn
1645 1847 1712 1902 sua
1730 1818 1862 1904 delicta
1890 1851 1946 1908 re·

301 1993 326 2030 ι.
341 1979 395 2029 tu.
410 1986 448 2038 ιε.
489 1939 667 2024 cordatus
684 1998 696 2040 ,
714 1935 818 2019 humi
841 1963 878 2019 se
904 1931 1024 2045 dejicit
1043 1996 1055 2040 ,
1073 1962 1142 2019 nec
1164 1932 1424 2046 apostolorum
1448 1935 1581 2021 ordine
1608 1935 1805 2052 dignatur.
1840 1941 1945 2050 Ego,

468 2057 641 2171 inquit,
668 2082 750 2138 snm
774 2060 944 2135 minimus
976 2059 1222 2163 apostolorum
1238 2108 1252 2155 ,
1270 2059 1336 2157 qui
1360 2077 1429 2136 non
1452 2080 1534 2139 sum
1565 2059 1703 2164 dignus
1735 2066 1875 2140 vocari
1905 2086 1948 2142 a·

482 2181 654 2293 postolos
670 2235 682 2279 ,
700 2170 1028 2281 quia‘persemms
1051 2198 1132 2255 sum
1156 2174 1350 2253 ecclesiam
1366 2174 1475 2254 Dei.
1507 2175 1603 2267 Quo
1632 2172 1671 2256 in
1694 2172 1778 2258 loco
1806 2175 1872 2258 ubi
1907 2206 1951 2262 se

490 2322 557 2408 per
574 2290 821 2378 humilitatem
838 2288 1042 2404 depressit,
1060 2289 1231 2405 protinus
1258 2317 1325 2403 per
1351 2288 1505 2374 alteram
1527 2290 1843 2407 magnanimitatis
1862 2322 1950 2406 par·

489 2436 569 2498 tem
585 2408 747 2496 extollit.
778 2409 882 2491 Nam
908 2416 1042 2516 gratia
1060 2468 1073 2513 ,
1090 2406 1240 2522 inquit,
1262 2409 1343 2489 Dei
1370 2434 1451 2490 snm
1469 2412 1535 2511 il,
1550 2415 1649 2515 quod
1661 2438 1741 2492 sum
1762 2428 1829 2494 :et
1849 2439 1946 2519 gra-

490 2538 549 2613 tia
566 2534 647 2640 ejus
672 2536 712 2611 in
737 2554 793 2610 me
814 2554 939 2608 vacua
965 2553 1033 2610 non
1050 2522 1138 2630 fuit
1155 2584 1169 2629 ,
1186 2530 1255 2609 sed
1282 2528 1529 2608 abundantius
1553 2534 1633 2609 illis
1659 2531 1826 2612 omnibus
1846 2533 1948 2613 labo·

308 2697 465 2755 mem,
490 2656 583 2733 ravi
601 2679 610 2731 :
628 2670 672 2731 ut
694 2644 766 2730 alio
794 2643 831 2726 in
858 2644 972 2728 loco:
1006 2645 1094 2726 Non
1120 2671 1200 2726 sum
1225 2645 1349 2727 liber?
1380 2671 1448 2726 non
1473 2670 1554 2728 sum
1578 2653 1796 2754 apostolus?
1831 2675 1945 2732 nonne

491 2766 685 2851 Christum
707 2767 822 2847 vidi?
850 2788 960 2845 norrne
985 2779 1075 2870 opus
1101 2789 1220 2844 meum
1252 2787 1323 2844 vos
1338 2769 1433 2844 estis
1457 2767 1498 2842 in
1523 2766 1691 2848 domino?
1726 2765 1871 2867 Vides,
1905 2791 1951 2851 ut

491 2882 676 2983 humilitas
701 2910 782 2965 non
809 2878 927 2964 modo
956 2908 980 2962 a
1005 2880 1311 2994 magnanimitate
1334 2908 1414 2964 non
1448 2879 1624 2987 dissidet,
1652 2882 1720 2968 sed
1744 2882 1948 2968 maximam

491 3002 603 3086 etiam
636 3000 750 3086 habet
781 3025 869 3083 cum
901 2996 978 3112 ipsa
1010 3000 1251 3083 societatem:
1277 3022 1332 3084 est
1365 2997 1466 3083 enim
1498 2999 1614 3086 virtus
1646 3000 1815 3105 eadem,
1847 3031 1950 3117 quae

493 3146 621 3205 motus
651 3118 765 3205 animi
788 3118 827 3201 in
849 3116 993 3233 magnis
1019 3116 1227 3202 honoribus
1258 3117 1503 3201 moderatur.

567 3240 619 3322 X.
679 3240 765 3320 Nec
794 3261 832 3321 te
865 3259 1048 3338 moveat,
1071 3231 1179 3348 quod
1208 3234 1377 3318 Christus
1408 3258 1553 3349 praeter
1586 3266 1692 3323 suam
1721 3234 1944 3354 dignitatem

480 3355 607 3469 pedes
640 3353 731 3442 lavit
762 3353 1046 3468 apostolorum:
1075 3381 1199 3466 neque
1228 3350 1329 3436 enirn
1361 3354 1517 3467 turpiter
1551 3354 1693 3469 aliquid
1727 3357 1886 3472 deliquit
1917 3356 1944 3440 i·

492 3474 632 3589 gnavia
662 3472 722 3559 vel
750 3472 987 3589 ignoratione
1019 3499 1106 3554 suae
1133 3469 1345 3586 dignitatis:
1374 3471 1483 3584 quod
1511 3472 1747 3585 pusillanimis
1781 3474 1940 3559 accidit:

325 3597 440 3694 ””;,,“,ζ
492 3593 601 3698 Sed,
622 3617 777 3678 auctore
802 3590 949 3696 Paulo,
975 3615 1067 3696 quae
1098 3594 1215 3672 stulta
1240 3603 1326 3671 sunt
1348 3594 1472 3671 mundi
1499 3597 1642 3698 elegit,
1671 3607 1715 3673 ut
1732 3591 1937 3698 corifundal

493 3720 704 3819 sapientes:
730 3726 768 3792 et
791 3707 944 3808 infirma
964 3711 1087 3790 mnndi
1103 3766 1115 3811 ,
1132 3709 1175 3790 at
1198 3703 1401 3811 confirndat
1412 3706 1542 3812 fortia
1560 3738 1569 3792 ε
1587 3726 1624 3791 et
1645 3712 1827 3818 ignobilia
1844 3735 1938 3793 mun

494 3831 534 3909 cli
549 3845 586 3911 et
606 3830 870 3912 contentibilia
887 3887 898 3930 ‚
915 3842 952 3908 et
975 3852 1020 3907 ea
1044 3850 1138 3931 qnae
1164 3851 1232 3909 non
1253 3840 1341 3908 suat
1358 3886 1370 3929 ,
1387 3841 1429 3908 ut
1453 3852 1498 3908 ea
1527 3853 1620 3931 quae
1640 3844 1726 3909 sunt
1745 3833 1941 3931 ,destrue-

485 3957 579 4029 ret:
603 3963 645 4027 ut
666 3970 735 4030 non
753 3952 939 4054 glorietur
963 3950 1080 4027 omnis
1104 3968 1192 4028 caro
1218 3953 1258 4025 in
1283 3959 1480 4053 conspectu
1506 3948 1612 4053 ejus.
1648 3947 1849 4051 Ceterum,
1880 3945 1951 4060 qui

475 4063 754 4178 ¹apostolorum
783 4063 896 4178 pedes
919 4088 1003 4147 tunt
1033 4060 1153 4165 lavit,
1171 4086 1214 4147 ut
1241 4062 1413 4177 exemplo
1430 4064 1626 4148 damnaret
1643 4061 1833 4149 levitatem
1870 4094 1948 4148 am·

210 4216 215 4221 ·
306 4212 379 4280 sun·
398 4220 435 4269 ιε·
494 4176 716 4268 bitiosorum
748 4183 793 4266 ac
818 4180 1094 4295 superborum:
1121 4179 1181 4264 hic
1205 4178 1352 4264 eisdem.
1369 4179 1485 4293 paulo
1515 4205 1600 4294 post
1625 4177 1742 4266 ditur:
1778 4181 1856 4265 Vos
1891 4207 1945 4265 me

495 4308 646 4382 uocatis
671 4308 851 4409 magister
873 4327 920 4381 ac
943 4304 1107 4400 domine,
1126 4312 1162 4379 et
1181 4301 1441 4404 benedicitis,
1459 4326 1540 4382 sum
1565 4307 1721 4382 etenim.
1755 4304 1890 4415 ltaque
1912 4298 1948 4384 id

497 4412 664 4503 officium
691 4417 834 4529 optime
861 4442 1011 4530 poterat
1041 4414 1248 4500 humilitate
1280 4416 1381 4503 salva
1413 4415 1636 4530 praeterire,
1653 4416 1720 4503 sed
1755 4418 1896 4533 cuique
1909 4417 1946 4500 li·

497 4558 559 4621 cet
584 4564 607 4619 a
631 4564 700 4620 suo
725 4533 804 4645 jure
829 4532 1008 4620 decedere
1024 4595 1037 4640 ,
1051 4533 1159 4648 quod
1183 4535 1259 4619 sine
1286 4534 1434 4619 alterius
1457 4534 1589 4646 injuria
1615 4532 1682 4620 fiat
1698 4595 1711 4636 ,
1727 4534 1943 4647 praesertim

497 4653 678 4756 Christ0,
708 4651 775 4768 qui
806 4678 941 4766 sponte
969 4682 1035 4735 sua
1068 4652 1265 4737 criminum
1295 4652 1502 4738 alienorum
1529 4682 1670 4766 poenus
1707 4651 1800 4738 dare
1832 4651 1953 4740 voluit

495 4770 814 4857 innocentissimus
840 4769 1021 4885 suppliciis
1049 4765 1202 4856 affectus
1233 4795 1273 4856 et
1299 4797 1422 4857 morte
1453 4798 1542 4854 cum
1567 4769 1806 4886 ignominia,
1842 4800 1888 4856 ac
1908 4792 1951 4854 ut

307 4920 351 4972 ar
364 4920 418 4968 en·
435 4929 458 4980 ³·
499 4891 621 4999 verbis
645 4913 729 4978 utar
741 4888 870 4977 Pauli:
896 4891 1385 5002 Humiliavitsemetipsum
1402 4887 1542 4998 fastris
1567 4893 1738 4987 obediens
1766 4915 1886 4998 usque
1899 4891 1950 4997 al

1867 5033 1959 5095 m·
