4020 5864
517 383 587 477 „e
865 376 1223 452 ANTAnonootA
1245 380 1344 451 atto
1368 377 1470 449 ιιι
1486 378 1567 449 ιιο

471 532 614 626 psetat
629 505 675 591 in
685 501 884 639 mentione
901 501 1105 589 doctorum
1137 502 1337 590 hominum
1358 500 1550 614 Stunicam
1573 522 1636 586 ιι
1652 499 1896 587 Genesium
1899 528 1934 587 se

493 626 701 714 Placentiae
726 621 953 710 convenisse.
980 624 1130 718 Quibus
1144 623 1302 719 litteris
1293 653 1366 739 pam
1392 649 1484 735 tunc
1500 649 1643 708 vanum
1660 617 1780 704 istum
1806 649 1934 705 mmo-

498 774 577 832 rem
608 771 779 860 spargere
803 740 1025 857 incipiebas:
1051 771 1151 827 nam
1162 742 1237 827 tale
1259 740 1465 856 quiddam
1456 770 1495 824 ιιι
1521 738 1571 826 eis
1586 765 1651 823 me
1675 736 1807 855 legere
1831 767 1933 824 cont·

499 862 678 969 memini,
711 864 909 946 Albertum
924 869 1031 944 Pium
1045 870 1170 945 nescio
1183 864 1275 967 quid
1288 867 1328 942 ir
1354 861 1556 944 Erasmum
1567 869 1750 967 parare,
1772 861 1931 964 domique

428 1032 431 1038 ·
497 985 633 1067 babere
648 985 912 1066 conducturum
924 978 1130 1084 hominem,
1146 987 1211 1086 qui
1221 998 1297 1087 pro
1309 982 1560 1063 rescriberet.
1589 979 1652 1059 De
1668 1001 1757 1089 quo
1772 1002 1858 1059 cum
1871 1004 1928 1061 me

499 1100 693 1187 Valdesius
709 1122 1038 1214 percunctaretur,
1063 1127 1138 1214 ego
1155 1096 1340 1183 nihildoli
1350 1098 1584 1212 suspicatus,
1606 1105 1762 1178 necesse
1788 1118 1870 1199 est,
1881 1093 1933 1177 in·

500 1247 648 1334 quarn,
668 1243 711 1304 ut
726 1246 793 1331 qur
782 1217 985 1301 ''scribete
977 1244 1073 1351 rpse
1084 1217 1220 1327 morbo
1249 1214 1443 1330 implicitus
1466 1244 1546 1300 non
1561 1235 1715 1328 potest,
1751 1155 1932 1298 librarium

502 1337 671 1441 habeat,
697 1365 763 1450 qut
752 1335 916 1421 dictata
940 1333 1124 1449 excipiat,
1152 1362 1195 1419 ac
1211 1363 1281 1450 pto
1297 1361 1335 1419 se
1352 1334 1514 1468 scribat,
1534 1360 1646 1465 quo,
1674 1354 1720 1414 ut
1754 1331 1934 1446 Principes

482 1453 580 1541 -fere
606 1454 726 1539 solent
739 1480 921 1567 ,semper
936 1482 1024 1538 usus
1039 1477 1095 1539 est
1124 1452 1299 1538 Albenus
1312 1452 1430 1558 Pius,
1459 1451 1570 1537 etiam
1586 1451 1624 1533 in
1642 1447 1936 1536 valetudineflr

405 1656 407 1661 .
506 1575 637 1658 miore
665 1573 739 1661 sed
754 1595 796 1656 tu
811 1569 983 1657 videlicet
997 1571 1198 1657 hominem
1206 1569 1467 1706 intelligebas,
1475 1568 1597 1704 cujus
1620 1565 1803 1657 doctrina
1828 1566 1936 1654 etin-

506 1690 621 1807 genio
637 1687 878 1794 conficeretur
894 1717 1019 1824 opus,
1038 1714 1104 1775 aut
1118 1714 1222 1774 certe
1229 1720 1296 1806 qut
1284 1687 1534 1775 ''dictionem
1526 1685 1643 1800 ipsius
1655 1685 1848 1799 expoliret.

567 1811 656 1895 XX.
693 1810 827 1892 Cum
825 1805 938 1891 hoc
930 1806 1041 1921 igitur
1071 1832 1244 1921 tempore
1272 1835 1348 1892 me
1345 1805 1561 1891 Placentiae
1588 1800 1704 1887 ιιιιιιι
1733 1803 1875 1909 ιιιιιι,
1899 1829 1937 1892 et

506 1951 596 2013 ante
636 1954 690 2011 ιι
705 1948 792 2058 post
816 1938 1081 2058 perseuerasse
1097 1929 1273 2030 Romae,
1297 1923 1517 2011 credibile
1491 1949 1536 2008 ιιι
1559 1946 1599 2009 ιι
1614 1935 1706 2006 non
1727 1921 1934 2039 ignorasse:

506 2045 608 2178 quid
617 2042 684 2129 tibi
699 2044 801 2128 venit
816 2040 853 2124 in
870 2064 1057 2149 mentem,
1078 2068 1123 2128 ut
1138 2072 1221 2129 mea
1247 2071 1363 2156 opera
1388 2052 1594 2155 ιιιιιιιιιιιι
1605 2039 1818 2126 Albernam
1834 2042 1934 2127 Pium

506 2160 545 2264 in
559 2190 672 2276 opere
688 2159 751 2247 illo
769 2155 1033 2261 conficiendo,
1051 2187 1118 2248 aut
1130 2159 1353 2276 expolienda
1369 2160 1532 2247 dictione
1547 2147 1788 2245 asseverares’
1799 2165 1930 2273 Neque

506 2280 607 2384 enim
624 2278 697 2367 hoc
720 2278 771 2379 ad
796 2276 1039 2392 epistol-arem
1058 2279 1254 2383 librum,
1250 2307 1372 2416 quem
1382 2277 1440 2363 ille
1466 2282 1612 2362 Romae
1642 2301 1736 2362 anre
1760 2278 1851 2363 urbis
1876 2276 1935 2361 di·

506 2397 725 2534 reptionem
730 2395 1057 2501 elucubraverat',
1066 2397 1122 2483 de
1141 2408 1224 2513 quo
1248 2409 1338 2483 mox
1353 2395 1516 2499 dicanti,
1553 2380 1692 2480 'referre
1711 2421 1848 2510 potes,
1876 2393 1938 2511 qui

507 2515 557 2601 sic
573 2514 725 2602 scribis
716 2543 754 2597 m
770 2514 867 2604 calce
891 2513 1025 2603 libelli:
1058 2514 1174 2599 Recte}
1182 2513 1322 2619 fierit,
1338 2518 1534 2624 prodegit
1542 2522 1703 2623 gratias
1723 2515 1851 2618 Deo,
1882 2541 1938 2596 cu·

498 2636 567 2745 jus
581 2654 651 2743 ope
666 2649 745 2723 tam
771 2629 969 2729 mirificum
986 2644 1089 2742 opus
1103 2637 1210 2719 absol
1207 2643 1340 2734 verat,
1368 2636 1444 2715 reda
1456 2629 1762 2749 ingraqefiacit,
1787 2640 1852 2739 qui
1876 2651 1941 2717 nort

506 2766 599 2858 agat
610 2758 763 2860 gratias
795 2750 968 2865 Hispano
997 2756 1174 2837 dictionis
1195 2757 1426 2858 expetitura,
1458 2760 1589 2859 operis·
1608 2754 1821 2859 collectiore
1833 2769 1941 2858 prae

496 2866 654 2973 fictis,
669 2891 742 2953 cet.
773 2867 903 2960 Quo
895 2897 933 2952 ιιι
962 2867 1049 2952 loco
1089 2869 1159 2954 de
1168 2879 1296 2980 opere
1313 2865 1496 2954 Lutetiae
1517 2863 1696 2954 'confecto
1714 2892 1757 2953 te
1780 2868 1939 2955 locuntm

508 3013 587 3079 esse
610 3011 753 3071 certum
767 3010 845 3070 est:
873 2984 917 3071 in
943 3013 992 3070 eo
1021 2984 1122 3073 enim
1136 3005 1334 3086 extreme,
1357 2998 1468 3100 quas
1476 2983 1592 3090 dieis,
1603 2985 1763 3116 gratias
1779 2986 1944 3073 Albenus

510 3103 587 3218 egit
603 3107 705 3189 Deo.
734 3109 816 3189 Nec
837 3101 997 3188 dubitati
1014 3127 1165 3218 potest,
1196 3103 1300 3217 quin
1317 3099 1485 3239 Hispani
1499 3099 1664 3191 'nomine
1680 3105 1864 3194 eumdem
1889 3107 1944 3188 Se·

507 3219 600 3335 pult
593 3221 744 3327 edum
757 3221 806 3309 de
821 3250 901 3336 quo
925 3250 1005 3305 uno
1021 3220 1258 3331 nominatim
1268 3219 1536 3329 memineras,
1547 3218 1816 3335 designaveris.
1843 3225 1943 3305 Οοιι·

512 3363 585 3425 stat
599 3340 698 3424 enim
716 3282 910 3424 rllbertum
928 3336 1064 3443 Pium,
1083 3338 1222 3424 multos
1235 3351 1370 3427 annos
1394 3350 1614 3458 antequam
1609 3338 1850 3444 decederet,
1875 3337 1942 3420 Hi·

423 3518 425 3523 -
512 3477 698 3570 spanum,
708 3472 795 3572 qut
781 3456 942 3565 litteras
959 3458 1155 3548 didicisset
1156 3518 1168 3561 ,
1187 3455 1291 3543 domi
1306 3485 1400 3544 suae
1413 3456 1581 3542 ιιιιιιιίιιι
1607 3457 1809 3544 nerninem
1822 3520 1834 3561 ,
1849 3483 1945 3571 prae·

508 3599 569 3660 ιιι
583 3575 788 3660 Genesium
802 3573 1100 3710 Sepulvedam,
1111 3584 1239 3691 quem
1247 3575 1317 3663 ad
1325 3601 1362 3662 te
1378 3562 1542 3714 ¹suspicor
1548 3572 1833 3686 appellatione
1856 3572 1948 3661 varia

508 3692 690 3778 delatum
692 3723 790 3805 esse,
805 3693 1022 3808 quinetiam
1037 3716 1216 3827 corruptp
1233 3691 1441 3796 vocabulo,
1452 3701 1547 3781 nanu
1554 3720 1628 3826 ptp
1638 3692 1876 3806 Sepulvedo,
1888 3694 1950 3774 Se·

508 3827 565 3918 pu
566 3817 700 3894 lvelum
713 3812 828 3897 habet
843 3836 929 3897 tuus
944 3810 1106 3896 ιἰιιιιιιι.
1129 3815 1198 3897 nist
1186 3804 1314 3913 forte
1341 3810 1451 3925 culpa
1472 3808 1604 3898 librarii
1625 3824 1718 3900 una
1720 3809 1876 3902 littera
1878 3838 1949 3896 mu·

512 3951 592 4012 tata
617 3925 703 4013 fuir.
732 3934 791 4015 Ex
815 3959 896 4043 quo
907 3924 1049 4021 facturn
1076 3953 1133 4016 est
1153 3923 1340 4034 fortasse,
1358 3939 1416 4014 ιιι
1432 3927 1608 4096 eumdem
1638 3942 1706 4042 per
1719 3927 1952 4102 oblivionem

507 4047 611 4132 duos
639 4068 734 4140 esse
745 4049 915 4134 homines
929 4047 1136 4138 credideris
1207 4089 1211 4129 :
1331 4090 1335 4133 ς
1410 4088 1412 4093 ’

570 4164 677 4250 XXl.
735 4172 791 4251 lta
804 4195 893 4253 cum
916 4182 997 4252 non
1012 4165 1202 4281 ignorares
1223 4166 1432 4254 Genesium
1453 4088 1610 4255 Romae
1623 4193 1767 4300 agere,
1758 4128 1954 4279 Sepulr'e

509 4280 602 4366 darn
628 4285 778 4395 putasti
794 4284 929 4418 eodem
951 4295 1125 4425 tempore
1146 4287 1329 4373 Lutetiae
1342 4313 1468 4373 cum
1455 4284 1625 4373 Alber'to
1649 4283 1759 4405 Piq
1729 4315 1789 4394 tn
1807 4308 1848 4369 te
1876 4280 1955 4368 scri·

506 4397 623 4483 bente
654 4399 786 4506 fuisse,
813 4401 991 4517 quicum
1013 4413 1167 4516 neque
1175 4403 1424 4506 ineruditus,
1439 4418 1578 4523 'neque
1612 4385 1774 4494 Latinae
1805 4400 1954 4516 lingeret

505 4516 689 4652 ignarus,
704 4539 748 4614 ut
765 4522 839 4631 ipse
852 4520 1003 4624 scribis,
1011 4520 1237 4628 haberetur
1248 4463 1535 4635 esttmdemque
1552 4543 1751 4613 constaret
1770 4519 1812 4605 in'
1834 4517 1954 4607 Albts·

422 4671 426 4679 ’
505 4636 535 4719 ti
564 4636 614 4718 Pii
642 4637 851 4721 domesticis
868 4635 1024 4741 fuisse,
1032 4639 1191 4728 maxime
1208 4639 1429 4728 idoneus
1391 4653 1492 4726 ursus
1518 4665 1582 4747 est
1590 4636 1683 4729 istis
1694 4633 1951 4753 sycophanta,

444 4795 448 4810 ·
505 4754 633 4873 quiex
660 4754 827 4851 confictis
858 4757 979 4866 operis
995 4771 1092 4848 unus
1111 4758 1357 4894 potissimum
1378 4757 1648 4846 nominaretur.
1681 4755 1954 4891 Quonamipe

506 4862 699 4973 calumniis
723 4874 947 4999 inconsulte
959 4874 1143 5059 credtis,
1162 4877 1344 4995 scripsisti
1355 4876 1637 4996 'agendasetse
1644 4855 1809 5000 gratias.
1828 4875 1958 4987 lassa·

562 5048 566 5062 .
1835 5016 1960 5096 -uo,
