4006 5850
634 368 977 445 lIBERII.
1423 381 1496 470 '437

88 509 188 597 enim
203 501 327 612 refert,
344 527 432 590 utro
449 501 570 615 modo
584 496 826 610 nominetur)
844 496 1061 612 bipartitum
1085 525 1162 590 esse
1187 506 1402 587 statuatur:
1421 496 1532 617 quat·

85 629 175 716 dam
190 626 289 712 enim
306 625 405 741 leges
420 620 636 708 hominibus
651 642 788 705 natura
815 616 971 724 tribuit,
985 645 1085 733 quae
1102 617 1211 704 nobis
1227 642 1315 704 sunt
1331 648 1419 706 cum
1434 645 1532 708 cete·

83 746 131 833 ris
146 743 395 830 animantibus
410 767 658 826 communes:
683 761 728 823 ut
753 735 1071 853 propulsationem
1102 735 1338 848 injuriarum,
1369 736 1532 827 filiorum

82 887 122 950 et
137 862 435 977 procreationem
448 882 488 945 et
503 856 772 943 educationem
791 887 800 940 :
829 857 939 971 quod
957 884 1077 973 genus
1093 853 1273 944 definiens
1300 856 1533 968 iureconsul-

83 1005 168 1069 tus:
196 980 299 1099 Jus‘,
317 977 468 1096 inquit,
490 983 663 1062 naturale
680 991 766 1080 est,
790 978 887 1080 quod
902 991 1040 1058 natura
1055 982 1175 1058 omnia
1191 982 1371 1057 animalia
1382 980 1507 1061 docuu
1519 1003 1723 1091 :1‚,‚ffi„,·,„

85 1099 173 1185 alias
202 1098 436 1214 peculiares,
464 1123 563 1211 quae
595 1094 731 1180 idcirco
755 1117 843 1179 sunt
871 1092 999 1179 ceteris
1029 1091 1278 1179 animantibus
1293 1092 1531 1211 incognitae,
1546 1095 1723 1156 ΜΝ*

85 1218 272 1333 quoniam
289 1245 350 1301 eas
366 1243 446 1302 non
463 1242 589 1299 sensus
604 1212 744 1322 nobis,
778 1211 844 1297 sed
862 1212 956 1297 ratio
972 1211 1097 1326 potius
1113 1211 1208 1296 duce
1224 1209 1400 1326 sociaque
1424 1239 1534 1300 natu·

83 1364 126 1422 ra
150 1333 394 1453 ingeneravit.
427 1331 551 1446 Hujus
585 1330 758 1447 exempla
790 1357 912 1435 sunt,
945 1357 1092 1416 servare
1120 1353 1259 1443 pacta,
1282 1330 1426 1444 legatos
1452 1361 1535 1420 non

113 1452 232 1539 ulsare
249 1514 261 1559 ,
277 1451 494 1568 religionem
508 1449 633 1536 colere
652 1511 665 1555 ,
695 1448 850 1564 patriam
869 1473 909 1534 et
930 1471 1102 1562 parentes
1115 1448 1175 1561 pie
1189 1449 1357 1535 venerati
1372 1480 1381 1532 :
1397 1450 1535 1564 quibus

82 1484 226 1687 Egibus
242 1595 389 1656 constat
406 1569 463 1681 jus
479 1566 650 1685 gentium
667 1565 901 1681 appellatum
918 1626 930 1670 ‚
962 1565 1071 1682 quod
1095 1564 1181 1650 inde
1193 1643 1194 1646 .
1207 1592 1349 1650 nomen
1365 1566 1535 1676 invenit,

86 1688 270 1802 quoniam
286 1689 367 1801 ipso
383 1710 514 1803 gentes
528 1713 662 1771 omnes
678 1707 860 1788 urantur,
881 1712 981 1799 quae
1008 1682 1129 1769 modo
1150 1712 1229 1768 non
1247 1684 1319 1769 sint
1341 1708 1419 1770 tam
1449 1688 1534 1773 bar·

86 1804 200 1891 barae
223 1831 263 1891 et
279 1803 474 1907 efferatae,
489 1827 533 1887 ut
548 1801 819 1898 humanitatem
835 1828 983 1914 prorsus
999 1800 1138 1886 exuisse
1154 1801 1367 1888 videantur.
1400 1807 1436 1889 A
1450 1832 1532 1918 quo

85 1923 192 2012 velut
215 1919 322 2009 fonte
350 1920 578 2037 singularum
605 1944 704 2005 recte
727 1918 978 2004 institutarum
1008 1918 1204 2008 civitatum
1233 1947 1300 2004 seu
1325 1948 1532 2036 regnorum

83 2039 194 2152 jura,
223 2069 322 2153 quae
343 2039 464 2127 civilia
479 2063 771 2153 nuncupantur,
802 2041 1050 2125 emanarunt.
1084 2043 1155 2123 Est
1185 2037 1285 2122 enim
1316 2033 1372 2147 jus
1396 2038 1532 2147 civile,

86 2158 198 2272 quod
213 2157 380 2274 singulae
396 2156 564 2243 civitates
581 2157 747 2242 moribus
763 2182 807 2240 ac
824 2153 969 2272 legibus
985 2184 1009 2240 a
1025 2152 1103 2261 jure
1131 2154 1289 2240 naturali
1304 2178 1420 2270 atque
1435 2158 1534 2273 gen-

82 2273 180 2361 tium
194 2274 335 2391 aliquid
351 2274 534 2360 addendo
549 2272 612 2361 vel
627 2271 865 2360 detrahendo
882 2272 1052 2360 deductis
1072 2270 1140 2361 sibi
1155 2271 1417 2379 constituunt,
1464 2305 1534 2360 uo-

85 2391 189 2478 niam
202 2391 281 2500 lex,
310 2421 410 2508 quae
426 2418 552 2508 neque
569 2414 725 2477 natutae
754 2415 1005 2476 consentanea
1022 2390 1092 2496 sit,
1119 2417 1246 2506 neque
1257 2389 1390 2478 rationi
1405 2451 1417 2494 ,
1432 2305 1536 2480 datin

85 2533 143 2596 est
170 2535 237 2597 aut
261 2509 490 2623 tyrannica,
518 2507 710 2615 breviter,
733 2507 888 2643 indigna
905 2537 1004 2624 quae
1019 2507 1171 2594 nomine
1187 2509 1276 2626 legis
1290 2509 1509 2623 appelletur.

144 2629 215 2714 Vl.
272 2630 343 2726 Jus
361 2656 477 2745 porro
493 2625 664 2712 divinum
683 2626 723 2713 id
749 2627 984 2740 potissimum
1003 2624 1262 2742 intelligimus,
1291 2628 1402 2742 quod
1425 2656 1537 2740 prae-

83 2744 199 2860 ceptis
218 2775 406 2832 sacrarum
435 2744 699 2860 scripturarum
724 2743 953 2829 continetur.
997 2742 1072 2828 Sed
1097 2743 1279 2858 quoniam
1304 2749 1409 2830 Deus
1433 2747 1537 2831 idem
1562 2797 1565 2801 -

85 2888 141 2950 est
156 2888 315 2950 naturae
330 2863 550 2950 moderator
568 2888 606 2950 et
629 2857 784 2977 opifex,
814 2861 919 2948 idem
945 2859 1157 2977 divinarum
1182 2861 1448 2974 scripturarum
1464 2894 1543 2949 au«

53 3023 59 3034 ·
88 3004 172 3066 ctor
191 2980 293 3089 ‚fit,
324 3005 368 3067 ut
385 2980 512 3069 divina
528 2978 589 3064 lex
611 2979 668 3093 jus
691 3007 851 3094 quoque
877 3000 1034 3064 naturae
1058 2979 1288 3064 anonnullis
1301 2979 1534 3095 appelletur:

86 3122 235 3213 praeter
261 3128 380 3214 quam
406 3098 515 3216 quod
531 3095 719 3183 interdum
734 3096 911 3213 congruit
927 3154 942 3202 ‚
957 3119 1002 3191 ut
1019 3094 1161 3212 aliquid
1173 3097 1219 3182 sit
1234 3122 1368 3183 natura
1380 3099 1534 3211 justum,

60 3215 196 3333 .quod
213 3219 286 3301 Dei
301 3246 460 3333 quoque
476 3239 682 3335 praecepto
698 3213 895 3301 sanciatur.
930 3214 1056 3310 Quod
1087 3243 1322 3330 quamquam
1343 3246 1432 3305 vere
1463 3236 1729 3331 nec'1,1d„,1„‚‚3‚

84 3332 329 3421 incommode
353 3334 426 3422 dici
449 3332 591 3448 possit,
614 3362 685 3419 nos
712 3357 843 3419 tamen
869 3330 987 3467 magis
1005 3356 1193 3446 receptam
1221 3358 1261 3420 et
1285 3332 1532 3422 inveteratam
1547 3329 1727 3443 {JffiJ'c‘fjj

83 3451 388 3551 doctissimorum
413 3452 613 3537 hominum
643 3450 825 3567 loquendi
857 3449 1118 3564 sentiendique
1136 3452 1450 3539 consuetudinem
1477 3483 1533 3541 se·

84 3594 272 3685 ‚quentes,
298 3571 338 3655 in
352 3571 425 3656 hac
439 3569 660 3684 quaestione
676 3570 890 3655 disserenda
906 3568 1101 3655 discrimen
1127 3599 1217 3654 mox
1230 3564 1441 3682 expositum
1457 3572 1533 3657 ob-

86 3687 327 3776 servabimus.
360 3689 428 3801 Jus
443 3683 677 3801 pontificium
692 3708 777 3791 est,
802 3686 914 3802 quod
946 3684 1166 3801 pontificum
1184 3686 1361 3800 rescriptis
1377 3750 1390 3794 ,
1406 3691 1533 3776 conci·

49 3907 53 3915 ,
83 3802 223 3891 liorum
238 3830 531 3919 sanctorumque
556 3827 710 3918 patrum,
729 3802 901 3909 decretis,
919 3833 943 3889 a
958 3803 1038 3917 jure
1064 3801 1194 3890 divino
1210 3826 1249 3889 et
1258 3806 1416 3891 naturali
1437 3806 1532 3905 deri·

83 3949 248 4029 uatum,
275 3923 371 4010 iniis
388 3922 619 4037 potissimum
644 3921 754 4007 rebus
769 3945 963 4028 versatur,
990 3949 1090 4038 quae
1106 3919 1381 4030 Sacramenta,
1411 3927 1532 4011 caeri-

86 4043 231 4128 monias
247 4103 260 4148 ‚
278 4040 540 4157 reliquumque
555 4039 629 4147 Dei
646 4038 852 4125 cultumac
867 4038 1084 4157 religionem
1108 4039 1312 4155 attingunt.
1342 4042 1415 4127 Sed
1443 4042 1550 4152 juris‘
1586 4121 1593 4133 .

86 4185 225 4272 genera
249 4185 287 4245 et
315 4159 534 4247 varietatem
560 4156 828 4273 explicuimus:
857 4157 932 4271 jam
961 4157 1000 4244 in
1028 4156 1177 4272 singulis
1202 4182 1389 4272 quantum
1414 4159 1531 4273 possit

86 4274 277 4388 pontificia
292 4275 460 4386 majestas
476 4332 490 4378 ‚
505 4276 799 4364 consideremus.

149 4393 233 4477 Vll.
290 4398 334 4475 ln
349 4421 426 4509 qua
442 4391 693 4506 disputatione
712 4422 833 4479 unum
847 4391 954 4509 quasi
977 4388 1267 4479 fundamentum
1292 4391 1530 4506 justissimum

89 4536 135 4594 ac
151 4507 390 4596 certissimum
408 4572 421 4616 ,
437 4536 477 4596 et
488 4511 542 4615 iis,
559 4540 660 4626 quae
676 4539 811 4598 natura
826 4511 937 4615 duce,
955 4539 999 4596 ac
1014 4511 1194 4628 religione
1208 4536 1362 4597 auctore
1377 4512 1529 4618 ,simul
1608 4522 1615 4532 '

88 4655 165 4744 que
182 4626 532 4743 sapientissimorum
548 4628 717 4715 virorum
732 4631 953 4716 auctoritate
979 4657 1090 4743 supra
1118 4630 1405 4735 constituimus,
1434 4658 1528 4715 con·

90 4769 311 4831 sentaneum
326 4809 338 4852 ‚
354 4745 564 4851 iaciendum
578 4770 647 4832 est.
676 4752 719 4832 ln
742 4748 781 4832 iis
796 4748 973 4832 omnibus
987 4776 1069 4833 non
1092 4748 1213 4833 solum
1230 4748 1417 4831 humanae
1435 4776 1528 4859 pru·

93 4862 273 4977 dentiae,
296 4865 493 4959 sedetiam
513 4888 669 4953 natutae
685 4863 746 4955 vel
759 4864 900 4962 ,divinis
928 4863 1069 4982 legibus
1094 4864 1344 4955 moderationi
1372 4862 1526 4996 pontili-

1446 5007 1523 5068 ctae
