4192 5880
158 494 710 637 anurntt
796 398 1623 625 Annoatsorii

411 743 831 857 comenensis,
867 732 1055 876 Ducis„
1087 743 1436 859 cumtrssnn,
1568 884 1573 888 ι
1619 874 1620 879 p

273 976 441 1065 VITAE
469 975 542 1062 Ac
567 970 763 1057 aarum
790 969 893 1054 Part
928 969 1175 1091 numnam
1212 968 1511 1058 GESTARUM
1621 999 1625 1007 ·

539 1184 787 1290 LIBER
849 1183 1231 1288 TERTIUS.

136 1482 137 1485 Ν
219 1450 248 1528 1.
310 1368 603 1541 QUtNTUM
628 1437 814 1523 decimum
828 1434 900 1546 jam
920 1461 1086 1519 mensem
1105 1434 1285 1550 Aegidius
1299 1435 1499 1522 Avenione
1512 1439 1629 1553 apud·

136 1596 138 1598 ·
159 1557 382 1649 Pontificem
404 1558 647 1661 morabatur,
664 1583 752 1638 cum
767 1552 975 1636 domesticis
988 1568 1240 1667 cognatorum
1264 1553 1502 1639 seditionibus
1519 1585 1610 1643 evo-

144 1702 290 1784 -catus,
324 1705 461 1791 easque
491 1674 621 1760 sedare
642 1672 817 1787 cupiens,
834 1666 1105 1783 profectionem
1127 1670 1165 1753 in
1184 1670 1401 1784 Hispaniam
1415 1700 1614 1787 compara-

138 1834 141 1841 ·
161 1795 248 1880 bat.
282 1794 364 1887 Qui
379 1822 460 1908 quo
476 1818 646 1905 tempore
661 1820 684 1872 a
699 1784 882 1874 Pontilice
901 1786 1112 1872 missionem
1139 1782 1399 1903 efflagitabat,
1420 1817 1469 1872 eo
1499 1791 1613 1902 potis·
1736 1799 1743 1812 “

115 1964 118 1970 «
140 1954 142 1957 ·
162 1912 297 1997 simum
312 1911 430 1995 crebri
443 1937 611 1996 rumores
626 1902 858 2008 afferuntur,
875 1903 1068 2018 plerasque
1093 1903 1259 1990 civitates
1274 1906 1397 1991 Italiae
1413 1906 1610 1992 vehemen-

162 2052 218 2114 ter
231 2027 463 2114 tumultuare
478 2089 491 2133 ,
508 2025 733 2140 quibusdam
755 2022 968 2107 hominibus
984 2022 1094 2108 novis
1119 2022 1275 2137 imperiis
1299 2024 1556 2126 studentibus,
1572 2054 1611 2110 a·

157 2144 208 2232 liis
230 2145 419 2234 veteribus
441 2143 688 2230 inhiantibus.
720 2140 870 2237 Quibus
894 2141 1105 2225 rumoribus
1134 2168 1221 2224 cum
1245 2141 1388 2225 litterae
1417 2143 1630 2257 nuntiique·

156 2264 207 2348 ab
240 2264 410 2350 studiosis
426 2263 480 2347 tei
510 2260 769 2347 ecclesiasticae
786 2255 920 2344 eadem
951 2258 1207 2343 nuntiantibus
1230 2260 1509 2365 consentirent,
1525 2262 1614 2346 cau4

142 2409 238 2464 sam
257 2379 472 2493 hujusmali
489 2379 704 2495 perquirens
720 2374 916 2481 Pontifex,
933 2375 1121 2492 ignaviam
1148 2376 1377 2490 potissimum
1401 2405 1479 2460 esse
1509 2406 1611 2492 repe·

162 2497 282 2583 tiebat
295 2496 511 2602 Androini,
527 2496 594 2611 qui
621 2524 756 2610 patum
770 2492 1066 2578 administrandis
1089 2493 1241 2606 publicis
1256 2495 1366 2578 rebus
1382 2493 1540 2579 idoneus
1560 2524 1612 2580 es·
1625 2539 1747 2612 nuaram
1759 2552 1804 2601 gu.

159 2638 242 2717 set,
274 2640 472 2730 unumque
494 2642 570 2699 esse
584 2612 783 2730 hegidium
798 2671 810 2715 ,
828 2607 932 2722 cujus
947 2610 1008 2695 vel
1034 2607 1113 2694 sola
1129 2611 1333 2724 praesentia
1362 2636 1612 2724 tyrannorum
1625 2599 1739 2710 llll?
1767 2601 1803 2663 ¹‘'

158 2730 335 2818 violentia
361 2732 528 2816 cohiberi
546 2793 559 2837 ,
575 2757 620 2814 ac
656 2726 886 2845 populorum
908 2727 1154 2812 inconstantia
1187 2728 1333 2813 stabiliri
1359 2728 1465 2813 nullo
1494 2735 1611 2846 nego·

158 2847 214 2933 tio
244 2874 369 2964 posset
386 2849 553 2963 :quippe
577 2875 692 2964 quem
713 2845 864 2960 tyranni
892 2872 1130 2960 summopere
1160 2842 1428 2951 formidarent,
1444 2846 1611 2934 civitates

158 2965 354 3082 diligerent
383 2964 543 3052 simulet
558 2989 786 3054 vererentur.
864 3008 878 3014 s·
1236 2989 1237 2992 ‘
1584 2978 1588 2986 '

217 3087 263 3167 Π.
324 3087 427 3169 Cum
443 3084 554 3200 igitur
569 3084 618 3169 de
644 3080 831 3168 mittendo
847 3081 1047 3167 Androino
1065 3108 1271 3167 successore
1282 3078 1454 3167 Pontifex
1465 3082 1516 3168 ad
1541 3095 1605 3199 pa'-

144 3226 147 3238 ·
163 3223 237 3285 tres
266 3200 473 3306 retulisset,
492 3228 570 3285 una
594 3196 665 3285 fuit
696 3199 867 3284 omnium
890 3198 1070 3285 sententia
1087 3259 1099 3305 ,
1115 3200 1380 3286 remittendum
1405 3230 1482 3285 esse
1499 3204 1608 3320 Aegi-
1620 3213 1726 3328 §552⁶th
1743 3222 1800 3330 prt-

146 3317 267 3403 ,dium
297 3379 309 3424 ,
341 3317 444 3431 cujus
470 3317 668 3433 prudentia
699 3316 891 3431 virtusque
929 3316 1053 3402 multis
1076 3317 1314 3433 maximisque
1342 3319 1506 3433 periculis
1538 3322 1603 3405 sibi
1622 3335 1714 3388 titudo·
1759 3296 1799 3332 οἷ’

146 3463 282 3549 λπεφιε
312 3460 429 3550 arque
460 3436 627 3521 hostibus
654 3459 747 3522 nota
771 3459 892 3538 esset,
913 3460 952 3521 et
968 3434 1071 3547 cujus
1100 3436 1234 3521 hatum
1261 3465 1384 3521 rerum
1399 3437 1529 3550 opinio
1558 3439 1608 3524 ad

163 3554 412 3639 continendos
436 3554 474 3639 in
490 3550 619 3640 officio
635 3552 797 3668 populos
821 3553 905 3636 satis
936 3578 1030 3638 esset
1042 3581 1107 3666 per
1122 3584 1161 3640 se
1174 3578 1310 3670 potens
1326 3615 1338 3659 ,
1355 3555 1474 3642 modo
1497 3555 1606 3670 Aegi·

160 3667 240 3752 dius
265 3700 370 3757 more
394 3701 464 3758 suo
496 3702 544 3756 ne
578 3693 795 3787 gravaretur
827 3669 975 3782 privatis
1004 3672 1161 3786 negotiis
1191 3673 1378 3787 publicam
1413 3669 1609 3757 utilitatem

157 3783 362 3874 anteferte.
394 3794 515 3875 Porro
532 3790 572 3873 in
597 3787 672 3873 alio
696 3786 896 3904 deligendo
909 3788 1118 3902 inexpertae
1134 3817 1202 3875 aut
1216 3792 1415 3876 industriae
1439 3814 1506 3874 aut
1521 3806 1609 3875 stre-

160 3903 340 4011 nuitatis,
357 3906 655 4020 periculosissime
671 3905 711 3990 in
738 3934 784 3990 ea
799 3933 922 3989 rerum
940 3909 1219 4020 perturbatione
1236 3908 1377 4023 peccari
1399 3935 1523 4022 posse.
1556 3913 1610 3994 At

154 4022 334 4138 'Aegidius
350 4084 363 4129 ,
378 4025 445 4138 qui
458 4026 508 4109 ab
530 4018 700 4110 officioso
719 4021 872 4128 itinere,
892 4049 1109 4138 comparata
1122 4025 1194 4138 jam
1238 4023 1456 4131 tolectione,
1472 4027 1610 4111 abstra-

157 4137 196 4222 hi
233 4140 366 4255 iniquo
381 4143 510 4227 animo
527 4139 669 4227 ferebat
686 4203 698 4247 ,
714 4169 801 4225 cum
826 4169 882 4227 res
911 4172 993 4227 suas
1010 4169 1130 4259 gestas
1161 4058 1394 4229 direntibus
1411 4144 1544 4259 gratias
1569 4173 1605 4228 e·

160 4256 278 4368 gisset
293 4318 306 4361 ,
321 4283 360 4345 et
388 4289 454 4344 sua
477 4260 554 4376 ipse
568 4255 665 4345 facta
681 4283 913 4346 extenuasset
931 4321 943 4367 ,
959 4261 1144 4376 quidquid
1160 4262 1352 4376 gessisset,
1373 4263 1444 4348 Dei
1477 4260 1612 4346 auxilio

154 4397 362 4486 acceptum
395 4375 582 4482 referens,
599 4378 666 4494 qui
687 4379 855 4492 tyrannis
887 4379 1132 4492 hostibusque
1156 4379 1326 4465 ecclesiae
1352 4381 1504 4495 impune
1536 4409 1612 4464 esse

156 4515 242 4575 non
261 4485 387 4576 risisset
402 4525 550 4607 passus:
570 4495 757 4601 „Multos
778 4525 855 4582 esse
885 4497 1049 4595 ostendit
1069 4497 1244 4612 sapientia
1273 4499 1458 4613 simulque
1475 4497 1613 4584 virtute

156 4664 183 4711 ,‚
199 4631 469 4721 praestantes,
489 4615 626 4727 quibus
648 4642 795 4702 summa
824 4614 901 4726 ejus
925 4615 1170 4729 expeditionis
1192 4617 1335 4734 optime
1368 4645 1411 4699 ac
1437 4615 1615 4700 tutissime

34 4738 38 4748 '
153 4777 181 4828 „
195 4724 338 4812 deferri
356 4754 495 4841 posset.
526 4735 702 4836 Severo,
720 4732 748 4815 si
771 4731 875 4817 nullo
893 4762 1033 4850 magno
1045 4735 1201 4851 negotio
1218 4734 1472 4840 distinerettu,
1488 4760 1615 4819 tamen

155 4898 180 4947 ‚,
195 4871 293 4957 post
307 4870 368 4933 tot
383 4846 562 4936 laborum
582 4848 908 4968 discriminumque
930 4879 1078 4938 cursum
1094 4852 1286 4940 hominem
1313 4846 1446 4939 affecta
1469 4876 1613 4956 aetate,

1513 5030 1540 5077 „
1553 4996 1617 5055 ve·
