<?xml version="1.0" encoding="UTF-8"?>
<!DOCTYPE html PUBLIC "-//W3C//DTD XHTML 1.0 Transitional//EN"
    "http://www.w3.org/TR/xhtml1/DTD/xhtml1-transitional.dtd">
<html xmlns="http://www.w3.org/1999/xhtml" xml:lang="en" lang="en">
 <head>
  <title>
</title>
<meta http-equiv="Content-Type" content="text/html;charset=utf-8" />
  <meta name='ocr-system' content='tesseract 3.04.00' />
  <meta name='ocr-capabilities' content='ocr_page ocr_carea ocr_par ocr_line ocrx_word'/>
</head>
<body>
  <div class='ocr_page' id='page_1' title='image "./joannisgenesiis01sepgoog/joannisgenesiis01sepgoog_0106.png"; bbox 0 0 4140 5872; ppageno 0'>
   <div class='ocr_carea' id='block_1_1' title="bbox 1334 418 1547 500">
    <p class='ocr_par' dir='ltr' id='par_1_1' title="bbox 1334 418 1547 500">
     <span class='ocr_line' id='line_1_1' title="bbox 1334 418 1547 500; baseline 0.023 -5"><span class='ocrx_word' id='word_1_1' title='bbox 1334 418 1547 500; x_wconf 80' lang='lat'><strong>&#39;97</strong></span> 
     </span>
    </p>
   </div>
   <div class='ocr_carea' id='block_1_2' title="bbox 120 563 1567 739">
    <p class='ocr_par' dir='ltr' id='par_1_2' title="bbox 120 563 1567 739">
     <span class='ocr_line' id='line_1_2' title="bbox 120 563 1567 739; baseline 0.001 -40"><span class='ocrx_word' id='word_1_2' title='bbox 120 563 1567 739; x_wconf 69' lang='lat' dir='ltr'>JOANNISGENESH</span> 
     </span>
    </p>
   </div>
   <div class='ocr_carea' id='block_1_3' title="bbox 120 780 1520 1173">
    <p class='ocr_par' dir='ltr' id='par_1_3' title="bbox 120 780 1520 1114">
     <span class='ocr_line' id='line_1_3' title="bbox 120 780 1520 953; baseline -0.01 -45"><span class='ocrx_word' id='word_1_3' title='bbox 120 946 126 953; x_wconf 8' lang='grc' dir='ltr'><strong>ἱ</strong></span> <span class='ocrx_word' id='word_1_4' title='bbox 322 932 326 937; x_wconf 13' lang='lat'><em>0</em></span> <span class='ocrx_word' id='word_1_5' title='bbox 421 780 808 905; x_wconf 77' lang='grc' dir='ltr'><strong>ιιιιιινιοιι</strong></span> <span class='ocrx_word' id='word_1_6' title='bbox 860 807 1273 902; x_wconf 70' lang='lat' dir='ltr'><strong>corbonensis</strong></span> <span class='ocrx_word' id='word_1_7' title='bbox 1516 912 1520 925; x_wconf 14' lang='grc' dir='ltr'><em>Α</em></span> 
     </span>
     <span class='ocr_line' id='line_1_4' title="bbox 271 962 1418 1173; baseline -0.007 -59"><span class='ocrx_word' id='word_1_8' title='bbox 271 1031 362 1114; x_wconf 87' lang='lat' dir='ltr'><strong>DE</strong></span> <span class='ocrx_word' id='word_1_9' title='bbox 405 1025 662 1173; x_wconf 87' lang='lat' dir='ltr'><strong>REGNO</strong></span> <span class='ocrx_word' id='word_1_10' title='bbox 708 1028 826 1107; x_wconf 89' lang='grc' dir='ltr'><strong>ΕΤ</strong></span> <span class='ocrx_word' id='word_1_11' title='bbox 847 962 1068 1109; x_wconf 88' lang='lat' dir='ltr'>REGIS</span> <span class='ocrx_word' id='word_1_12' title='bbox 1104 1022 1418 1107; x_wconf 82' lang='lat' dir='ltr'>OFFICIO</span> 
     </span>
    </p>
   </div>
   <div class='ocr_carea' id='block_1_4' title="bbox 352 1227 1557 1551">
    <p class='ocr_par' dir='ltr' id='par_1_4' title="bbox 352 1227 1557 1551">
     <span class='ocr_line' id='line_1_5' title="bbox 453 1227 1320 1343; baseline -0.001 -1.941"><span class='ocrx_word' id='word_1_13' title='bbox 453 1239 768 1342; x_wconf 86' lang='lat' dir='ltr'>LIBER</span> <span class='ocrx_word' id='word_1_14' title='bbox 833 1238 1187 1343; x_wconf 86' lang='lat' dir='ltr'>PRIMUS</span> <span class='ocrx_word' id='word_1_15' title='bbox 1299 1227 1320 1289; x_wconf 30' lang='lat'><strong>‘¹</strong></span> 
     </span>
     <span class='ocr_line' id='line_1_6' title="bbox 352 1409 1557 1551; baseline -0.005 -2"><span class='ocrx_word' id='word_1_16' title='bbox 352 1468 853 1551; x_wconf 70' lang='lat' dir='ltr'><strong>Anemurium</strong></span> <span class='ocrx_word' id='word_1_17' title='bbox 889 1468 1051 1545; x_wconf 73' lang='lat' dir='ltr'><strong>ursa.</strong></span> <span class='ocrx_word' id='word_1_18' title='bbox 1089 1467 1331 1545; x_wconf 77' lang='grc' dir='ltr'><strong>ιιιιιι</strong></span> <span class='ocrx_word' id='word_1_19' title='bbox 1465 1536 1470 1547; x_wconf 81' lang='grc'><strong>,</strong></span> <span class='ocrx_word' id='word_1_20' title='bbox 1554 1409 1557 1431; x_wconf 73' lang='grc'>’</span> 
     </span>
    </p>
   </div>
   <div class='ocr_carea' id='block_1_5' title="bbox 106 1626 1753 4912">
    <p class='ocr_par' dir='ltr' id='par_1_5' title="bbox 120 1626 1564 1831">
     <span class='ocr_line' id='line_1_7' title="bbox 120 1626 1564 1831; baseline -0.007 -23.959"><span class='ocrx_word' id='word_1_21' title='bbox 120 1626 635 1814; x_wconf 81' lang='lat' dir='ltr'><strong>QUAMQUAM</strong></span> <span class='ocrx_word' id='word_1_22' title='bbox 650 1722 827 1830; x_wconf 78' lang='lat' dir='ltr'><strong>detegat</strong></span> <span class='ocrx_word' id='word_1_23' title='bbox 850 1733 888 1802; x_wconf 78' lang='lat' dir='ltr'><strong>et</strong></span> <span class='ocrx_word' id='word_1_24' title='bbox 911 1727 1016 1831; x_wconf 82' lang='lat' dir='ltr'><strong>regis</strong></span> <span class='ocrx_word' id='word_1_25' title='bbox 1033 1713 1359 1826; x_wconf 53' lang='lat' dir='ltr'><strong>rfiittsoscribere,</strong></span> <span class='ocrx_word' id='word_1_26' title='bbox 1386 1736 1426 1798; x_wconf 90' lang='lat' dir='ltr'><strong>et</strong></span> <span class='ocrx_word' id='word_1_27' title='bbox 1447 1741 1564 1830; x_wconf 87' lang='lat' dir='ltr'><strong>quae·¹</strong></span> 
     </span>
    </p>

    <p class='ocr_par' dir='ltr' id='par_1_6' title="bbox 119 1833 1704 2542">
     <span class='ocr_line' id='line_1_8' title="bbox 119 1833 1567 1954; baseline -0.003 -31"><span class='ocrx_word' id='word_1_28' title='bbox 119 1836 237 1923; x_wconf 91' lang='lat' dir='ltr'><strong>stioni</strong></span> <span class='ocrx_word' id='word_1_29' title='bbox 270 1866 351 1951; x_wconf 93' lang='lat' dir='ltr'><strong>pro</strong></span> <span class='ocrx_word' id='word_1_30' title='bbox 372 1837 425 1922; x_wconf 89' lang='lat' dir='ltr'><strong>rei</strong></span> <span class='ocrx_word' id='word_1_31' title='bbox 458 1837 718 1954; x_wconf 84' lang='lat' dir='ltr'><strong>magnitudine</strong></span> <span class='ocrx_word' id='word_1_32' title='bbox 748 1833 951 1923; x_wconf 77' lang='lat' dir='ltr'>satisfacere</span> <span class='ocrx_word' id='word_1_33' title='bbox 978 1868 1075 1953; x_wconf 87' lang='lat' dir='ltr'><strong>opus</strong></span> <span class='ocrx_word' id='word_1_34' title='bbox 1101 1860 1172 1923; x_wconf 88' lang='lat' dir='ltr'><strong>est</strong></span> <span class='ocrx_word' id='word_1_35' title='bbox 1184 1859 1236 1920; x_wconf 92' lang='lat' dir='ltr'><strong>ut</strong></span> <span class='ocrx_word' id='word_1_36' title='bbox 1254 1835 1482 1936; x_wconf 86' lang='lat' dir='ltr'><strong>maximum,</strong></span> <span class='ocrx_word' id='word_1_37' title='bbox 1515 1833 1567 1950; x_wconf 89' lang='lat' dir='ltr'><strong>sic</strong></span> 
     </span>
     <span class='ocr_line' id='line_1_9' title="bbox 121 1946 1567 2187; baseline -0.001 -150"><span class='ocrx_word' id='word_1_38' title='bbox 121 1955 175 2041; x_wconf 94' lang='lat' dir='ltr'><strong>ad</strong></span> <span class='ocrx_word' id='word_1_39' title='bbox 208 1955 472 2090; x_wconf 83' lang='lat' dir='ltr'><strong>praestandum</strong></span> <span class='ocrx_word' id='word_1_40' title='bbox 506 1951 809 2187; x_wconf 83' lang='lat' dir='ltr'><strong>difficillimum,</strong></span> <span class='ocrx_word' id='word_1_41' title='bbox 823 1981 864 2041; x_wconf 88' lang='lat' dir='ltr'><strong>et</strong></span> <span class='ocrx_word' id='word_1_42' title='bbox 885 1957 1023 2092; x_wconf 81' lang='lat' dir='ltr'><strong>quqd</strong></span> <span class='ocrx_word' id='word_1_43' title='bbox 1023 1954 1129 2040; x_wconf 86' lang='lat' dir='ltr'><strong>facile</strong></span> <span class='ocrx_word' id='word_1_44' title='bbox 1157 1953 1270 2068; x_wconf 89' lang='lat' dir='ltr'><strong>possit</strong></span> <span class='ocrx_word' id='word_1_45' title='bbox 1300 1951 1355 2036; x_wconf 90' lang='lat' dir='ltr'><strong>in</strong></span> <span class='ocrx_word' id='word_1_46' title='bbox 1366 1950 1486 2039; x_wconf 83' lang='lat' dir='ltr'><strong>varias</strong></span> <span class='ocrx_word' id='word_1_47' title='bbox 1510 1946 1567 2036; x_wconf 85' lang='lat' dir='ltr'><strong>re</strong></span> 
     </span>
     <span class='ocr_line' id='line_1_10' title="bbox 122 2068 1568 2206; baseline -0.001 -50"><span class='ocrx_word' id='word_1_48' title='bbox 122 2071 433 2187; x_wconf 88' lang='lat' dir='ltr'><strong>prehensiones</strong></span> <span class='ocrx_word' id='word_1_49' title='bbox 423 2076 696 2175; x_wconf 87' lang='lat' dir='ltr'><strong>mcurrere,P</strong></span> <span class='ocrx_word' id='word_1_50' title='bbox 861 2102 925 2158; x_wconf 85' lang='lat' dir='ltr'><strong>rex</strong></span> <span class='ocrx_word' id='word_1_51' title='bbox 948 2073 1180 2161; x_wconf 82' lang='lat' dir='ltr'><strong>invictissime</strong></span> <span class='ocrx_word' id='word_1_52' title='bbox 1210 2095 1251 2158; x_wconf 91' lang='lat' dir='ltr'><strong>et</strong></span> <span class='ocrx_word' id='word_1_53' title='bbox 1278 2068 1568 2206; x_wconf 82' lang='lat' dir='ltr'><strong>humanissime,</strong></span> 
     </span>
     <span class='ocr_line' id='line_1_11' title="bbox 120 2072 1568 2306; baseline 0 -32"><span class='ocrx_word' id='word_1_54' title='bbox 120 2211 257 2275; x_wconf 88' lang='lat' dir='ltr'><strong>tamen</strong></span> <span class='ocrx_word' id='word_1_55' title='bbox 291 2217 372 2274; x_wconf 92' lang='lat' dir='ltr'><strong>non</strong></span> <span class='ocrx_word' id='word_1_56' title='bbox 392 2190 574 2275; x_wconf 89' lang='lat' dir='ltr'><strong>alienum</strong></span> <span class='ocrx_word' id='word_1_57' title='bbox 590 2190 718 2277; x_wconf 88' lang='lat' dir='ltr'><strong>studiis</strong></span> <span class='ocrx_word' id='word_1_58' title='bbox 697 2072 947 2306; x_wconf 54' lang='lat' dir='ltr'><strong>hil¹¹¹olh¹hoque</strong></span> <span class='ocrx_word' id='word_1_59' title='bbox 974 2221 1063 2278; x_wconf 88' lang='lat' dir='ltr'><strong>moo</strong></span> <span class='ocrx_word' id='word_1_60' title='bbox 1096 2188 1179 2277; x_wconf 90' lang='lat' dir='ltr'><strong>fore</strong></span> <span class='ocrx_word' id='word_1_61' title='bbox 1209 2189 1377 2304; x_wconf 84' lang='lat' dir='ltr'><strong>putavi,</strong></span> <span class='ocrx_word' id='word_1_62' title='bbox 1407 2186 1436 2272; x_wconf 91' lang='lat' dir='ltr'><strong>si</strong></span> <span class='ocrx_word' id='word_1_63' title='bbox 1466 2210 1568 2303; x_wconf 79' lang='lat' dir='ltr'><strong>quae</strong></span> 
     </span>
     <span class='ocr_line' id='line_1_12' title="bbox 120 2303 1565 2442; baseline -0.001 -52"><span class='ocrx_word' id='word_1_64' title='bbox 120 2308 149 2390; x_wconf 82' lang='lat' dir='ltr'><strong>a</strong></span> <span class='ocrx_word' id='word_1_65' title='bbox 172 2307 325 2394; x_wconf 90' lang='lat' dir='ltr'><strong>summis</strong></span> <span class='ocrx_word' id='word_1_66' title='bbox 351 2307 436 2396; x_wconf 81' lang='lat' dir='ltr'><strong>vitis</strong></span> <span class='ocrx_word' id='word_1_67' title='bbox 453 2369 472 2413; x_wconf 86' lang='lat'><strong>,</strong></span> <span class='ocrx_word' id='word_1_68' title='bbox 490 2306 558 2442; x_wconf 91' lang='lat' dir='ltr'><strong>qui</strong></span> <span class='ocrx_word' id='word_1_69' title='bbox 585 2309 626 2394; x_wconf 92' lang='lat' dir='ltr'><strong>in</strong></span> <span class='ocrx_word' id='word_1_70' title='bbox 652 2307 722 2394; x_wconf 80' lang='lat' dir='ltr'><strong>hac</strong></span> <span class='ocrx_word' id='word_1_71' title='bbox 744 2307 1020 2423; x_wconf 84' lang='lat' dir='ltr'><strong>philosophiae</strong></span> <span class='ocrx_word' id='word_1_72' title='bbox 1030 2333 1137 2425; x_wconf 92' lang='lat' dir='ltr'><strong>parte</strong></span> <span class='ocrx_word' id='word_1_73' title='bbox 1168 2306 1362 2424; x_wconf 82' lang='lat' dir='ltr'><strong>diligenter</strong></span> <span class='ocrx_word' id='word_1_74' title='bbox 1390 2303 1565 2390; x_wconf 88' lang='lat' dir='ltr'><strong>elabora·</strong></span> 
     </span>
     <span class='ocr_line' id='line_1_13' title="bbox 122 2422 1704 2545; baseline -0.003 -35"><span class='ocrx_word' id='word_1_75' title='bbox 122 2450 245 2532; x_wconf 84' lang='lat' dir='ltr'><strong>runt,</strong></span> <span class='ocrx_word' id='word_1_76' title='bbox 271 2425 552 2521; x_wconf 77' lang='lat' dir='ltr'><strong>convenientia</strong></span> <span class='ocrx_word' id='word_1_77' title='bbox 560 2424 657 2511; x_wconf 89' lang='lat' dir='ltr'><strong>huic</strong></span> <span class='ocrx_word' id='word_1_78' title='bbox 685 2426 773 2511; x_wconf 92' lang='lat' dir='ltr'><strong>loco</strong></span> <span class='ocrx_word' id='word_1_79' title='bbox 794 2427 964 2533; x_wconf 75' lang='lat' dir='ltr'><strong>eradio,</strong></span> <span class='ocrx_word' id='word_1_80' title='bbox 996 2452 1035 2512; x_wconf 89' lang='lat' dir='ltr'><strong>et</strong></span> <span class='ocrx_word' id='word_1_81' title='bbox 1057 2456 1124 2542; x_wconf 84' lang='lat' dir='ltr'><strong>per</strong></span> <span class='ocrx_word' id='word_1_82' title='bbox 1156 2426 1300 2510; x_wconf 90' lang='lat' dir='ltr'><strong>multos</strong></span> <span class='ocrx_word' id='word_1_83' title='bbox 1322 2422 1436 2508; x_wconf 90' lang='lat' dir='ltr'><strong>libros</strong></span> <span class='ocrx_word' id='word_1_84' title='bbox 1441 2445 1563 2545; x_wconf 89' lang='lat' dir='ltr'><strong>spar</strong></span> <span class='ocrx_word' id='word_1_85' title='bbox 1702 2532 1704 2534; x_wconf 6' lang='lat' dir='ltr'>q</span> 
     </span>
    </p>

    <p class='ocr_par' dir='ltr' id='par_1_7' title="bbox 106 2535 1753 4908">
     <span class='ocr_line' id='line_1_14' title="bbox 119 2535 1562 2680; baseline -0.001 -52.903"><span class='ocrx_word' id='word_1_86' title='bbox 119 2548 305 2650; x_wconf 77' lang='lat' dir='ltr'><strong>aarum,</strong></span> <span class='ocrx_word' id='word_1_87' title='bbox 314 2544 374 2630; x_wconf 90' lang='lat' dir='ltr'><strong>ad</strong></span> <span class='ocrx_word' id='word_1_88' title='bbox 396 2569 447 2630; x_wconf 82' lang='lat' dir='ltr'><strong>te</strong></span> <span class='ocrx_word' id='word_1_89' title='bbox 456 2544 652 2639; x_wconf 88' lang='lat' dir='ltr'><strong>mittenda</strong></span> <span class='ocrx_word' id='word_1_90' title='bbox 650 2544 901 2660; x_wconf 83' lang='lat' dir='ltr'><strong>colligerem,</strong></span> <span class='ocrx_word' id='word_1_91' title='bbox 907 2569 966 2630; x_wconf 85' lang='grc' dir='ltr'><strong>ιι</strong></span> <span class='ocrx_word' id='word_1_92' title='bbox 989 2544 1045 2628; x_wconf 91' lang='lat' dir='ltr'><strong>in</strong></span> <span class='ocrx_word' id='word_1_93' title='bbox 1053 2573 1173 2680; x_wconf 84' lang='lat' dir='ltr'><strong>pauca</strong></span> <span class='ocrx_word' id='word_1_94' title='bbox 1193 2535 1446 2627; x_wconf 86' lang='lat' dir='ltr'><strong>conferrem</strong></span> <span class='ocrx_word' id='word_1_95' title='bbox 1419 2567 1562 2669; x_wconf 74' lang='lat' dir='ltr'><strong>,quae</strong></span> 
     </span>
     <span class='ocr_line' id='line_1_15' title="bbox 125 2656 1563 2778; baseline -0.002 -33"><span class='ocrx_word' id='word_1_96' title='bbox 125 2656 218 2745; x_wconf 81' lang='lat' dir='ltr'><strong>dam</strong></span> <span class='ocrx_word' id='word_1_97' title='bbox 249 2659 359 2747; x_wconf 87' lang='lat' dir='ltr'><strong>etiam</strong></span> <span class='ocrx_word' id='word_1_98' title='bbox 383 2662 590 2767; x_wconf 84' lang='lat' dir='ltr'><strong>adderem,</strong></span> <span class='ocrx_word' id='word_1_99' title='bbox 615 2689 729 2778; x_wconf 88' lang='lat' dir='ltr'><strong>quae</strong></span> <span class='ocrx_word' id='word_1_100' title='bbox 741 2690 803 2746; x_wconf 91' lang='lat' dir='ltr'><strong>me</strong></span> <span class='ocrx_word' id='word_1_101' title='bbox 835 2661 939 2778; x_wconf 92' lang='lat' dir='ltr'><strong>longi</strong></span> <span class='ocrx_word' id='word_1_102' title='bbox 966 2663 1188 2777; x_wconf 88' lang='lat' dir='ltr'><strong>temporis,</strong></span> <span class='ocrx_word' id='word_1_103' title='bbox 1182 2660 1507 2772; x_wconf 89' lang='lat' dir='ltr'><strong>multarumque</strong></span> <span class='ocrx_word' id='word_1_104' title='bbox 1505 2683 1563 2742; x_wconf 83' lang='grc' dir='ltr'><strong>ιι-Ι</strong></span> 
     </span>
     <span class='ocr_line' id='line_1_16' title="bbox 122 2774 1753 2913; baseline 0.002 -52.002"><span class='ocrx_word' id='word_1_105' title='bbox 122 2804 211 2861; x_wconf 82' lang='lat' dir='ltr'><strong>rum</strong></span> <span class='ocrx_word' id='word_1_106' title='bbox 246 2807 333 2864; x_wconf 91' lang='lat' dir='ltr'><strong>usus</strong></span> <span class='ocrx_word' id='word_1_107' title='bbox 368 2807 413 2864; x_wconf 92' lang='lat' dir='ltr'><strong>ac</strong></span> <span class='ocrx_word' id='word_1_108' title='bbox 447 2779 601 2913; x_wconf 87' lang='lat' dir='ltr'><strong>diligens</strong></span> <span class='ocrx_word' id='word_1_109' title='bbox 633 2778 847 2867; x_wconf 87' lang='lat' dir='ltr'><strong>obseruatio</strong></span> <span class='ocrx_word' id='word_1_110' title='bbox 878 2781 1047 2884; x_wconf 90' lang='lat' dir='ltr'><strong>docuit,</strong></span> <span class='ocrx_word' id='word_1_111' title='bbox 1078 2781 1171 2866; x_wconf 91' lang='lat' dir='ltr'><strong>dum</strong></span> <span class='ocrx_word' id='word_1_112' title='bbox 1204 2778 1316 2892; x_wconf 87' lang='lat' dir='ltr'><strong>patris</strong></span> <span class='ocrx_word' id='word_1_113' title='bbox 1347 2774 1403 2861; x_wconf 89' lang='lat' dir='ltr'><strong>tui</strong></span> <span class='ocrx_word' id='word_1_114' title='bbox 1433 2775 1644 2872; x_wconf 66' lang='lat' dir='ltr'><strong>Caroliaene</strong></span> <span class='ocrx_word' id='word_1_115' title='bbox 1646 2823 1684 2873; x_wconf 73' lang='lat' dir='ltr'><strong>m</strong></span> <span class='ocrx_word' id='word_1_116' title='bbox 1686 2827 1753 2879; x_wconf 55' lang='grc'><strong>..0.</strong></span> 
     </span>
     <span class='ocr_line' id='line_1_17' title="bbox 119 2883 1751 3032; baseline 0 -54"><span class='ocrx_word' id='word_1_117' title='bbox 119 2895 283 2991; x_wconf 80' lang='lat' dir='ltr'><strong>Maximi</strong></span> <span class='ocrx_word' id='word_1_118' title='bbox 292 2897 563 3029; x_wconf 85' lang='lat' dir='ltr'><strong>Imperatoris,</strong></span> <span class='ocrx_word' id='word_1_119' title='bbox 585 2897 756 3032; x_wconf 81' lang='lat' dir='ltr'><strong>tuasque</strong></span> <span class='ocrx_word' id='word_1_120' title='bbox 780 2921 820 2983; x_wconf 90' lang='lat' dir='ltr'><strong>et</strong></span> <span class='ocrx_word' id='word_1_121' title='bbox 843 2898 964 3015; x_wconf 87' lang='lat' dir='ltr'><strong>gentis</strong></span> <span class='ocrx_word' id='word_1_122' title='bbox 992 2897 1140 2983; x_wconf 85' lang='lat' dir='ltr'><strong>nostrae</strong></span> <span class='ocrx_word' id='word_1_123' title='bbox 1164 2924 1222 2981; x_wconf 89' lang='lat' dir='ltr'><strong>res</strong></span> <span class='ocrx_word' id='word_1_124' title='bbox 1254 2896 1327 2982; x_wconf 87' lang='lat' dir='ltr'><strong>hac</strong></span> <span class='ocrx_word' id='word_1_125' title='bbox 1348 2914 1471 2977; x_wconf 87' lang='lat' dir='ltr'><strong>aetate</strong></span> <span class='ocrx_word' id='word_1_126' title='bbox 1495 2920 1560 3009; x_wconf 91' lang='lat' dir='ltr'><strong>ge·</strong></span> <span class='ocrx_word' id='word_1_127' title='bbox 1544 2883 1751 2995; x_wconf 65' lang='lat'>-,1¹¹¹&#39;·⁵¹⁰·¹¹¹¹</span> 
     </span>
     <span class='ocr_line' id='line_1_18' title="bbox 118 3009 1562 3149; baseline 0 -53"><span class='ocrx_word' id='word_1_128' title='bbox 118 3035 199 3096; x_wconf 82' lang='lat' dir='ltr'><strong>stas</strong></span> <span class='ocrx_word' id='word_1_129' title='bbox 215 3009 360 3099; x_wconf 88' lang='lat' dir='ltr'><strong>Latinis</strong></span> <span class='ocrx_word' id='word_1_130' title='bbox 374 3014 500 3100; x_wconf 88' lang='lat' dir='ltr'><strong>litteris</strong></span> <span class='ocrx_word' id='word_1_131' title='bbox 512 3015 746 3149; x_wconf 89' lang='lat' dir='ltr'><strong>potissimum</strong></span> <span class='ocrx_word' id='word_1_132' title='bbox 762 3016 1001 3122; x_wconf 79' lang='lat' dir='ltr'><strong>mandarem,</strong></span> <span class='ocrx_word' id='word_1_133' title='bbox 1016 3040 1056 3100; x_wconf 89' lang='lat' dir='ltr'><strong>et</strong></span> <span class='ocrx_word' id='word_1_134' title='bbox 1068 3014 1296 3129; x_wconf 83' lang='grc' dir='ltr'><strong>ιιιιιιιίοιιιιι</strong></span> <span class='ocrx_word' id='word_1_135' title='bbox 1318 3039 1450 3129; x_wconf 86' lang='lat' dir='ltr'><strong>regum</strong></span> <span class='ocrx_word' id='word_1_136' title='bbox 1467 3035 1562 3143; x_wconf 29' lang='lat' dir='ltr'><strong>tem-¹</strong></span> 
     </span>
     <span class='ocr_line' id='line_1_19' title="bbox 120 3132 1560 3268; baseline 0.001 -54.003"><span class='ocrx_word' id='word_1_137' title='bbox 120 3156 339 3246; x_wconf 89' lang='lat' dir='ltr'><strong>porumque</strong></span> <span class='ocrx_word' id='word_1_138' title='bbox 366 3133 584 3217; x_wconf 85' lang='lat' dir='ltr'><strong>memoriam</strong></span> <span class='ocrx_word' id='word_1_139' title='bbox 608 3133 861 3268; x_wconf 81' lang='lat' dir='ltr'><strong>cognoscendi</strong></span> <span class='ocrx_word' id='word_1_140' title='bbox 888 3135 1006 3248; x_wconf 87' lang='lat' dir='ltr'><strong>gratia</strong></span> <span class='ocrx_word' id='word_1_141' title='bbox 1035 3134 1269 3248; x_wconf 87' lang='lat' dir='ltr'><strong>replicarem.</strong></span> <span class='ocrx_word' id='word_1_142' title='bbox 1298 3132 1475 3226; x_wconf 89' lang='lat' dir='ltr'><strong>Quarum</strong></span> <span class='ocrx_word' id='word_1_143' title='bbox 1503 3156 1560 3216; x_wconf 90' lang='lat' dir='ltr'><strong>re</strong></span> 
     </span>
     <span class='ocr_line' id='line_1_20' title="bbox 124 3248 1559 3366; baseline 0.003 -34"><span class='ocrx_word' id='word_1_144' title='bbox 124 3274 209 3333; x_wconf 87' lang='lat' dir='ltr'><strong>rum</strong></span> <span class='ocrx_word' id='word_1_145' title='bbox 241 3248 474 3334; x_wconf 89' lang='lat' dir='ltr'><strong>occasionem</strong></span> <span class='ocrx_word' id='word_1_146' title='bbox 506 3250 596 3334; x_wconf 90' lang='lat' dir='ltr'><strong>mihi</strong></span> <span class='ocrx_word' id='word_1_147' title='bbox 634 3250 736 3336; x_wconf 89' lang='lat' dir='ltr'><strong>haud</strong></span> <span class='ocrx_word' id='word_1_148' title='bbox 766 3250 955 3341; x_wconf 89' lang='lat' dir='ltr'><strong>minimam</strong></span> <span class='ocrx_word' id='word_1_149' title='bbox 995 3251 1165 3366; x_wconf 86' lang='lat' dir='ltr'><strong>praebuit</strong></span> <span class='ocrx_word' id='word_1_150' title='bbox 1194 3249 1369 3336; x_wconf 90' lang='lat' dir='ltr'><strong>diuturna</strong></span> <span class='ocrx_word' id='word_1_151' title='bbox 1410 3253 1559 3336; x_wconf 88' lang='lat' dir='ltr'><strong>Romae</strong></span> 
     </span>
     <span class='ocr_line' id='line_1_21' title="bbox 125 3365 1559 3498; baseline 0.004 -50"><span class='ocrx_word' id='word_1_152' title='bbox 125 3365 287 3498; x_wconf 80' lang='lat' dir='ltr'><strong>primum</strong></span> <span class='ocrx_word' id='word_1_153' title='bbox 303 3367 354 3450; x_wconf 90' lang='lat' dir='ltr'><strong>ad</strong></span> <span class='ocrx_word' id='word_1_154' title='bbox 377 3365 635 3480; x_wconf 81' lang='lat' dir='ltr'><strong>pontificiam,</strong></span> <span class='ocrx_word' id='word_1_155' title='bbox 652 3368 820 3453; x_wconf 89' lang='lat' dir='ltr'><strong>deinde</strong></span> <span class='ocrx_word' id='word_1_156' title='bbox 811 3397 848 3452; x_wconf 90' lang='lat' dir='ltr'><strong>tn</strong></span> <span class='ocrx_word' id='word_1_157' title='bbox 864 3368 1045 3483; x_wconf 90' lang='lat' dir='ltr'><strong>Hispania</strong></span> <span class='ocrx_word' id='word_1_158' title='bbox 1064 3370 1114 3454; x_wconf 89' lang='lat' dir='ltr'><strong>ad</strong></span> <span class='ocrx_word' id='word_1_159' title='bbox 1136 3391 1296 3456; x_wconf 90' lang='lat' dir='ltr'><strong>vestram</strong></span> <span class='ocrx_word' id='word_1_160' title='bbox 1317 3366 1440 3452; x_wconf 92' lang='lat' dir='ltr'><strong>aulam</strong></span> <span class='ocrx_word' id='word_1_161' title='bbox 1457 3394 1559 3454; x_wconf 89' lang='lat' dir='ltr'><strong>com·</strong></span> 
     </span>
     <span class='ocr_line' id='line_1_22' title="bbox 127 3481 1559 3601; baseline 0.002 -36"><span class='ocrx_word' id='word_1_162' title='bbox 127 3481 311 3567; x_wconf 85' lang='lat' dir='ltr'><strong>motatio.</strong></span> <span class='ocrx_word' id='word_1_163' title='bbox 329 3488 431 3567; x_wconf 92' lang='lat' dir='ltr'><strong>Nam</strong></span> <span class='ocrx_word' id='word_1_164' title='bbox 454 3509 655 3600; x_wconf 86' lang='lat' dir='ltr'><strong>utramque</strong></span> <span class='ocrx_word' id='word_1_165' title='bbox 674 3511 717 3572; x_wconf 94' lang='lat' dir='ltr'><strong>ut</strong></span> <span class='ocrx_word' id='word_1_166' title='bbox 740 3485 806 3570; x_wconf 92' lang='lat' dir='ltr'><strong>diu</strong></span> <span class='ocrx_word' id='word_1_167' title='bbox 819 3485 979 3573; x_wconf 85' lang='lat' dir='ltr'><strong>colerem</strong></span> <span class='ocrx_word' id='word_1_168' title='bbox 1000 3511 1041 3573; x_wconf 87' lang='lat' dir='ltr'><strong>et</strong></span> <span class='ocrx_word' id='word_1_169' title='bbox 1055 3482 1357 3601; x_wconf 87' lang='lat' dir='ltr'><strong>frequentarem,</strong></span> <span class='ocrx_word' id='word_1_170' title='bbox 1374 3511 1435 3568; x_wconf 87' lang='lat' dir='ltr'><strong>me</strong></span> <span class='ocrx_word' id='word_1_171' title='bbox 1451 3512 1559 3568; x_wconf 85' lang='lat' dir='ltr'><strong>meo·</strong></span> 
     </span>
     <span class='ocr_line' id='line_1_23' title="bbox 127 3599 1558 3735; baseline 0.002 -53"><span class='ocrx_word' id='word_1_172' title='bbox 127 3623 211 3682; x_wconf 84' lang='lat' dir='ltr'><strong>tum</strong></span> <span class='ocrx_word' id='word_1_173' title='bbox 245 3599 454 3686; x_wconf 90' lang='lat' dir='ltr'><strong>studiorum</strong></span> <span class='ocrx_word' id='word_1_174' title='bbox 476 3603 598 3708; x_wconf 80' lang='lat' dir='ltr'><strong>ratio,</strong></span> <span class='ocrx_word' id='word_1_175' title='bbox 630 3625 670 3687; x_wconf 89' lang='lat' dir='ltr'><strong>et</strong></span> <span class='ocrx_word' id='word_1_176' title='bbox 699 3601 923 3689; x_wconf 87' lang='lat' dir='ltr'><strong>Pontificum</strong></span> <span class='ocrx_word' id='word_1_177' title='bbox 952 3631 996 3686; x_wconf 92' lang='lat' dir='ltr'><strong>ac</strong></span> <span class='ocrx_word' id='word_1_178' title='bbox 1016 3603 1185 3718; x_wconf 77' lang='lat' dir='ltr'><strong>ejusdem</strong></span> <span class='ocrx_word' id='word_1_179' title='bbox 1206 3602 1558 3735; x_wconf 75' lang='lat' dir='ltr'><strong>imperatoristua·</strong></span> 
     </span>
     <span class='ocr_line' id='line_1_24' title="bbox 116 3665 1557 3843; baseline 0.005 -45.049"><span class='ocrx_word' id='word_1_180' title='bbox 116 3739 219 3829; x_wconf 88' lang='lat' dir='ltr'><strong>que</strong></span> <span class='ocrx_word' id='word_1_181' title='bbox 231 3717 422 3805; x_wconf 87' lang='lat' dir='ltr'><strong>voluntas</strong></span> <span class='ocrx_word' id='word_1_182' title='bbox 432 3665 602 3806; x_wconf 62' lang='lat' dir='ltr'><strong>indentitl’.</strong></span> <span class='ocrx_word' id='word_1_183' title='bbox 625 3749 706 3836; x_wconf 88' lang='lat' dir='ltr'><strong>quo</strong></span> <span class='ocrx_word' id='word_1_184' title='bbox 733 3721 775 3804; x_wconf 90' lang='lat' dir='ltr'><strong>in·</strong></span> <span class='ocrx_word' id='word_1_185' title='bbox 800 3746 915 3836; x_wconf 88' lang='lat' dir='ltr'><strong>opere</strong></span> <span class='ocrx_word' id='word_1_186' title='bbox 942 3721 1017 3819; x_wconf 89' lang='lat' dir='ltr'><strong>boc</strong></span> <span class='ocrx_word' id='word_1_187' title='bbox 1042 3721 1143 3843; x_wconf 85' lang='lat' dir='ltr'><strong>milri</strong></span> <span class='ocrx_word' id='word_1_188' title='bbox 1153 3721 1333 3832; x_wconf 80' lang='lat' dir='ltr'><strong>majorem</strong></span> <span class='ocrx_word' id='word_1_189' title='bbox 1362 3741 1490 3802; x_wconf 85' lang='lat' dir='ltr'><strong>curam</strong></span> <span class='ocrx_word' id='word_1_190' title='bbox 1516 3740 1557 3805; x_wconf 85' lang='lat' dir='ltr'><strong>er</strong></span> 
     </span>
     <span class='ocr_line' id='line_1_25' title="bbox 124 3832 1552 3953; baseline 0.001 -35"><span class='ocrx_word' id='word_1_191' title='bbox 124 3832 353 3950; x_wconf 86' lang='lat' dir='ltr'><strong>diligentiam</strong></span> <span class='ocrx_word' id='word_1_192' title='bbox 377 3838 630 3924; x_wconf 87' lang='lat' dir='ltr'><strong>adhibendam</strong></span> <span class='ocrx_word' id='word_1_193' title='bbox 652 3836 782 3948; x_wconf 88' lang='lat' dir='ltr'><strong>statui,</strong></span> <span class='ocrx_word' id='word_1_194' title='bbox 811 3838 920 3953; x_wconf 91' lang='lat' dir='ltr'><strong>quod</strong></span> <span class='ocrx_word' id='word_1_195' title='bbox 940 3841 1006 3925; x_wconf 90' lang='lat' dir='ltr'><strong>ad</strong></span> <span class='ocrx_word' id='word_1_196' title='bbox 1016 3864 1054 3925; x_wconf 89' lang='lat' dir='ltr'><strong>te</strong></span> <span class='ocrx_word' id='word_1_197' title='bbox 1082 3834 1231 3926; x_wconf 80' lang='lat' dir='ltr'><strong>tantum</strong></span> <span class='ocrx_word' id='word_1_198' title='bbox 1252 3865 1386 3952; x_wconf 90' lang='lat' dir='ltr'><strong>regem</strong></span> <span class='ocrx_word' id='word_1_199' title='bbox 1418 3835 1552 3921; x_wconf 87' lang='lat' dir='ltr'><strong>scribo.</strong></span> 
     </span>
     <span class='ocr_line' id='line_1_26' title="bbox 116 3952 1554 4089; baseline 0.002 -55.019"><span class='ocrx_word' id='word_1_200' title='bbox 116 3952 372 4088; x_wconf 86' lang='lat' dir='ltr'><strong>Quamquam</strong></span> <span class='ocrx_word' id='word_1_201' title='bbox 399 3955 498 4040; x_wconf 93' lang='lat' dir='ltr'><strong>enim</strong></span> <span class='ocrx_word' id='word_1_202' title='bbox 525 3956 613 4040; x_wconf 90' lang='lat' dir='ltr'><strong>nihil</strong></span> <span class='ocrx_word' id='word_1_203' title='bbox 637 3982 722 4076; x_wconf 89' lang='lat' dir='ltr'><strong>est,</strong></span> <span class='ocrx_word' id='word_1_204' title='bbox 744 3981 788 4041; x_wconf 93' lang='lat' dir='ltr'><strong>ut</strong></span> <span class='ocrx_word' id='word_1_205' title='bbox 809 3957 1005 4062; x_wconf 85' lang='lat' dir='ltr'><strong>arbitror,</strong></span> <span class='ocrx_word' id='word_1_206' title='bbox 1019 3957 1126 4089; x_wconf 81' lang='lat' dir='ltr'><strong>quod</strong></span> <span class='ocrx_word' id='word_1_207' title='bbox 1145 3985 1280 4072; x_wconf 93' lang='lat' dir='ltr'><strong>pro</strong></span> <span class='ocrx_word' id='word_1_208' title='bbox 1241 3952 1428 4066; x_wconf 84' lang='lat' dir='ltr'><strong>tuaplane</strong></span> <span class='ocrx_word' id='word_1_209' title='bbox 1447 3952 1554 4069; x_wconf 88' lang='lat' dir='ltr'><strong>regia</strong></span> 
     </span>
     <span class='ocr_line' id='line_1_27' title="bbox 123 4065 1554 4194; baseline 0 -41"><span class='ocrx_word' id='word_1_210' title='bbox 123 4069 497 4194; x_wconf 80' lang='lat' dir='ltr'><strong>sapientiaconsequi</strong></span> <span class='ocrx_word' id='word_1_211' title='bbox 516 4102 706 4189; x_wconf 86' lang='lat' dir='ltr'><strong>nequeas,</strong></span> <span class='ocrx_word' id='word_1_212' title='bbox 718 4099 854 4158; x_wconf 83' lang='lat' dir='ltr'><strong>tamen</strong></span> <span class='ocrx_word' id='word_1_213' title='bbox 875 4100 914 4159; x_wconf 92' lang='lat' dir='ltr'><strong>te</strong></span> <span class='ocrx_word' id='word_1_214' title='bbox 933 4073 1117 4160; x_wconf 89' lang='lat' dir='ltr'><strong>multum</strong></span> <span class='ocrx_word' id='word_1_215' title='bbox 1104 4100 1235 4186; x_wconf 55' lang='lat' dir='ltr'><strong>juvare</strong></span> <span class='ocrx_word' id='word_1_216' title='bbox 1248 4065 1438 4185; x_wconf 89' lang='lat' dir='ltr'><strong>poterunt</strong></span> <span class='ocrx_word' id='word_1_217' title='bbox 1452 4097 1554 4184; x_wconf 84' lang='lat' dir='ltr'><strong>prae·</strong></span> 
     </span>
     <span class='ocr_line' id='line_1_28' title="bbox 122 4187 1558 4322; baseline 0.003 -56"><span class='ocrx_word' id='word_1_218' title='bbox 122 4212 253 4295; x_wconf 86' lang='lat' dir='ltr'><strong>cepta</strong></span> <span class='ocrx_word' id='word_1_219' title='bbox 263 4213 302 4273; x_wconf 86' lang='lat' dir='ltr'><strong>et</strong></span> <span class='ocrx_word' id='word_1_220' title='bbox 329 4191 476 4276; x_wconf 87' lang='lat' dir='ltr'><strong>monita</strong></span> <span class='ocrx_word' id='word_1_221' title='bbox 502 4219 670 4278; x_wconf 90' lang='lat' dir='ltr'><strong>veterum</strong></span> <span class='ocrx_word' id='word_1_222' title='bbox 697 4193 948 4314; x_wconf 87' lang='lat' dir='ltr'><strong>sapientium,</strong></span> <span class='ocrx_word' id='word_1_223' title='bbox 973 4223 1086 4316; x_wconf 89' lang='lat' dir='ltr'><strong>quae</strong></span> <span class='ocrx_word' id='word_1_224' title='bbox 1096 4192 1171 4305; x_wconf 88' lang='lat' dir='ltr'><strong>ipse</strong></span> <span class='ocrx_word' id='word_1_225' title='bbox 1198 4189 1371 4320; x_wconf 90' lang='lat' dir='ltr'><strong>undique</strong></span> <span class='ocrx_word' id='word_1_226' title='bbox 1397 4187 1558 4322; x_wconf 82' lang='lat' dir='ltr'><strong>diligen</strong></span> 
     </span>
     <span class='ocr_line' id='line_1_29' title="bbox 120 4304 1633 4435; baseline 0.003 -49"><span class='ocrx_word' id='word_1_227' title='bbox 120 4314 189 4386; x_wconf 85' lang='lat' dir='ltr'><strong>tet</strong></span> <span class='ocrx_word' id='word_1_228' title='bbox 218 4305 410 4435; x_wconf 73' lang='lat' dir='ltr'><strong>cpllec&#39;ta</strong></span> <span class='ocrx_word' id='word_1_229' title='bbox 394 4338 445 4391; x_wconf 91' lang='grc' dir='ltr'><strong>ιιι</strong></span> <span class='ocrx_word' id='word_1_230' title='bbox 469 4309 574 4395; x_wconf 88' lang='lat' dir='ltr'><strong>hunc</strong></span> <span class='ocrx_word' id='word_1_231' title='bbox 600 4306 770 4415; x_wconf 79' lang='lat' dir='ltr'><strong>librum,</strong></span> <span class='ocrx_word' id='word_1_232' title='bbox 794 4311 1004 4426; x_wconf 88' lang='lat' dir='ltr'><strong>quemad</strong></span> <span class='ocrx_word' id='word_1_233' title='bbox 1020 4310 1241 4412; x_wconf 83' lang='lat' dir='ltr'><strong>remitto,</strong></span> <span class='ocrx_word' id='word_1_234' title='bbox 1267 4304 1434 4425; x_wconf 76' lang='lat' dir='ltr'><strong>conieci</strong></span> <span class='ocrx_word' id='word_1_235' title='bbox 1455 4304 1633 4402; x_wconf 73' lang='lat' dir='ltr'><strong>sed</strong></span> 
     </span>
     <span class='ocr_line' id='line_1_30' title="bbox 116 4415 1709 4562; baseline 0.003 -59"><span class='ocrx_word' id='word_1_236' title='bbox 116 4415 329 4535; x_wconf 84' lang='lat' dir='ltr'><strong>quoniam</strong></span> <span class='ocrx_word' id='word_1_237' title='bbox 338 4426 465 4512; x_wconf 89' lang='lat' dir='ltr'><strong>omnis</strong></span> <span class='ocrx_word' id='word_1_238' title='bbox 498 4429 547 4513; x_wconf 89' lang='lat' dir='ltr'><strong>tle</strong></span> <span class='ocrx_word' id='word_1_239' title='bbox 570 4456 699 4562; x_wconf 90' lang='lat' dir='ltr'><strong>regno</strong></span> <span class='ocrx_word' id='word_1_240' title='bbox 728 4429 931 4560; x_wconf 80' lang='lat' dir='ltr'><strong>disputatio</strong></span> <span class='ocrx_word' id='word_1_241' title='bbox 960 4457 1056 4513; x_wconf 89' lang='lat' dir='ltr'><strong>cum</strong></span> <span class='ocrx_word' id='word_1_242' title='bbox 1081 4449 1298 4515; x_wconf 81' lang='lat' dir='ltr'><strong>ceterorum</strong></span> <span class='ocrx_word' id='word_1_243' title='bbox 1326 4418 1562 4538; x_wconf 86' lang='lat' dir='ltr'><strong>reipublicae</strong></span> <span class='ocrx_word' id='word_1_244' title='bbox 1708 4521 1709 4525; x_wconf 8' lang='lat' dir='ltr'><strong>q</strong></span> 
     </span>
     <span class='ocr_line' id='line_1_31' title="bbox 125 4543 1553 4671; baseline 0.001 -51"><span class='ocrx_word' id='word_1_245' title='bbox 125 4565 309 4671; x_wconf 85' lang='lat' dir='ltr'><strong>generum</strong></span> <span class='ocrx_word' id='word_1_246' title='bbox 340 4544 656 4631; x_wconf 89' lang='lat' dir='ltr'><strong>commentatione</strong></span> <span class='ocrx_word' id='word_1_247' title='bbox 679 4546 880 4656; x_wconf 79' lang='lat' dir='ltr'><strong>conjuncta</strong></span> <span class='ocrx_word' id='word_1_248' title='bbox 905 4570 998 4649; x_wconf 92' lang='lat' dir='ltr'><strong>est,</strong></span> <span class='ocrx_word' id='word_1_249' title='bbox 1033 4543 1155 4660; x_wconf 91' lang='lat' dir='ltr'><strong>aliqua</strong></span> <span class='ocrx_word' id='word_1_250' title='bbox 1194 4545 1301 4629; x_wconf 89' lang='lat' dir='ltr'><strong>nobis</strong></span> <span class='ocrx_word' id='word_1_251' title='bbox 1327 4566 1440 4628; x_wconf 91' lang='lat' dir='ltr'><strong>erunt</strong></span> <span class='ocrx_word' id='word_1_252' title='bbox 1469 4564 1553 4624; x_wconf 91' lang='lat' dir='ltr'><strong>tum</strong></span> 
     </span>
     <span class='ocr_line' id='line_1_32' title="bbox 108 4655 1554 4797; baseline 0.004 -59"><span class='ocrx_word' id='word_1_253' title='bbox 108 4655 298 4740; x_wconf 86' lang='lat' dir='ltr'><strong>universe</strong></span> <span class='ocrx_word' id='word_1_254' title='bbox 329 4655 382 4742; x_wconf 92' lang='lat' dir='ltr'><strong>de</strong></span> <span class='ocrx_word' id='word_1_255' title='bbox 402 4662 615 4793; x_wconf 89' lang='lat' dir='ltr'><strong>republica,</strong></span> <span class='ocrx_word' id='word_1_256' title='bbox 635 4689 720 4749; x_wconf 90' lang='lat' dir='ltr'><strong>rum</strong></span> <span class='ocrx_word' id='word_1_257' title='bbox 744 4662 793 4745; x_wconf 90' lang='lat' dir='ltr'><strong>de</strong></span> <span class='ocrx_word' id='word_1_258' title='bbox 817 4661 1025 4795; x_wconf 81' lang='lat' dir='ltr'><strong>singulis</strong></span> <span class='ocrx_word' id='word_1_259' title='bbox 992 4691 1074 4772; x_wconf 72' lang='lat' dir='ltr'><strong>erus</strong></span> <span class='ocrx_word' id='word_1_260' title='bbox 1097 4663 1291 4797; x_wconf 90' lang='lat' dir='ltr'><strong>generibus</strong></span> <span class='ocrx_word' id='word_1_261' title='bbox 1323 4657 1554 4745; x_wconf 86' lang='lat' dir='ltr'><strong>disserenda.</strong></span> 
     </span>
     <span class='ocr_line' id='line_1_33' title="bbox 106 4773 1651 4912; baseline 0.002 -55"><span class='ocrx_word' id='word_1_262' title='bbox 106 4773 284 4868; x_wconf 80' lang='lat' dir='ltr'><strong>Quam</strong></span> <span class='ocrx_word' id='word_1_263' title='bbox 311 4774 532 4890; x_wconf 86' lang='lat' dir='ltr'><strong>quaestione</strong></span> <span class='ocrx_word' id='word_1_264' title='bbox 560 4808 605 4864; x_wconf 82' lang='lat' dir='ltr'><strong>ex</strong></span> <span class='ocrx_word' id='word_1_265' title='bbox 633 4779 786 4864; x_wconf 90' lang='lat' dir='ltr'><strong>Graecis</strong></span> <span class='ocrx_word' id='word_1_266' title='bbox 800 4774 1027 4912; x_wconf 86' lang='lat' dir='ltr'><strong>philosophis</strong></span> <span class='ocrx_word' id='word_1_267' title='bbox 1048 4780 1283 4867; x_wconf 86' lang='lat' dir='ltr'><strong>Austotelem</strong></span> <span class='ocrx_word' id='word_1_268' title='bbox 1313 4776 1472 4862; x_wconf 87' lang='lat' dir='ltr'><strong>maxime</strong></span> <span class='ocrx_word' id='word_1_269' title='bbox 1501 4802 1602 4860; x_wconf 66' lang='grc' dir='ltr'><strong>ιιι</strong></span> <span class='ocrx_word' id='word_1_270' title='bbox 1540 4795 1651 4907; x_wconf 50' lang='lat' dir='ltr'><strong>‘priato</strong></span> <span class='ocrx_word' id='word_1_271' title='bbox 1595 4869 1636 4908; x_wconf 39' lang='lat' dir='ltr'><strong>m·</strong></span> 
     </span>
    </p>
   </div>
   <div class='ocr_carea' id='block_1_6' title="bbox 106 4795 1710 5106">
    <p class='ocr_par' dir='ltr' id='par_1_8' title="bbox 106 4795 1710 5106">
     <span class='ocr_line' id='line_1_34' title="bbox 106 4795 1710 5106; baseline 0.01 -132"><span class='ocrx_word' id='word_1_272' title='bbox 106 4916 472 5100; x_wconf 61' lang='lat' dir='ltr'><strong>aquq,squ</strong></span> <span class='ocrx_word' id='word_1_273' title='bbox 502 4896 656 5004; x_wconf 85' lang='lat' dir='ltr'><strong>virurn,</strong></span> <span class='ocrx_word' id='word_1_274' title='bbox 688 4921 727 4984; x_wconf 91' lang='lat' dir='ltr'><strong>et</strong></span> <span class='ocrx_word' id='word_1_275' title='bbox 759 4897 1091 5106; x_wconf 54' lang='lat' dir='ltr'>m¹u¹d1¹hmm</span> <span class='ocrx_word' id='word_1_276' title='bbox 1083 4899 1243 4990; x_wconf 77' lang='lat' dir='ltr'><strong>incivili</strong></span> <span class='ocrx_word' id='word_1_277' title='bbox 1267 4890 1448 5018; x_wconf 86' lang='lat' dir='ltr'><strong>omnique</strong></span> <span class='ocrx_word' id='word_1_278' title='bbox 1476 4795 1710 5101; x_wconf 40' lang='lat' dir='ltr'><strong>maheu</strong></span> 
     </span>
     <span class='ocr_line' id='line_1_35' title="bbox 220 5039 1517 5100; baseline 0.017 -5"><span class='ocrx_word' id='word_1_279' title='bbox 220 5039 276 5097; x_wconf 89' lang='lat' dir='ltr'><strong>om</strong></span> <span class='ocrx_word' id='word_1_280' title='bbox 1497 5039 1517 5100; x_wconf 78' lang='lat'><em>¹</em></span> 
     </span>
    </p>
   </div>
   <div class='ocr_carea' id='block_1_7' title="bbox 0 0 2074 5872">
    <p class='ocr_par' dir='ltr' id='par_1_9' title="bbox 0 0 2074 5872">
     <span class='ocr_line' id='line_1_36' title="bbox 0 0 2074 5872; baseline 0 2"><span class='ocrx_word' id='word_1_281' title='bbox 0 0 2074 5872; x_wconf 95' lang='lat' dir='ltr'><strong> </strong></span> 
     </span>
    </p>
   </div>
  </div>
 </body>
</html>
