4006 5850
95 456 526 611 sonuum.
560 453 897 629 ouuusn
965 358 1528 603 snpnnvmll
1572 476 1573 479 Ν

485 701 1169 823 CORDUBENSIS,

96 1014 102 1021 .
205 973 206 976 ’
294 941 387 1026 DE
414 934 593 1025 FATO
621 937 701 1018 ET
733 929 975 1019 LIBERO
1005 933 1337 1071 ARBITRIQ.
1427 938 1431 942 ’

501 1254 534 1376 ᾗ
586 1287 759 1378 cauea
800 1232 1123 1376 Teucrus...
1260 1211 1276 1223 'i
1324 1250 1338 1401 f

131 1549 161 1629 1.
193 1456 276 1627 IN
290 1542 386 1629 libro
401 1540 621 1654 superiore,
649 1536 796 1652 praesul
824 1535 1087 1642 illustrissime,
1122 1537 1172 1621 ad
1201 1564 1424 1654 argumenta
1450 1546 1546 1629 Stoi·

97 1689 231 1747 corum
249 1722 262 1765 ,
294 1661 361 1775 qui
378 1688 416 1743 se
431 1655 498 1742 fati
514 1657 735 1760 necessitatis
753 1655 1059 1769 pertinacissimos
1076 1680 1258 1768 patronos
1283 1658 1544 1768 exhibuerunt,

100 1777 385 1892 respondimus,
411 1775 653 1889 ipsorumque
670 1775 819 1858 decreta
835 1799 975 1857 mutua
995 1774 1125 1890 pugna
1149 1773 1374 1881 concidere,
1403 1803 1545 1889 aperte,

67 1960 70 1965 ι
99 1896 169 1981 nisi
181 1925 256 1982 nos
286 1895 417 2008 opinio
441 1889 562 1998 fallit,
593 1891 842 2006 exposuimus,
872 1892 1058 2005 Deinceps
1074 1891 1326 1977 incommoda
1348 1921 1547 2010 perseque-

100 2043 186 2098 mur
201 2074 215 2119 ,
231 2042 333 2130 quae
348 2010 599 2099 communiter
623 2028 756 2095 omnes
776 2033 1060 2123 consequuntur
1080 2070 1093 2114 ,
1122 2009 1198 2123 qui.
1214 2005 1365 2095 fatalem
1392 2016 1546 2100 necessi·

101 2155 221 2216 tatem
249 2131 345 2217 tueri
371 2157 611 2245 quacumque
647 2127 792 2211 ratione
824 2151 1011 2212 conantur
1044 2183 1059 2228 ,
1091 2125 1167 2212 sive
1197 2122 1317 2212 fanum
1359 2130 1547 2242 appellent

98 2275 355 2334 connexarum
372 2273 706 2358 consertarumque
724 2270 919 2327 causarum
945 2243 1145 2348 ordinem,
1170 2270 1214 2328 ut
1239 2243 1370 2330 Stoicis
1396 2247 1545 2361 placet,

98 2364 175 2452 sive
191 2366 264 2450 Dei
286 2365 525 2451 voluntatem
561 2385 629 2446 aut
645 2361 1024 2477 praecognitionem,
1048 2360 1376 2475 quemadmodum
1406 2367 1546 2453 Lurhe·

98 2511 161 2568 rus
190 2482 312 2569 dicere
338 2482 500 2569 videtur.
530 2479 626 2564 Illud
640 2479 740 2563 enim
757 2507 936 2592 quaerere
954 2478 1121 2583 omitto,
1148 2503 1380 2594 quamquam
1403 2482 1441 2568 id
1469 2485 1544 2570 bo'·

97 2627 236 2685 norum
248 2601 422 2685 omniurn
448 2623 561 2715 atquc
578 2595 818 2712 prudentium
835 2594 1180 2710 vel'plutimi¹·debet
1196 2597 1380 2684 interesse.
1420 2600 1540 2717 Siquis

96 2743 297 2833 utramque
317 2742 463 2833 partem
480 2745 527 2801 ex
544 2743 669 2830 aequo
695 2714 849 2812 dubiam
865 2739 982 2828 atque
1005 2713 1182 2798 incertam
1199 2743 1276 2802 csse
1291 2739 1455 2824 statuat,
1471 2751 1543 2808 nec

97 2863 175 2922 csse
191 2837 314 2953 magis
330 2834 566 2950 exploratum
584 2831 702 2918 multa
717 2833 755 2916 in
772 2830 950 2916 arbitratu
967 2830 1125 2916 hominis
1151 2860 1227 2916 esse
1241 2834 1360 2954 posita
1377 2894 1391 2939 ,
1409 2861 1451 2922 ut
1475 2838 1542 2952 ipsi

97 2981 291 3039 censemus
311 3014 324 3059 ,
349 2979 388 3039 et
403 2981 527 3037 rerum
545 2974 680 3035 natura
700 2973 889 3053 testatur,
915 2978 1031 3064 quam
1048 2949 1173 3033 omnia
1197 2946 1298 3037 fatali
1327 2954 1541 3044 necessitate

98 3067 200 3176 fieri,
217 3071 302 3158 xutri
320 3068 487 3185 opinioni
502 3067 668 3161 assentiri
683 3063 952 3183 suffiagarique
978 3066 1122 3169 tutius,
1152 3067 1342 3154 honestius
1368 3101 1541 3160 commo·

98 3187 257 3303 diusque
271 3190 414 3280 debeat.
425 3186 650 3273 existimati:
675 3209 822 3272 constat
839 3184 939 3269 enim
956 3185 1005 3271 ad
1022 3184 1237 3300 religionem
1254 3189 1539 3301 moderandam,

97 3307 149 3392 acl
164 3306 537 3392 coetushominum
552 3302 862 3407 conservandos,
894 3327 944 3389 ct*
960 3303 1182 3419 respublicas
1213 3306 1538 3416 administrandas,

98 3451 170 3530 ac,
187 3450 231 3511 ut
245 3424 360 3510 semel
376 3425 523 3529 dicam,
554 3423 605 3508 acl
621 3421 750 3508 omnia
766 3419 919 3526 officia,
947 3449 1154 3536 omnesque
1179 3421 1334 3512 virtutes
1362 3425 1539 3513 colendas

100 3538 215 3657 longe
240 3545 418 3630 tutiorem
441 3569 519 3626 esse
551 3539 772 3625 sententiam
799 3601 812 3645 ,
841 3539 1040 3653 multoque
1068 3542 1379 3653 opportuniorem
1402 3605 1415 3649 ,
1438 3572 1538 3659 quae

101 3658 281 3773 pleraque
308 3659 521 3745 hominibus
545 3686 589 3741 ac
606 3658 769 3772 ipsorum
787 3655 975 3740 arbitratui
1005 3658 1191 3770 permittit.
1223 3664 1325 3745 Nam
1352 3661 1381 3744 si
1402 3656 1539 3749 cuncta

102 3778 318 3864 necessitate
344 3777 421 3862 fieti
437 3775 651 3861 hominibus
684 3771 794 3859 fixerit
810 3779 1037 3890 ¹persuasum
1067 3776 1206 3887 :cujus
1232 3777 1376 3863 animus
1409 3781 1468 3865 vel
1488 3781 1539 3869 ad

100 3897 228 3981 Deum
246 3896 483 3999 colendum,
510 3893 571 3981 vel
588 3894 637 3978 ad
665 3893 835 3979 homines
846 3893 988 3978 uirtute
1004 3894 1279 4002 demetendos,
1308 3921 1347 3982 et
1367 3893 1538 3984 officium
1583 3940 1584 3943 κ

101 4041 210 4099 suurn
229 4013 450 4129 reipublicae
469 4012 734 4127 praestandum
750 4035 893 4097 erectus
917 4015 998 4096 esse'
1009 4012 1174 4125 poterit?
1201 4038 1270 4099 aut
1298 4015 1402 4127 cujus
1424 4045 1538 4116 cona·
1663 4028 1665 4034 '

102 4151 164 4215 tus
182 4133 306 4218 adres
332 4131 536 4247 praeclaras
555 4131 736 4246 gerendas
767 4158 847 4213 non
870 4126 1059 4245 frigebunt
1082 4158 1126 4213 ac
1143 4130 1456 4240 debilitabuntur,
1482 4162 1539 4218 re·

98 4250 288 4360 putantis,
316 4252 434 4335 nihilo
458 4249 573 4334 secius
588 4248 801 4363 quiescente
817 4275 881 4352 se,
909 4277 1025 4360 quam
1057 4247 1198 4332 cunctis
1226 4249 1362 4335 viribus
1391 4276 1429 4337 et
1458 4251 1539 4375 opi·

97 4365 168 4448 bus
186 4367 408 4475 annitente,
432 4396 599 4481 tempto
616 4362 909 4452 fatinecessitate
924 4374 1204 4478 processuram?
1228 4393 1279 4453 ut·
1293 4364 1397 4455 facile
1424 4398 1539 4486 appa·-

97 4506 205 4588 reat,
237 4485 266 4568 si
277 4492 417 4572 neutra
432 4484 617 4572 sententia
643 4485 757 4570 altera
772 4490 867 4569 esset
889 4482 1139 4596 exploratior,
1158 4483 1351 4602 indignum
1378 4517 1454 4575 esse
1483 4514 1539 4574 ta·

98 4630 186 4685 men
214 4631 350 4687 eorum
382 4605 603 4724 gravitate,
627 4602 696 4716 qui
725 4632 765 4687 se
798 4602 991 4738 magistros
1020 4632 1170 4687 morum
1197 4632 1279 4690 esse·
1303 4605 1540 4720 profitentur,
1590 4629 1734 4685 sequuntur

1556 4686 1734 4739 incommoda,

96 4719 323 4805 sententiam
340 4721 389 4804 de
413 4721 625 4807 necessitate
640 4720 759 4824 tueri,
776 4745 815 4806 et
830 4720 920 4805 altos
934 4750 972 4805 rn
985 4750 1069 4807 eam
1084 4722 1261 4809 inducere
1278 4725 1426 4828 conari,
1441 4753 1540 4839 quae
1556 4758 1620 4818 suae
1630 4760 1662 4793 ex
1674 4747 1736 4818 fata·

1543 4810 1576 4854 ·lt
1598 4818 1724 4854 necessita

96 4836 208 4951 plena
235 4838 390 4954 periculi
417 4865 506 4947 est,
528 4837 784 4954 peccandique
806 4834 913 4927 affert
928 4841 1217 4954 auctoritatem,
1244 4867 1282 4946 et
1309 4842 1348 4928 in
1372 4870 1543 4930 omnium
1558 4878 1584 4915 te
1606 4828 1736 4916 eventum]

1393 4937 1399 4946 a

1476 4960 1548 5050 vit·
