4140 5872
406 426 475 502 140
584 406 861 505 vonum
903 401 1137 477 oausstt
1175 397 1605 479 ιιιιιιιιιιιιε

186 558 269 609 vena
288 558 366 607 ιιιει-
379 529 601 648 virtutisque
629 529 820 647 praemia,
849 529 898 614 sic
930 552 1169 642 erratorum,
1193 556 1283 616 curn
1303 555 1486 646 oportet,
1509 528 1662 617 veniam
1693 559 1765 671 per
1796 563 1840 624 se

379 653 501 789 ipsum
532 650 723 757 tribuere,
746 679 888 765 poenas
919 672 1049 733 autem
1078 645 1260 765 legitimas
1291 675 1330 736 et
1352 649 1530 767 supplicia
1556 681 1638 738 non
1670 653 1738 740 nisi
1762 685 1840 778 per

381 771 614 889 magistratus
636 796 674 857 et
705 768 842 884 judices
868 797 994 853 terum
1024 767 1281 882 capitalium
1272 798 1467 888 trtogare,
1496 794 1539 855 ut
1572 770 1665 857 boni
1694 802 1838 910 atege

381 891 571 978 honestari
585 915 638 974 ιι
649 889 808 1007 augeri,
833 887 995 1023 improbi
1023 910 1198 973 autema
1223 886 1351 1008 legum
1376 889 1595 975 custodibus
1619 892 1754 1023 poenis
1779 894 1837 980 le

382 1009 516 1128 girimis
541 1009 651 1146 plecti
675 1008 899 1096 videantur:
932 1006 984 1092 ita
994 1003 1065 1091 fiet
1082 1066 1094 1112 ,
1110 1032 1155 1093 ut
1182 1035 1246 1093 tex
1252 1005 1449 1095 beneficus
1474 1032 1512 1094 et
1530 1008 1657 1096 idem'
1645 1037 1765 1148 putus
1783 1012 1837 1098 ci

363 1155 441 1216 tra
469 1128 641 1217 saevitiae
658 1127 904 1264 suspicionem
930 1126 1137 1212 habeatur.
1166 1132 1235 1213 Est
1258 1129 1358 1214 enim
1376 1158 1516 1331 magna
1542 1157 1627 1246 pars
1645 1128 1836 1245 justitiae,

188 623 248 671 dum
263 620 352 670 danda.

384 1274 423 1334 et
457 1247 719 1364 reipublicae
710 1278 748 1332 m
781 1245 905 1379 primis
928 1236 1094 1331 'salutatis
1121 1243 1256 1332 scelera
1283 1273 1322 1333 et
1346 1243 1430 1337 ftau
1456 1277 1495 1334 es
1513 1249 1592 1355 ,ad
1616 1279 1835 1356 mmmam,

126 1439 128 1442 Α
192 1386 271 1445 mur
273 1399 312 1436 am
336 1388 373 1436 n.
360 1398 504 1486 ·genus
518 1396 635 1455 omne
650 1364 818 1452 maleficii
833 1362 1002 1480 legitimis
1022 1365 1159 1501 poenis
1173 1369 1379 1452 ιοὲιιιιι.
1410 1371 1515 1451 Nam
1541 1367 1644 1454 malis
1669 1368 1858 1456 homini·r
1987 1348 1988 1352 Ν

192 1448 370 1520 cieboiqinsu

191 1508 275 1570 nascit
291 1463 372 1560 mulis
384 1489 454 1573 bus
485 1514 667 1603 parcere,
688 1509 743 1571 ιι
753 1484 894 1599 mitem
916 1512 994 1571 esse
1021 1483 1062 1570 in
1092 1477 1327 1572 facinorosos
1357 1510 1395 1572 et
1421 1480 1710 1593 fraudulentos,
1739 1484 1839 1573 nihil
1938 1498 1941 1504 ’
1986 1471 1987 1474 Ὺ

384 1604 487 1691 aliud
510 1631 566 1694 est
580 1668 593 1713 ,
607 1634 725 1740 quam
747 1604 786 1690 in
809 1603 934 1690 bonos
957 1601 1096 1688 saevire
1112 1667 1126 1711 ,
1141 1631 1310 1719 quorum
1332 1603 1381 1688 illi
1404 1634 1549 1722 pacem
1561 1605 1756 1720 otiumque
1772 1636 1840 1691 so·

384 1724 522 1811 licitare
546 1787 559 1831 ,
583 1750 649 1811 aut
675 1723 788 1810 etiam
822 1721 932 1808 saluti
955 1720 1116 1807 insidiari
1142 1723 1276 1830 soliti,
1309 1719 1483 1810 facilitate
1510 1723 1640 1810 veniae
1670 1723 1719 1808 ad
1743 1720 1841 1808 laci-

384 1871 456 1928 nus
480 1843 710 1932 invitantur.
739 1845 837 1937 Quo
857 1840 975 1959 magis
997 1840 1247 1978 improbanda
1273 1865 1328 1926 est
1352 1842 1565 1977 praesidum
1590 1871 1635 1927 ac
1665 1840 1840 1954 iudicum

385 1964 645 2076 quorumdam
674 1988 741 2046 seu
771 1960 930 2067 levitas,
956 1987 1021 2045 seu
1051 1959 1203 2076 ignavia
1233 1960 1363 2047 vocati
1394 1963 1507 2047 debet
1525 1960 1637 2075 ,qui
1665 1959 1840 2076 precibus

386 2078 505 2186 victi,
530 2080 594 2168 vel
615 2078 729 2164 animr
718 2021 930 2164 mollitia
938 2077 1117 2194 improbis
1146 2102 1186 2165 et
1215 2077 1370 2164 scelestis
1391 2078 1605 2165 hominbus
1634 2107 1724 2164 cum
1749 2109 1840 2163 ma-

194 2281 234 2333 gn
262 2277 376 2329 mmm
388 2225 469 2314 gno
493 2200 686 2318 bonorum
713 2221 751 2283 et
779 2195 1002 2332 reipublicae
1025 2195 1129 2282 malo
1151 2197 1311 2315 gratiam
1339 2197 1567 2284 delictorum
1591 2195 1751 2282 faciunt.
1768 2195 1837 2283 Ad

197 2293 331 2393 onium
388 2316 497 2432 quod
520 2313 661 2403 crimen
684 2316 853 2431 proxime
883 2316 1026 2401 accedit
1058 2317 1317 2431 quorumdam
1336 2302 1552 2402 bonorum
1567 2316 1754 2451 alioquin
1765 2316 1839 2400 hu

388 2463 669 2571 manorumque
686 2434 855 2523 vitorum
886 2462 990 2520 error
1018 2434 1256 2570 importunus
1272 2496 1286 2540 ,
1301 2462 1368 2549 qur
1356 2434 1630 2522 humanitatis
1652 2463 1697 2520 ac
1719 2433 1843 2548 pieta

388 2553 435 2638 tis
457 2552 624 2640 officium
641 2583 717 2638 esse
745 2577 880 2667 putant
896 2613 908 2659 ,
926 2582 998 2668 pto
1020 2552 1182 2666 pessimis
1201 2578 1240 2639 ιι
1264 2552 1443 2640 sceleratis
1465 2568 1515 2639 ιι
1530 2552 1654 2668 impiis
1667 2552 1841 2639 homini-

389 2670 460 2757 bus
486 2672 653 2786 precibus
676 2671 878 2758 ambitiosis
907 2669 1130 2786 quotidiana
1157 2672 1430 2758 consuetudine
1452 2672 1641 2788 supplices
1660 2700 1737 2759 esse
1764 2700 1844 2757 ma·

391 2790 632 2906 gistratibus:
657 2791 766 2905 quod
796 2789 886 2876 nihil
916 2788 1018 2875 aliud
1041 2814 1124 2895 est,
1152 2818 1271 2905 quam
1300 2781 1439 2926 leges·
1423 2819 1506 2876 non
1536 2791 1657 2878 modo
1687 2787 1843 2896 civiles,

389 2910 457 2994 sed
490 2910 604 2996 etiarn
637 2908 781 2997 divinas
813 2932 852 2994 et
885 2906 1100 3013 naturales,
1127 2924 1316 3024 quantum
1348 2934 1404 2995 est
1427 2909 1469 2994 in
1497 2907 1610 3023 ipsis,
1641 2905 1843 3015 frustrati,

391 3056 556 3141 quarum
579 3022 706 3145 legum
730 3025 913 3141 praesidio
940 2969 1133 3113 bonortim
1162 3053 1200 3113 et
1229 3027 1450 3143 reipublicae
1484 3027 1607 3113 otium
1640 3027 1771 3114 nititur
1803 3049 1846 3112 et

393 3143 516 3263 salus
545 3146 680 3267 Cultus
706 3170 834 3231 autem
854 3144 1015 3233 veritatis
1030 3173 1076 3230 ex
1102 3145 1278 3231 omnibus
1310 3173 1438 3263 regem
1465 3147 1673 3282 plurimum
1702 3146 1845 3252 decet,

299 3325 301 3328 -
394 3255 477 3349 non
502 3263 610 3350 dico
611 3256 655 3349 tit
680 3261 796 3350 fidem
811 3291 973 3379 praestet
1001 3287 1040 3349 et
1071 3262 1355 3379 jusjurandum,
1378 3294 1406 3350 st
1395 3264 1576 3380 quod
1568 3293 1607 3348 ιιι
1633 3264 1843 3398 susceptio·

394 3405 447 3467 ne
475 3383 580 3517 regni
608 3382 657 3467 de
689 3380 885 3516 privilegiis
914 3408 953 3469 et
981 3381 1275 3469 immunitatibus
1304 3381 1452 3497 populis
1482 3405 1549 3467 aut
1576 3381 1785 3498 singulis
1750 3380 1846 3467 cavi·

393 3497 495 3586 bus
484 3499 678 3637 rrtogatis,
694 3499 900 3619 ceterisque
914 3499 1085 3587 institistis
1100 3527 1139 3587 et
1156 3500 1322 3587 moribus
1337 3498 1527 3589 servandis
1542 3500 1712 3588 dederit:
1728 3498 1847 3615 quod

394 3615 620 3706 officium
593 3648 670 3705 stne
705 3644 846 3757 magna
877 3619 1050 3736 injustitia
1078 3644 1118 3705 et
1145 3619 1259 3704 animi
1290 3619 1341 3706 ad
1368 3619 1608 3755 tyrannidem
1624 3616 1848 3747 spectantis

201 3729 382 3850 ἓξξξζιῖἒω
395 3739 604 3852 suspicione
633 3739 821 3855 praeteriri
853 3768 934 3825 non
966 3763 1117 3855 potest:
1149 3767 1218 3823 nec
1257 3761 1300 3822 ut
1332 3738 1548 3839 avanitate
1579 3760 1638 3822 et
1624 3723 1847 3824 inutilibus

395 3857 595 3943 mendaciis
621 3858 916 3962 abhorrea13m
927 3884 1022 3995 quo
1046 3884 1226 3994 peccare·
1225 3854 1336 3942 hutilis
1352 3852 1513 3943 hominis
1528 3878 1583 3942 est
1609 3880 1648 3941 et
1674 3885 1849 3942 summae

393 3971 582 4061 levitatis:
618 3981 683 4066 sed
705 4003 750 4064 ut
777 3976 968 4063 neminem
1001 3976 1102 4063 inani
1127 4005 1192 4092 spe
1216 3973 1350 4113 iniecta
1366 3975 1551 4082 deludat,
1568 3974 1755 4060 neminem
1772 3968 1848 4058 fal-

392 4089 462 4177 laci
483 4093 655 4181 oratione
679 4096 968 4183 circumveniat.
991 4101 1096 4180 Nam
1118 4095 1339 4181 sententiam
1362 4095 1550 4181 occultare
1576 4090 1851 4230 rempublicam

392 4211 745 4321 administrantem,
775 4245 862 4330 saep
863 4244 885 4301 e
915 4237 970 4301 est
986 4242 1155 4349 magnae
1179 4213 1428 4329 prudentiae,
1449 4237 1663 4349 praesettrm
1692 4212 1732 4296 in
1760 4211 1851 4297 bel-

393 4325 462 4434 lo,
479 4330 545 4413 ubi
565 4333 678 4417 etiam
700 4277 780 4419 uiili
804 4333 1109 4418 simulationem
1135 4331 1281 4418 insidias
1310 4331 1459 4419 hostem
1483 4330 1755 4464 praecipitare,
1768 4322 1865 4413 lau·.
2003 4409 2004 4423 ,

394 4445 591 4554 didatus,
618 4475 656 4534 et
689 4478 795 4535 more
829 4452 1000 4587 gentium
1023 4478 1066 4536 ac
1096 4451 1175 4564 jure
1192 4451 1323 4538 divino
1349 4477 1387 4536 et
1412 4451 1572 4538 naturali
1596 4447 1853 4568 permittitur.
1960 4534 1963 4538 ,

390 4567 573 4653 Ceterum
604 4567 697 4654 dolo
722 4566 824 4672 malo
850 4573 1040 4655 neminem
1063 4570 1357 4657 circumveniet.

198 4705 272 4813 pales
287 4718 301 4754 a
318 4709 377 4766 rese
450 4685 519 4771 Vl.
591 4686 664 4772 Sed
690 4715 760 4770 nec
784 4715 807 4769 a
835 4682 910 4772 lide
935 4689 1112 4803 temporis
1144 4690 1263 4806 gratia
1290 4688 1350 4774 vel
1366 4687 1562 4797 hostibus,
1578 4687 1640 4776 vel
1665 4685 1854 4802 improbis

143 4918 148 4920 ‚
198 4780 258 4876 alf*
275 4780 378 4819 “mn
389 4825 428 4886 et
453 4803 630 4890 seditiosis
661 4805 803 4892 civibus
830 4805 920 4891 data
947 4835 1011 4891 rex
1038 4806 1153 4923 justus
1179 4832 1218 4892 et
1242 4808 1407 4922 prudens
1432 4839 1615 4946 umquam
1646 4805 1852 4911 discedet,

388 4947 436 5008 ne
457 4951 485 5009 st
476 4920 616 5013 aliter
643 4919 770 5012 fecerit
786 4986 798 5033 ,
815 4924 992 5027 violato
983 4955 1061 5041 ,ure
1087 4926 1259 5046 gentium
1283 4956 1439 5073 omnem
1455 4930 1555 5022 viam
1568 4924 1855 5046 pacificationis

1759 5071 1855 5133 cum
