4006 5850
488 369 566 457 472²
783 363 849 435 DE
876 352 1008 438 PATO
1032 361 1097 435 ET
1122 354 1300 440 LIBERO
1325 359 1565 437 nusssTRIO
1669 399 1671 401 ·

465 491 563 575 ciem
600 514 731 575 veram
762 486 988 605 ‘religionem
1024 512 1219 591 evertere,
1244 512 1284 573 et
1307 474 1501 601 praetextu
1516 487 1663 601 pietatis
1693 484 1915 573 sanctissima

465 635 643 724 quaeque
661 605 961 691 Christianorum
978 606 1145 691 instituta
1171 602 1404 690 labefactare.
1438 610 1571 719 ltaque
1599 606 1723 690 homo
1752 629 1915 690 verstmts

466 752 505 813 et
522 723 695 829 callidus,
728 750 767 809 et
793 724 843 809 ad
870 724 981 810 dolos
1010 723 1423 808 connectendos—mirus
1443 720 1601 830 artifex,
1624 752 1707 808 non
1724 721 1913 834 putavite

467 873 508 930 te
523 841 604 927 fore
620 904 633 946 ,
649 842 771 957 primo
787 869 989 959 congressu
1005 842 1121 955 ipsam
1144 841 1248 928 velut
1272 872 1397 928 arcem
1422 840 1607 956 religionis
1622 842 1807 927 invadere
1824 868 1836 944 3
1852 840 1911 925 scd

467 968 514 1047 ei
529 960 753 1075 quibusdam
769 961 877 1044 rebus
896 1022 907 1064 ,
935 988 1035 1074 quae
1051 959 1239 1045 tenuiores
1254 988 1361 1063 esse,
1390 957 1588 1073 minusque
1609 957 1784 1075 praesidii
1798 957 1909 1041 habe·

469 1107 510 1168 re
525 1079 740 1164 viderentur
759 1137 771 1181 ,
787 1077 967 1192 paularim
979 1077 1030 1162 ad
1046 1107 1193 1162 summa
1210 1076 1429 1191 procedere.

483 1239 503 1260 -ι
531 1197 600 1280 VI.
647 1199 777 1280 Sumta
793 1196 902 1310 igitur
915 1195 1110 1280 occasione
1125 1223 1171 1280 ex
1186 1196 1443 1310 quorumdam
1455 1193 1722 1281 circulatorum
1736 1194 1909 1299 sordibus,

472 1314 540 1432 qui
555 1337 647 1398 tunc
663 1309 761 1398 forte
784 1318 1034 1422 indulgentias
1049 1339 1316 1426 nuncupatas,
1345 1342 1368 1396 a
1396 1310 1578 1397 Pontifice
1606 1315 1777 1399 maximo
1805 1311 1913 1425 justis·

473 1433 569 1519 simis
585 1432 635 1516 de
664 1430 778 1515 causis
806 1432 964 1516 concedi
991 1431 1142 1534 solitas,
1178 1430 1282 1517 velut
1311 1459 1451 1515 merces
1482 1431 1666 1545 quasdam
1698 1432 1913 1546 importune

473 1549 710 1636 venditantes
723 1609 736 1653 ,
749 1577 926 1664 magnam
942 1549 980 1632 in
993 1577 1031 1632 se
1049 1548 1165 1663 plebis
1180 1547 1359 1635 invidiam
1372 1554 1606 1633 concitarant
1625 1581 1634 1634 :
1650 1550 1782 1664 coepit
1798 1550 1835 1633 in
1850 1579 1917 1663 po·

476 1690 649 1754 testatem
664 1671 788 1781 Papae
816 1665 1131 1781 impudentissime
1161 1665 1375 1780 disputare,
1407 1662 1596 1750 affirmans
1625 1671 1756 1781 Papae
1781 1667 1915 1751 nullam

477 1788 555 1871 esse
571 1809 823 1899 potestatem,
846 1783 991 1869 nullum
1006 1784 1062 1895 jus
1086 1784 1125 1867 in
1141 1812 1274 1868 eorum
1292 1784 1432 1869 animas
1452 1842 1465 1886 ,
1487 1784 1554 1898 qui
1582 1812 1673 1868 curn
1700 1809 1827 1870 morte
1851 1784 1917 1895 jam

476 1904 594 1993 vitam
608 1926 914 1987 commutassent.
947 1904 1038 1996 Qua
1052 1931 1093 1986 re
1107 1930 1195 1985 cum
1212 1902 1528 2019 indulgentiarum
1545 1900 1690 1986 illarum
1724 1902 1917 1988 auctoritas

478 2021 680 2137 plurimum
695 2019 1003 2122 imminueretur,
1035 2015 1140 2105 facile
1155 2017 1225 2105 fuit
1238 2020 1428 2105 concitato
1441 2018 1588 2134 vulgo,
1610 2044 1650 2104 et
1668 2019 1917 2106 ministrorum

480 2137 672 2225 avaritiam
688 2161 858 2251 pertaeso
884 2137 1121 2221 mendacium
1136 2135 1226 2221 falsa
1241 2137 1403 2223 veritatis
1432 2137 1551 2250 specie
1574 2164 1811 2251 praetextum
1829 2169 1916 2252 pro-

480 2257 584 2342 bare.
613 2255 697 2339 Tali
714 2283 829 2368 porro
845 2252 998 2340 artificio
1024 2253 1116 2339 illius
1133 2255 1264 2370 populi
1280 2253 1458 2370 patientia
1473 2278 1647 2359 tentata,
1672 2285 1768 2340 curn
1791 2285 1844 2341 res
1866 2255 1913 2340 ad

480 2399 619 2462 votum
635 2372 886 2478 successisset,
913 2371 1035 2457 timidi
1060 2400 1137 2456 esse
1168 2373 1315 2487 putavit
1338 2432 1351 2476 ,
1374 2397 1453 2457 tam
1484 2368 1605 2457 felices
1640 2403 1831 2461 successus
1845 2401 1920 2459 non

482 2520 646 2609 urgere,
675 2515 713 2576 et
740 2489 791 2574 ad
807 2517 962 2574 omnem
988 2487 1178 2574 Pontificis
1203 2491 1351 2574 maximi
1365 2489 1626 2587 auctoritatem
1642 2488 1920 2610 infringendam

455 2603 456 2606 ‘
483 2638 565 2695 non
581 2609 743 2725 graviter
756 2608 972 2722 procedere.
996 2611 1104 2720 Ergo
1119 2608 1224 2722 quasi
1240 2637 1387 2692 summa
1400 2605 1588 2722 pontificia
1600 2634 1771 2722 potestas
1784 2611 1918 2724 absque

484 2756 631 2813 summa
645 2726 837 2810 sanctitate
853 2722 1191 2840 perfectissimisque
1208 2726 1374 2809 moribus
1389 2723 1493 2809 nullo
1509 2750 1681 2838 tempore
1699 2729 1817 2842 possit
1834 2755 1920 2811 con-

486 2844 609 2930 sistere
635 2903 648 2947 ,
670 2843 745 2927 huc
769 2842 893 2955 coepit
917 2870 1050 2926 omnes
1073 2842 1307 2957 loquacitatis
1336 2870 1473 2928 nervos
1503 2845 1773 2951 contendere,
1816 2868 1859 2929 ut
1884 2844 1919 2928 its

489 2961 741 3055 maximorum
749 2957 974 3045 Pontificum
990 2985 1029 3043 et
1045 2958 1299 3045 Cardinalium
1313 2959 1442 3064 vitam,
1466 2988 1584 3074 quam
1602 2961 1766 3047 maxime
1790 2985 1920 3077 posset,

488 3078 669 3185 invidiam
684 3077 902 3162 concitaret.
933 3076 1076 3191 Neque
1092 3078 1192 3161 enim
1207 3078 1384 3164 abhorret
1399 3079 1448 3161 ab
1463 3075 1659 3162 artificiosa
1674 3080 1829 3165 dicendi
1843 3108 1921 3193 pro

489 3197 672 3281 cacitate:
697 3223 782 3310 qua.
802 3192 918 3279 fretus
936 3222 1045 3307 saepe
1068 3193 1258 3280 bonorum
1275 3194 1441 3309 alioquin
1468 3195 1668 3285 hominum
1685 3196 1918 3283 eorumdem·

491 3339 569 3429 que
584 3311 881 3398 doctissimorum
904 3310 1093 3397 rudiorem
1108 3312 1317 3398 orationem
1342 3312 1569 3418 contemsit,
1596 3340 1708 3428 saepe
1735 3314 1921 3429 impetito·

494 3461 580 3518 rum
596 3452 739 3515 mentes
755 3428 890 3533 elusit,
915 3455 1031 3544 atque
1058 3429 1196 3515 dolosis
1220 3430 1419 3517 mendaciis
1444 3426 1648 3517 fascinavit.
1674 3433 1807 3549 Pergit
1823 3432 1922 3548 igitur

493 3548 631 3635 summi
654 3543 842 3632 Pontificis
871 3569 910 3630 et
933 3546 1152 3631 Antistitum
1176 3552 1439 3634 Romanorum
1470 3577 1592 3633 mores
1615 3547 1692 3660 iam
1717 3548 1925 3634 scommatis

497 3693 537 3753 et
553 3665 707 3752 dicteriis
727 3692 773 3747 ex
784 3663 915 3748 intima
940 3663 1170 3750 comicorum
1185 3665 1670 3782 epigrammatariorumque
1703 3664 1859 3752 officina
1872 3667 1926 3752 de

493 3782 665 3898 promtis
678 3780 875 3886 vellicare,
901 3783 1021 3867 modo
1035 3783 1170 3868 tetricis
1183 3784 1304 3870 verbis
1340 3809 1379 3870 et
1406 3782 1582 3902 gravibus
1597 3784 1792 3870 sententiis
1817 3784 1924 3870 acrites

500 3901 701 3988 incessere:
724 3895 852 3983 luxum
877 3897 1072 4009 ipsorum,
1095 3901 1293 3988 invidiosas
1314 3931 1411 4016 opes
1435 3963 1450 4010 ,
1481 3901 1645 3987 habendi
1668 3903 1923 4101 regnandiqpe

437 4125 439 4135 Ι
496 4016 736 4132 cupiditatem
751 4044 816 4130 per
830 4014 1004 4101 callidum
1018 4014 1210 4103 artificium
1225 4048 1462 4135 exaggerans.
1497 4016 1589 4116 Qua
1604 4019 1643 4103 in
1658 4047 1700 4106 re
1725 4018 1827 4106 facile
1894 4018 1924 4106 it

501 4134 643 4222 homini
658 4133 839 4219 maledico
862 4158 900 4219 et
927 4132 1072 4220 dicendi
1087 4136 1226 4221 artibus
1246 4137 1426 4222 instructo
1453 4135 1519 4220 sibi
1544 4136 1776 4224 audientiam
1803 4135 1930 4224 facere.

502 4259 594 4339 Non
607 4251 729 4337 solum
743 4252 832 4365 quia
847 4251 1025 4364 primores
1042 4252 1160 4368 vulgo
1176 4279 1216 4340 et
1239 4255 1468 4340 tenuioribus
1484 4253 1577 4339 odio
1595 4282 1683 4340 esse·
1699 4256 1855 4363 solent,
1872 4254 1930 4341 sed

502 4371 613 4455 etiam
627 4369 716 4482 quia
731 4366 774 4452 fit
789 4368 913 4452 nescio
928 4398 1009 4483 quo
1028 4393 1173 4482 pacto,
1199 4398 1242 4457 ut
1267 4372 1438 4460 homines
1461 4402 1549 4457 curn
1577 4374 1773 4459 bonorum
1804 4373 1931 4460 lauda·

493 4486 621 4572 tiones
642 4484 774 4600 iniquis
797 4485 944 4570 auribus
958 4485 1168 4599 accipiant,
1198 4489 1358 4575 aliorum
1370 4489 1556 4605 vituperiis
1566 4490 1735 4577 maxime
1750 4491 1930 4580 delecten-

367 4628 373 4656 s
491 4629 573 4692 tut.
592 4603 750 4707 Credo„
765 4602 947 4716 quoniam
961 4604 1067 4689 multi
1083 4604 1239 4691 aliorum
1254 4607 1453 4695 virtutibus
1467 4607 1659 4693 laudandis
1673 4637 1742 4695 sua
1758 4612 1831 4695 sibi
1853 4611 1929 4699 vitia

502 4720 713 4839 exprobrari
729 4729 890 4834 putant:
916 4720 997 4834 qui,
1016 4720 1109 4807 side
1126 4723 1218 4810 vitiis
1231 4753 1515 4834 commemores,
1532 4727 1731 4844 gaudent,
1747 4730 1862 4848 quas-1
1873 4729 1931 4836 ds,

499 4872 597 4961 quos
614 4837 914 4957 vituperas,ipsi
928 4836 1063 4953 judicio
1079 4854 1150 4927 tuo
1170 4840 1436 4959 praefemm·
1626 4873 1629 4876 ,
1757 4939 1766 4959 .

1164 4990 1167 4995 Δ
1798 4973 1934 5075 Quam
