4034 5858
612 366 814 439 LIBER
850 366 914 434 111.
1406 391 1472 463 311

52 491 262 586 Proverbiis
278 501 305 576 ι’
320 489 461 574 Melius
480 498 544 571 est
557 487 743 603 „inquit
768 514 892 571 nomen
916 489 1045 573 bonum
1063 548 1075 592 ,
1093 514 1202 595 quam
1225 491 1388 575 divitiae
1404 499 1500 576 mul·
1513 520 1576 581 co·
1591 537 1635 576 ιι.

58 633 147 702 tae:
181 637 219 699 et
243 610 358 695 alio
349 638 389 692 ιιι
423 608 539 692 loco:
566 608 662 688 Mer·
634 614 709 689 ltus
740 622 799 689 est
831 633 955 691 nomen
989 611 1148 741 hristum,
1184 635 1291 713 quam
1321 627 1608 721 unguentariam
1600 659 1644 710 ..7

51 741 251 846 pretiosa.
284 725 418 812 Non
409 726 521 842 rgitur
554 725 740 860 appetitus
765 723 905 840 gloriae
936 756 959 810 a
990 725 1073 812 viris
1106 727 1352 840 prudentibus
1389 756 1579 847 atquecap
1595 783 1638 828 ιι.

57 849 237 966 religiosis
263 847 466 933 damnatur
482 905 494 948 ,
510 842 680 956 sapientis
705 842 805 926 enim
829 869 1071 958 praeceptum
1086 868 1166 928 est:
1194 843 1332 928 Curam
1349 849 1442 931 habe
1460 853 1507 934 de

56 973 144 1053 bono
170 973 337 1056 nomine:
356 988 395 1048 et
411 961 546 1047 Paulus
568 990 638 1045 nos
660 961 699 1045 in
714 960 887 1046 eamdem
904 990 1033 1046 curam
1058 961 1306 1069 adhortatur,
1324 964 1465 1065 dum
1434 993 1504 1055 att:

55 1089 303 1217 Providentes
329 1087 421 1165 bona
451 1108 519 1163 non
541 1085 657 1161 solam
677 1105 805 1163 coram
838 1083 953 1185 Dea,
970 1083 1040 1161 sed
1058 1088 1171 1161 etiam
1195 1107 1321 1165 coram
1354 1087 1507 1169 homae·
1519 1094 1633 1144 ⁴¹¹⁸·-
1612 1110 1700 1149 ξιτ·

56 1207 152 1288 bas:
181 1201 248 1317 qui
280 1224 318 1284 et
348 1197 464 1283 alio
455 1227 494 1280 ιιι
527 1197 614 1281 loco
647 1223 811 1281 mortem
842 1197 908 1281 sibi
944 1197 1133 1312 potiorem
1167 1226 1245 1282 esse
1279 1199 1478 1312 profitetur
1493 1225 1617 1312 ,¹·¹r
1571 1215 1626 1265 θ’·
1647 1228 1672 1276 ⁹·

57 1350 177 1437 quam
203 1343 247 1403 ut
271 1317 321 1401 ab
350 1315 477 1449 aliquo
506 1313 624 1429 gloria
650 1343 717 1399 sua
741 1341 975 1401 evacuetur.
1006 1340 1045 1400 et
1069 1315 1135 1400 ad
1143 1314 1391 1404 Timotheum
1419 1322 1589 1408 scri-101
1603 1350 1691 1417 nm

56 1437 175 1535 bens:
207 1438 391 1544 Oportet,
407 1434 484 1537 ait,
511 1435 750 1565 Episcopum
778 1434 906 1515 bonum
939 1435 1075 1515 babae
1098 1440 1345 1518 testimonium
1370 1440 1458 1520 ab
1441 1448 1507 1544 ris,

60 1581 126 1691 guz
120 1552 253 1660 foris
282 1567 396 1637 suat:
427 1550 538 1666 quod
561 1550 721 1635 maxime
745 1548 920 1685 gloriam
931 1550 1103 1685 attingit:
1132 1551 1199 1635 sed
1217 1553 1402 1664 appetitus
1429 1556 1513 1693 glo·

58 1674 134 1760 riae
164 1687 455 1786 praeposterus,
484 1691 550 1751 aut
578 1696 717 1782 pravus
749 1669 884 1752 merito
910 1666 949 1752 in
984 1668 1119 1771 vitiis,
1149 1669 1366 1782 etquidem
1393 1676 1514 1759 maxi-

61 1791 131 1875 mis
156 1790 347 1874 habetur:
363 1788 467 1872 hunc
491 1784 755 1900 Augustinus,
772 1784 874 1870 hunc
890 1786 1025 1870 Cicero
1040 1784 1226 1890 damnat,
1245 1811 1284 1871 et
1309 1786 1515 1878 libertatem

59 1906 208 2000 auferre
223 1905 342 2009 dicit,
358 1905 462 1989 hunc
475 1931 609 1988 omncs
625 1901 717 1987 boni
746 1929 785 1986 et
813 1902 997 2017 sapientes
1025 1904 1281 1988 detestantur.
1302 1910 1372 1990 Est
1387 1931 1514 1994 autem

55 2055 198 2141 pravus
220 2022 359 2141 gloriae
375 2020 591 2136 apperitus,
607 2046 696 2106 cum
716 2018 745 2103 is
762 2049 844 2107 non
861 2023 910 2107 ad
926 2026 1054 2106 Deum
1080 2050 1349 2136 summumque
1367 2023 1514 2110 bonum

59 2140 246 2246 refertur,
268 2140 335 2225 sed
363 2138 416 2225 ad
444 2135 645 2252 explendas
667 2164 796 2252 turpes
829 2164 898 2224 aut
919 2138 1020 2225 leves
1052 2139 1309 2253 appetentias,
1325 2164 1369 2224 ut
1388 2142 1464 2228 ad
1454 2173 1515 2226 rn-

57 2260 152 2374 justa
175 2257 329 2390 imperia
343 2283 385 2344 et
407 2280 640 2371 potestates,
657 2255 719 2343 vel
734 2259 844 2372 quod
866 2281 921 2343 est
944 2256 1191 2344 leviculorum
1216 2257 1446 2366 hominum,
1464 2262 1514 2348 ad

58 2376 209 2463 inanem
237 2375 451 2489 jactantiam
484 2398 552 2461 aut
583 2399 811 2488 quaestum,
836 2376 946 2490 quod
973 2373 1211 2492 hypocritae
1206 2370 1390 2482 faciunt,
1418 2404 1620 2512 quosaam.
1611 2405 1661 2458 ‚s

57 2519 164 2591 taxat
187 2494 397 2580 Christus
387 2522 427 2578 ιιι
452 2493 650 2610 evangelio
680 2494 773 2577 tuba
801 2516 982 2579 vocantes
1009 2494 1059 2578 ad
1088 2490 1398 2606 eleemosynam,
1415 2520 1455 2579 et
1477 2497 1515 2581 in

60 2612 271 2729 platearum
298 2610 443 2729 angulis
469 2636 508 2697 et
539 2611 742 2726 synagogis
769 2635 949 2714 orantes,
967 2634 1010 2695 ut
1026 2609 1225 2705 videantur
1253 2635 1292 2695 et
1313 2608 1515 2699 laudentur

58 2730 112 2816 ab
137 2729 378 2816 hominibus:
403 2728 493 2816 tales
525 2728 626 2814 enim
650 2757 788 2833 suam,
816 2754 861 2814 ut
892 2727 1061 2813 Christus
1094 2751 1278 2834 testatur,
1302 2733 1513 2817 mercedem

55 2848 232 2936 tulerunt
249 2848 415 2963 ,utique
438 2846 630 2932 laudem
620 2846 813 2958 imperitae
840 2847 1115 2933 multitudinis:
1139 2852 1278 2931 aDeo
1302 2873 1458 2953 autem,
1474 2874 1514 2934 et

61 2964 174 3052 bonis
204 2993 249 3048 ac
276 2963 584 3080 prudentibus
548 2962 632 3051 vnis
661 2990 787 3078 neque
817 2965 1053 3077 praemium,
1079 2992 1204 3098 neque
1229 2963 1415 3081 gloriam,
1447 2967 1513 3053 sed

59 3110 230 3216 poenam
256 3083 381 3197 potius
405 3107 445 3166 et
475 3081 728 3196 vituperium.
745 3086 1007 3193 Praeposterus
1034 3082 1220 3194 appetitus
1249 3107 1332 3187 est,
1350 3084 1416 3199 qui
1440 3085 1514 3171 vir·

58 3223 135 3291 tutr
124 3196 346 3334 gloriam,
364 3228 463 3314 quae
486 3228 613 3286 comes
635 3197 728 3283 illius
745 3227 822 3283 esse
837 3198 951 3284 debet
960 3198 1210 3311 ,atoreponim
1235 3205 1338 3284 Nam
1366 3225 1513 3287 utrum·

59 3344 137 3430 que
161 3316 293 3403 vitium
319 3317 528 3431 cupiditatis
553 3317 749 3404 obscurat
761 3259 999 3453 splendorem
1029 3314 1197 3432 gloriae,
1218 3341 1259 3403 et
1287 3317 1512 3439 soliditatem

59 3433 286 3533 exhaurit
250 3463 505 3550 ,inanemque
526 3433 682 3521 reddit.
786 3446 788 3449 ’
1638 3534 1650 3545 ,ξ

108 3553 266 3638 Χ.ΧιΧ
326 3553 363 3640 si
389 3554 567 3640 derecto
590 3552 701 3668 igitur
729 3550 880 3677 gloriae
897 3510 1136 3668 honestoque
1164 3553 1333 3668 appetitu
1351 3554 1512 3643 solicitus

60 3698 103 3754 es
119 3729 132 3774 ,
148 3670 308 3784 primum
336 3671 397 3758 hic
421 3699 504 3756 ιιοιι
535 3695 590 3756 est
620 3670 738 3787 magis
768 3694 902 3754 contra
933 3669 1150 3787 religionem
1169 3732 1181 3775 ,
1197 3700 1314 3785 quam
1330 3673 1513 3761 valetudi-

60 3787 120 3882 nis
136 3847 149 3893 ,
165 3808 283 3904 quam
306 3789 509 3893 scientiae,
534 3817 650 3903 quam
677 3787 890 3876 divitiarum
923 3789 1119 3876 moderata
1149 3789 1357 3901 cupiditas:
1375 3790 1512 3878 deinde
1635 3902 1637 3906 .
1684 3896 1687 3902 r

61 3903 226 4022 gloriam
255 3906 400 3994 ratione
421 3932 579 4042 petere,
597 3935 677 3992 non
706 3930 761 3992 est
790 3905 985 4020 proprium
1014 3907 1107 3993 boni
1139 3906 1367 4022 nobilisque
1377 3909 1511 4016 militis,
1568 3922 1572 3929 ”
1685 3907 1687 3911 ’

63 4023 127 4137 sed
153 4024 367 4112 communis
398 4026 433 4110 ei
459 4054 548 4111 cum
574 4025 751 4111 omnibus
779 4025 937 4139 probis,
955 4024 1120 4111 honestis
1153 4053 1197 4109 ac
1223 4023 1461 4112 liberaliter
1451 4057 1511 4112 rn-

62 4138 197 4226 stitutis
225 4143 465 4248 hominibus,
482 4144 560 4231 sive
575 4142 659 4278 quis
693 4143 732 4227 in
758 4171 849 4257 pace
882 4143 1069 4256 republica
1099 4142 1421 4231 administranda
1410 4147 1511 4257 rusti·

62 4254 155 4340 tiam
187 4259 314 4367 colat,
330 4291 397 4348 seu
429 4260 547 4350 vitam
575 4262 761 4375 privatam
789 4289 878 4346 cum
900 4262 1064 4391 egregia
1079 4260 1218 4347 virture
1246 4288 1286 4348 et
1315 4263 1509 4385 botrorum

59 4322 333 4489 approbatione
361 4379 495 4496 degat.
527 4384 660 4495 ltaque
692 4380 955 4497 Augustinus,
974 4406 1078 4491 curus
1110 4402 1155 4464 tu
1183 4379 1273 4464 mihi
1303 4379 1508 4467 testimoni·
1521 4394 1702 4503 gaug-‚¹¹

57 4519 127 4576 um
151 4491 376 4606 objiciebas,
392 4526 563 4584 amorem
587 4496 721 4585 laudis
731 4522 927 4613 peccatum
957 4523 1034 4580 esse
1061 4496 1282 4604 statuentis,
1299 4497 1400 4585 idem
1425 4528 1558 4623 (ιιι-ξ,
1553 4458 1663 4623 aggf*
1659 4468 1704 4567 55·

60 4610 187 4696 delem
210 4639 287 4699 esse
318 4615 436 4721 dicit,
454 4617 482 4702 si
502 4615 586 4733 quis
609 4625 709 4702 recte
736 4613 824 4700 facti
844 4612 1069 4700 conscientia
1094 4610 1210 4702 fretus
1235 4559 1373 4701 lainam
1402 4591 1567 4702 suamm

59 4754 306 4821 contemnat:
329 4731 478 4839 idest,
502 4764 574 4848 pto
607 4734 724 4819 nihilo
753 4734 869 4821 ducat
899 4731 1004 4847 quid
1015 4732 1187 4820 homines
1217 4734 1266 4819 de
1298 4761 1335 4818 se
1361 4734 1421 4819 vel
1450 4735 1506 4821 lo·

58 4873 232 5019 quanam
251 4850 314 4945 vel
326 4850 521 4944 mutant:
540 4876 590 4940 ut
598 4851 857 4968 intelhgatur,
871 4849 949 4937 ab
940 4881 1021 4966 rpso
1044 4880 1126 4941 non
1146 4849 1289 4939 omnis
1296 4851 1427 4958 laudis
1440 4877 1508 4967 ap

1443 4999 1505 5083 pe·
