4034 5858
329 143 344 202 l

287 404 321 467 x
552 401 750 476 ottarro
776 397 846 471 nr>
872 386 1055 470 cruor,
1076 394 1122 465 v,
1259 382 1263 391 '
1345 443 1349 452 ·
1468 420 1561 492 373w

114 558 154 623 et
168 533 335 650 Assyriae
356 593 369 638 ,
399 525 636 642 Arabiaeque
661 522 771 611 felicis
789 521 934 610 divitias
955 544 994 607 et
1022 521 1234 607 ubertatem
1259 514 1428 605 sileamus
1445 580 1456 624 ,
1475 522 1561 610 Asia

113 654 266 760 minor,
283 670 369 768 ¹qua
385 642 525 735 multae
541 671 671 762 gentes
689 646 809 730 modo
827 663 1058 728 memoratae
1080 641 1349 741 continentur,
1383 662 1461 722 tarn
1475 642 1561 755 opi-

112 757 173 856 ma
198 798 281 877 est,
316 796 356 856 et
379 763 766 855 omniumfructuun
805 761 1057 879 pastionisque
1088 787 1131 842 ac
1155 786 1281 842 rerum
1313 760 1560 870 exportanda·

110 917 195 974 turn
211 886 335 995 ferax,
368 913 412 974 ut
426 917 472 974 ex
483 888 559 973 whac
573 910 650 970 una
670 877 1010 1000 populoRomano
1027 875 1168 988 maiora
1194 874 1426 994 vectigalia,
1443 905 1560 992 quarn

110 1036 158 1094 ex
173 1034 256 1096 tota
281 1015 439 1122 Europa
453 1005 590 1111 fuisse,
619 1028 790 1092 veterum
806 997 1033 1086 testimoniis
1050 994 1297 1114 acceperimus
1314 1026 1323 1078 :
1352 1017 1468 1110 atque
1485 997 1558 1086 hoc

108 1150 284 1242 ternpore
301 1150 479 1232 constat,
503 1126 601 1211 hanc
618 1121 694 1239 regi
710 1116 922 1240 Turcarum
937 1143 1016 1202 tarn
1041 1112 1239 1230 invidiosas
1255 1142 1346 1228 opes
1371 1113 1475 1202 velut
1491 1146 1558 1231 pe·
1652 1204 1655 1208 ,
1687 1162 1704 1191 s

108 1272 266 1333 rennem
285 1232 784 1358 inexhaustumquelontem
802 1235 1098 1323 subministrare.
1271 1315 1274 1321 f

171 1365 295 1449 Xch‘-
332 1363 444 1460 Quin
459 1356 598 1478 igitur,
619 1359 756 1450 Caesar
774 1421 786 1464 ,
806 1352 1086 1474 expergisceris,
1113 1377 1152 1438 et
1167 1350 1321 1469 impiger
1344 1351 1445 1440 viam
1462 1352 1561 1443 hanc

10 1475 11 1478 Ὺ
108 1475 342 1597 ingrederis,
366 1500 482 1597 quarn
499 1471 565 1569 tibi
594 1470 671 1564 lata
689 1476 879 1591 Deusque
895 1475 1018 1560 adres
1042 1475 1245 1576 maximas,
1271 1495 1309 1556 et
1324 1470 1559 1565 orbisterra·

108 1624 197 1685 rum
218 1599 414 1714 imperium
443 1606 770 1687 commonstrant?
807 1600 869 1680 An
894 1622 987 1681 vero
1020 1616 1063 1678 tu
1095 1590 1195 1676 solus
1227 1614 1332 1675 tuam
1367 1588 1560 1681 fortunam

110 1713 331 1831 ignorabis?
361 1720 409 1805 de
424 1748 502 1835 qua
518 1718 568 1803 sic
586 1745 719 1802 omnes
745 1714 917 1801 mortales
933 1711 1164 1829 opinantur,
1187 1737 1275 1796 cum
1297 1707 1450 1798 videant
1483 1709 1568 1801 feli-

108 1834 272 1922 cissimos
287 1836 430 1951 ubique
448 1861 633 1922 successus
656 1862 772 1942 tuos,
799 1859 838 1920 et
859 1860 1004 1950 practer
1021 1833 1193 1919 omnium
1209 1832 1427 1948 opinionem
1445 1832 1560 1917 mira·

109 1949 199 2039 biles
215 2016 228 2061 ,
256 1983 301 2039 ac
320 1953 476 2042 vicissim
500 1954 729 2039 misemndos
745 1983 877 2039 eorum
898 1981 1031 2057 casm,
1053 1951 1283 2067 quicumque
1309 1975 1348 2036 tc
1367 1950 1418 2035 ad
1438 1950 1559 2037 inimi·

109 2070 212 2157 citias
234 2073 313 2162 sive
337 2073 475 2158 bellum
500 2071 822 2186 provocaverint,
852 2097 970 2158 utres
991 2098 1072 2158 tuas
1100 2099 1179 2154 non
1198 2069 1336 2165 viribus
1360 2069 1562 2159 hominum

107 2189 187 2304 geri
212 2199 380 2304 putent,
410 2217 477 2277 aut
508 2191 682 2276 humano
710 2190 891 2296 consiliu,
919 2192 984 2277 sed
1016 2218 1194 2305 superum
1224 2186 1490 2303 providentia,
1520 2214 1560 2279 et

108 2309 284 2421 propiore
307 2310 379 2394 Dei
396 2339 485 2394 cura
518 2308 750 2426 gubernari,
780 2334 818 2394 et
836 2333 874 2393 te
890 2309 1002 2394 tacita
1018 2308 1090 2393 Dei
1116 2327 1212 2396 voce
1236 2309 1286 2395 ad
1308 2304 1561 2423 rerumfasti·

108 2423 215 2540 giuur
236 2427 398 2513 evocari.
431 2432 516 2543 Age
533 2427 659 2544 igitur,
674 2433 882 2541 Imperator
904 2424 1131 2532 felicissirne,
1158 2451 1196 2512 et
1223 2439 1357 2514 omnes
1373 2452 1560 2513 vcunctan-
1589 2457 1738 2515 concinno.

110 2540 150 2626 di
175 2573 298 2630 motas
319 2533 500 2658 abrumpe
526 2606 538 2649 ,
562 2545 779 2661 omissisque
796 2544 854 2659 lris
883 2545 1010 2649 bellis,
1035 2573 1162 2661 quae,
1190 2547 1218 2630 si
1248 2558 1378 2630 veru'rn
1406 2550 1560 2661 quaeri·
1660 2643 1661 2648 p

106 2687 220 2769 mus,
249 2692 381 2776 parum
409 2663 550 2763 habent
576 2688 614 2747 et
648 2663 899 2765 emolumenti¹
934 2687 972 2748 et
1005 2661 1220 2781 dignitatis,
1255 2663 1559 2780 optatissimusque

106 2808 200 2893 pace
223 2780 438 2868 Christianis
454 2780 628 2887 reddita,
652 2782 701 2868 ad
732 2784 825 2868 haec
852 2812 922 2900 pro
949 2812 1039 2888 eta,
1072 2782 1110 2866 in
1137 2783 1230 2865 hace
1259 2807 1345 2867 toto
1365 2783 1494 2868 animo
1519 2810 1559 2875 et

104 2899 252 2999 cunctis
274 2900 408 3016 opibus
430 2899 643 3007 incumbe,
674 2899 723 2985 ad
754 2931 855 3019 quae
880 2816 1053 3011 ¹odicium
1079 2925 1117 2986 te
1149 2900 1383 3015 Imperatoris
1411 2929 1557 3012 vocat,
1629 2911 1633 2918 ’

105 3015 224 3129 pietas
241 3019 415 3105 hortatur
431 3044 513 3103 turn
530 3018 568 3103 in
586 3019 742 3135 patriam
760 3083 773 3127 ,
800 3045 883 3108 tum
911 3021 949 3104 in
976 3025 1101 3105 Deum
1119 3043 1157 3105 et
1189 3018 1433 3135 religionem,
1457 3051 1558 3136 quae

104 3159 194 3219 curn
222 3133 392 3223 libertate
416 3161 455 3222 et
486 3136 602 3248 salute
630 3138 851 3253 reipublicae
887 3138 1118 3224 Christianae
1143 3136 1262 3249 (hacc
1295 3138 1394 3222 eninr
1420 3165 1557 3226 cuncta
1599 3181 1601 3187 s

104 3250 282 3368 implicita
305 3256 402 3341 inter
417 3285 456 3340 se
486 3281 574 3342 sunt
597 3280 713 3372 atque
739 3257 972 3372 cohaerent)
1001 3258 1038 3341 in
1054 3284 1243 3342 summurn
1277 3255 1469 3342 discrimen
1487 3260 1556 3345 ad·

105 3370 269 3458 ducitur.
305 3379 482 3460 Succurre
509 3376 576 3489 pio
606 3373 736 3482 fratri,
761 3373 817 3462 let
834 3405 947 3491 opem
972 3375 1099 3461 cereris
1119 3373 1334 3461 Christianis
1355 3375 1555 3462 laboranti-

80 3487 202 3595 bus,
232 3490 299 3607 qui
329 3493 434 3578 tuam
461 3490 574 3589 fidem
604 3521 693 3578 cum
722 3494 864 3610 gemitu
887 3519 926 3578 et
952 3493 1123 3607 lacrymis
1150 3492 1353 3608 implorant
1377 3496 1554 3582 adversus

103 3608 356 3696 saevissimum
374 3612 522 3696 hostem
541 3671 553 3718 ,
591 3612 657 3726 qui
681 3613 762 3696 orbi
779 3611 1014 3717 Christiane,
1045 3610 1317 3699 sidurissimam
1336 3612 1553 3700 servitutem

103 3727 358 3835 recusaverit,
387 3728 560 3844 supplicia
579 3754 618 3815 et
646 3729 830 3816 excidium
852 3729 1067 3816 minitatur.
1106 3737 1149 3816 ln
1164 3759 1279 3846 quern
1299 3731 1348 3815 sic
1371 3731 1554 3819 animatus
1598 3839 1601 3843 ι

1 3895 2 3898 ¹
103 3872 182 3930 esse
199 3845 312 3932 debes
332 3847 409 3951 ,sic
435 3871 518 3932 tota
535 3861 660 3934 mente
675 3849 725 3934 ad
742 3846 971 3934 hocbellum
987 3848 1225 3954 incumbere,
1241 3876 1320 3933 non
1335 3848 1555 3935 utsatish'a·

107 3961 196 4048 beas
211 3964 390 4081 ignavam
404 3965 682 4051 multitudinem
701 3991 849 4052 nostrae
880 3966 1083 4052 discordiae
1099 3965 1277 4051 fidentem
1293 4002 1307 4072 ,
1325 3994 1364 4053 et
1379 3962 1417 4052 se'
1433 3997 1554 4083 parvo

104 4107 273 4169 successu
290 4082 493 4196 jactantem
511 4114 534 4169 a
565 4083 700 4169 nostris
728 4084 930 4170 cervicibus
948 4085 1122 4199 repellere
1139 4113 1151 4187 3
1176 4086 1240 4170 sed
1258 4111 1299 4171 ut
1312 4085 1438 4172 hostes
1455 4088 1554 4201 ipsos

105 4198 207 4283 vela
233 4225 270 4286 te
286 4202 439 4317 tuisque
460 4201 609 4309 victos,
631 4202 692 4289 vcl
716 4199 858 4320 (quem
875 4203 1049 4289 nuntium
1066 4206 1107 4285 in
1123 4202 1233 4287 horas
1260 4204 1462 4318 exspecto)
1488 4235 1554 4290 an-

105 4336 263 4428 tequam
279 4345 325 4407 tu
353 4321 439 4407 illuc
456 4349 544 4406 cum
561 4322 722 4407 exercitu
745 4322 859 4438 possis
875 4323 1091 4437 pervenire,
1120 4319 1259 4407 virtute
1272 4326 1557 4412 Germanorum

105 4432 299 4547 repulsos,
333 4464 549 4526 constanter
571 4469 690 4556 usque
706 4442 744 4523 in
760 4441 933 4526 intimum
954 4466 1114 4555 regnum
1131 4438 1260 4553 plenus
1276 4439 1412 4526 fiducia
1427 4467 1466 4529 et
1482 4444 1556 4528 ala-

102 4550 234 4636 critate
269 4558 523 4672 persequaris,
551 4583 601 4644 ne
618 4558 756 4645 viribus
772 4558 965 4664 resumtis,
996 4557 1104 4673 quod
1132 4574 1177 4643 ea
1193 4559 1253 4644 via
1275 4589 1355 4644 non
1371 4589 1554 4675 proeesse·
1754 4563 1757 4571 ’

101 4668 176 4774 rit,
197 4670 267 4756 alia
285 4674 511 4790 'expeditiore
529 4677 768 4794 aggrediatur
786 4739 798 4782 ,
827 4702 866 4763 et
882 4705 1026 4791 semper
1042 4675 1134 4762 illius
1162 4678 1348 4766 adventus
1375 4678 1419 4763 sit
1450 4679 1557 4764 Chri
1649 4664 1697 4787 ’ἦ

103 4788 230 4875 stianis
253 4818 342 4877 cum
360 4818 545 4908 perpetua
562 4793 797 4881 solicitudine
825 4795 1166 4909 pertimescendus3
1195 4820 1239 4881 ut
1256 4797 1424 4882 miseram
1436 4801 1559 4885 Grae·

102 4904 202 4995 ciam
214 4934 254 4997 et
269 4909 445 5005 finitimas
461 4912 760 5004 Christianorum
776 4915 946 5033 regiones
962 4943 1051 5004 cum
1067 4913 1254 5037 Byzantio
1279 4916 1378 5034 regia
1393 4910 1559 5122 jabdpri-

872 5088 875 5093 .
1221 5071 1224 5077 ·
1495 5064 1556 5122 ern
