4050 5858
571 386 576 394 ‘
614 376 649 444 'L
667 374 821 446 I'BE'R
873 374 919 441 11.
1440 382 1506 467 265

74 527 132 587 ex
161 495 334 586 omnibus
350 492 569 583 virtuibus
592 491 744 582 finnitas
768 492 887 582 animi
910 497 949 582 in
979 496 1053 584 hac
1083 498 1313 610 potissimum
1340 497 1533 595 elucescat.

76 619 210 729 ..Quod
238 616 326 703 mihi
342 615 490 703 videtur
520 615 727 730 Gregorius
741 674 754 719 ‚
770 644 820 701 ne
842 614 1202 703 novuminventum
1227 645 1305 701 esse
1333 641 1470 730 putes,
1487 644 1530 711 ut

85 737 262 853 pleraque
284 734 354 820 alia
381 733 419 819 in
443 731 663 849 quaestione
685 762 836 820 morum
860 762 883 817 a
912 735 1095 820 Cicerone
1111 759 1325 821 mutuatus.
1351 738 1469 848 Cujsu
1482 765 1527 823 ca

80 855 199 940 uerba
213 876 303 940 sunt
322 851 361 935 in
378 851 503 964 primo
526 849 576 936 de
598 849 760 956 Officiis
774 851 993 941 volumine:
1018 854 1172 953 Omnino
1187 851 1314 957 fortis
1330 863 1527 938 animaret

81 997 238 1082 magnas
268 971 412 1053 duabus
440 971 551 1053 rebus
574 977 735 1054 maxime
763 976 931 1055 canitur
948 1000 959 1056 τ
975 993 1132 1077 quarum
1157 995 1231 1052 aaa
1257 977 1298 1050 itt
1321 998 1444 1054 rerum
1459 999 1526 1056 ex·

77 1103 275 1175 ternarum
305 1091 552 1194 despicientia
576 1097 763 1195 partitae,
780 1116 863 1172 cum
887 1106 1112 1197 persuasum
1143 1096 1196 1170 sit
1213 1145 1227 1193 ,
1243 1088 1339 1170 nihil
1367 1091 1524 1196 homini,

77 1214 160 1292 ,nisi
188 1211 287 1314 qaod
298 1208 499 1290 ‘metum
513 1207 756 1312 decorumque
767 1214 852 1311 sit,
867 1223 935 1289 aut
962 1221 1122 1315 optare,
1142 1221 1208 1288 aaa
1235 1219 1411 1313 expetere
1426 1224 1526 1315 opor,-

82 1338 165 1409 tere
183 1354 193 1409 :
209 1331 299 1408 nulli
323 1349 435 1429 neque
459 1327 594 1410 homini
610 1381 624 1429 ‚
641 1350 753 1431 neque
768 1327 1078 1433 perturbationi,
1094 1349 1209 1432 neque
1227 1323 1409 1427 fortunae
1434 1351 1524 1424 suc-

82 1443 281 1527 aumbere.
308 1443 437 1537 Quam
472 1441 609 1528 deinde
643 1465 788 1556 partem
815 1441 868 1528 ita
899 1442 1131 1558 persequitur
1161 1441 1326 1545 Cicero,
1359 1464 1403 1526 ut
1433 1440 1523 1528 eum

114 1557 185 1645 ‘cas
215 1587 297 1645 non
329 1559 379 1646 de
411 1585 489 1644 una
523 1559 693 1676 quadam
727 1584 866 1674 parte,
897 1562 963 1648 sed
995 1561 1045 1648 de
1081 1582 1169 1648 toto
1208 1584 1346 1675 genere
1379 1558 1524 1648 venatis

83 1674 286 1764 disserere.
1047 1724 1051 1731 ·
1086 1743 1089 1749 s
1254 1731 1268 1760 ι.
1305 1753 1307 1761 ,
1512 1732 1518 1775 ,-

80 1874 83 1880 Α
142 1797 249 1881 XVI.
294 1797 411 1879 ¹Nam
440 1794 549 1909 quod
565 1796 726 1910 pertinet
748 1798 798 1884 ad
830 1797 986 1916 gloriam
1011 1797 1246 1902 humanam,
1265 1796 1314 1882 de
1333 1795 1525 1909 cujusde-

77 1910 271 2024 spicientia
283 1911 482 1998 Christiani
501 1913 619 2000 multa
640 1913 869 2029 praecipiunt
886 1977 899 2022 ,
914 1917 943 2002 si
958 1916 1161 2003 remaltius
1175 1936 1215 2002 et
1236 1914 1445 2048 diligentiam
1468 1914 1523 2000 in.-

74 2027 214 2142 —spicias
230 2091 243 2136 ‚
259 2028 390 2115 eadem
418 2026 590 2143 profecto
616 2031 800 2147 reperias,
816 2059 884 2120 aut
913 2063 1030 2150 quam
1054 2034 1250 2119 minimum
1280 2033 1523 2146 discrepantia

84 2171 283 2261 praecepta
312 2145 654 2261 philosophorum,
683 2178 773 2236 cum
801 2152 850 2237 de
879 2153 1138 2270 magnitudine
1168 2150 1281 2235 animi
1310 2149 1522 2255 disserunt,

84 2288 184 2376 quae
209 2263 417 2378 appetitum
438 2265 577 2380 gloriae
605 2295 650 2352 ac
675 2268 865 2354 honorum
886 2272 1128 2357 moderatur.
1159 2265 1276 2354 Nefas
1301 2266 1400 2353 enim
1425 2291 1523 2382 puto

83 2405 133 2464 eo
146 2382 299 2468 nomine
321 2381 619 2469 Christianorum
635 2382 861 2500 disciplinam
876 2384 1055 2473 infamare
1072 2448 1084 2490 ,
1101 2411 1144 2473 ut
1157 2387 1368 2501 quidquam
1385 2384 1423 2468 in
1440 2412 1526 2479 m0⁴

78 2497 187 2585 tibus
214 2524 346 2587 natura
372 2501 575 2587 honestum
597 2501 811 2619 justumque
833 2502 966 2591 viderit
996 2504 1153 2589 aliorum
1185 2502 1385 2589 hominum
1412 2500 1524 2586 soler·
1602 2599 1605 2603 ,

86 2613 139 2699 tia
154 2677 167 2722 ‚
182 2619 288 2733 quod
318 2616 385 2732 ipsi
410 2647 490 2704 non
513 2620 763 2734 perspiciant,
785 2644 851 2705 aut
883 2647 1116 2736 perspectum
1140 2649 1206 2736 per
1233 2618 1425 2716 stultitiam
1456 2643 1524 2706 aut

84 2735 380 2848 superstitionem
404 2735 609 2850 repellant.
643 2741 803 2822 Maneat
817 2738 928 2854 igitur
952 2740 1273 2852 constitutumque
1289 2737 1361 2843 sit,
1378 2735 1525 2822 theolo-

83 2848 140 2964 gis
154 2851 268 2938 etiam
289 2851 623 2961 consentientibus,
638 2855 866 2941 Christianos
881 2855 919 2940 in
934 2855 1135 2943 tractandis
1160 2884 1311 2940 morum
1328 2853 1525 2941 virtutibus

87 2991 128 3051 et
153 2969 276 3076 vitiis,
294 2999 393 3085 quae
411 2973 557 3059 ratione
569 2972 727 3058 naturali
742 2971 990 3086 dijudicantur
1008 3037 1020 3081 ,
1037 3005 1061 3060 a
1085 2971 1330 3087 Peripateticis
1355 2999 1437 3071 non
1453 2970 1526 3068 die

82 3081 230 3195 sidere,
254 3087 392 3183 crimen
413 3089 579 3205 unique
597 3090 885 3179 existimantibus
904 3092 945 3197 in
968 3092 1073 3198 vita,
1096 3091 1146 3177 ab
1167 3115 1265 3176 statu
1288 3116 1445 3189 naturae
1465 3116 1524 3188 rte-g

77 3225 222 3318 ctaquc
247 3205 392 3292 tatione
407 3206 619 3295 discedere.
650 3216 760 3294 Laos.
789 3209 843 3294 Sit
859 3207 909 3295 ita
927 3230 1039 3316 sane,
1056 3233 1096 3294 et
1111 3208 1184 3321 nm
1210 3209 1260 3295 ad
1287 3206 1428 3323 reliqua
1443 3234 1527 3322 perf

86 3348 245 3434 gamus.
287 3327 378 3409 Am.
407 3324 547 3412 Audite
566 3353 688 3434 veto,
712 3332 955 3415 Democrates
977 3350 1018 3413 et
1041 3325 1266 3440 Leopolde,
1294 3354 1370 3442 ego
1399 3325 1426 3409 si
1462 3352 1527 3424 me

77 3437 270 3526 *hodierna
294 3441 546 3557 disputatione
565 3469 689 3533 vestra
711 3444 935 3532 delectatum
965 3473 1040 3531 csse
1065 3471 1229 3560 negem,
1250 3471 1338 3527 sane
1359 3440 1527 3527 mentiar:

87 3581 176 3641 nam
193 3560 242 3645 de
265 3584 400 3646 natura
422 3561 634 3668 virtutum,
651 3564 776 3677 deque
797 3563 959 3677 ipsarum
980 3587 1019 3648 et
1044 3560 1321 3647 consociatione
1346 3582 1386 3642 et
1403 3556 1529 3644 distin·

76 3674 238 3783 ctione,
254 3700 337 3764 tum
353 3679 403 3766 de
425 3709 575 3766 stimmo
591 3681 725 3786 bono,
741 3709 785 3764 ac
798 3680 1109 3796 philosophorum
1132 3677 1376 3780 auctoritate,
1391 3700 1431 3759 et
1446 3672 1529 3758 Ati·

85 3792 227 3879 stotelis
244 3798 503 3910 praestantia,
523 3798 646 3914 deque
672 3798 1002 3913 Peripateticorum
1025 3827 1114 3883 cum
1135 3794 1349 3881 Christianis
1381 3791 1419 3876 in
1448 3820 1530 3878 mo

76 3938 172 3996 rum
201 3913 461 4030 virtutumque
493 3915 663 4007 doctrina
689 3916 981 4022 convenientia,
999 3915 1116 4001 multa
1144 3911 1232 3999 scite
1248 3973 1261 4017 ,
1278 3934 1321 3996 ut
1350 3909 1440 3994 mibi
1468 3909 1526 3997 vs

87 4026 253 4138 dentur,
270 4056 310 4116 ct
340 4032 491 4148 copiose
517 4060 605 4120 sunt
632 4064 656 4119 a
683 4035 791 4122 vobis
817 4035 1022 4150 deputata.
1055 4031 1128 4117 Sed
1151 4029 1259 4145 quod
1287 4026 1377 4113 milti
1406 4057 1430 4112 a
1456 4056 1532 4113 vo-

78 4142 146 4228 bis
167 4147 328 4262 expediri
357 4150 516 4236 maxime
544 4151 739 4266 cupiebam
755 4212 767 4258 ,
783 4152 823 4238 id
845 4153 1023 4242 hactenus
1038 4176 1158 4264 paene
1181 4146 1362 4232 intactum
1386 4142 1530 4258 reliqui·

89 4259 154 4346 stis
170 4324 183 4369 ,
197 4267 398 4380 quomodo
425 4268 564 4355 invicta
590 4269 645 4356 vis
664 4270 777 4355 animi
794 4330 807 4376 ,
823 4295 1068 4385 quocumque
1097 4263 1249 4350 nomine
1274 4259 1419 4349 virtutis
1444 4259 1532 4348 licet

73 4405 182 4471 -eam,
201 4384 384 4497 appellare
399 4448 413 4493 ,
430 4414 531 4501 quae
560 4386 598 4473 in
629 4387 742 4476 milite
770 4393 979 4502 probatur,
1005 4407 1093 4469 cunt
1118 4381 1264 4494 iniurias
1287 4378 1536 4467 constantissi·
1654 4463 1656 4473 ,
1706 4420 1709 4429 ·

85 4525 154 4581 me
169 4503 398 4615 persequitur
417 4527 512 4611 ,aut
527 4504 686 4621 gloriam
700 4505 867 4592 bellicam
895 4503 1102 4600 avidissime
1114 4524 1378 4603 consectatur,
1395 4495 1540 4582 aChti·

73 4613 209 4705 *stiana
225 4617 402 4735 religione
425 4648 506 4708 non
523 4622 738 4710 dissentiat:
757 4623 827 4708 hac
842 4623 941 4709 enim
958 4622 1096 4708 virtute
1113 4646 1179 4734 per
1194 4618 1414 4735 religionem
1429 4612 1538 4698 Chri·

93 4731 251 4819 stianam
276 4738 468 4851 repudiata
486 4798 498 4842 ,
514 4735 672 4825 eflicitur
697 4739 808 4856 plane
824 4802 837 4845 ,
851 4765 895 4826 ut
909 4743 1035 4827 bonus
1062 4738 1162 4824 miles
1177 4765 1254 4822 esse
1277 4763 1391 4819 nemo
1407 4730 1537 4846 possit,

89 4873 131 4934 ct
154 4851 254 4938 idem
289 4855 413 4944 bonus
438 4855 671 4972 (ζΙιιὶιιὶιιιιιι
686 4910 699 4968 ,·
713 4858 823 4975 quod
852 4884 930 4945 crat
959 4885 1074 4974 caput
1099 4853 1288 4953 institutae
1316 4847 1541 4982 disputatio·
1654 4906 1710 4921 «.,

78 5030 83 5036 -
151 4969 258 5058 Tum.
276 4972 343 5062 rV.
879 4977 925 5064 Ll
1473 4993 1544 5072 ms,
