4050 5858
643 428 847 498 ursan
895 426 960 493 111.
1447 447 1512 515 295

89 568 238 642 martem
253 610 266 658 ,
284 562 434 636 mortem
458 564 578 636 autem
603 557 754 634 crucis.
781 552 916 662 Itaque
941 578 964 630 a
997 544 1150 630 Christo
1186 570 1226 631 et
1254 547 1429 663 apostolis
1457 581 1541 663 pcr-

54 660 74 696 ⁰
91 670 290 760 lectissimis
320 669 535 754 hominibus
561 669 679 752 multa
706 665 804 752 facta
834 690 922 751 sunt
939 727 951 770 ,
969 693 1069 778 quae
1102 691 1259 779 possunt
1286 694 1309 748 a
1334 670 1445 754 nobis
1461 670 1540 756 sine

92 793 241 877 crimine
270 786 486 906 praeteriri:
507 818 595 873 narn
627 786 874 872 mediocribus
897 783 1110 869 hominibus
1127 846 1140 888 ‚
1156 783 1185 867 si
1211 815 1361 870 morum
1385 812 1541 873 teneant

90 933 130 995 et
156 909 360 994 affectuum
391 906 684 991 mediocritatem
704 966 716 1010 ,
733 905 844 990 etiam
877 904 966 988 citra
1000 902 1243 1016 apostolicam
1272 901 1540 1018 perfectionem

88 1026 210 1112 licebit
234 1026 407 1138 justitiam
426 1085 437 1129 ,
454 1027 608 1111 virtutes
638 1053 770 1109 omnes
795 1025 1115 1137 amplectentem,
1134 1020 1255 1105 colere
1275 1053 1284 1105 :
1317 1024 1359 1104 lu
1376 1051 1448 1130 qna
1476 1037 1541 1132 qui
1554 1056 1601 1102 aa
1616 1057 1678 1103 aaa.
1691 1067 1730 1116 140

89 1154 215 1228 seruit
230 1147 384 1228 Christo
400 1205 411 1250 ,
429 1168 472 1229 ut
494 1144 544 1228 ait
568 1142 733 1247 Paulus,
752 1148 879 1252 placet
905 1144 989 1224 Deo
1008 1199 1021 1244 ‚
1039 1156 1080 1221 et
1086 1141 1273 1248 probatus
1298 1157 1357 1223 est
1380 1142 1538 1227 bomini·
1623 1237 1627 1243 ,

88 1265 185 1345 bus.
216 1267 335 1348 Hunc
358 1263 470 1378 igitur
497 1287 595 1347 recte
628 1260 809 1345 humilem
834 1259 942 1344 simul
970 1285 1086 1373 atque
1117 1259 1399 1374 magnanimum
1431 1287 1470 1347 et
1487 1265 1538 1350 di·

85 1409 214 1465 cemus
230 1406 270 1465 et
298 1381 495 1466 sentiemus
514 1443 526 1486 ,
542 1381 608 1496 qui
637 1380 800 1495 primum
831 1378 984 1492 supplici
1010 1379 1148 1491 pictate
1174 1383 1301 1461 Deum
1326 1380 1453 1486 colet,
1473 1383 1538 1467 de-

88 1499 176 1584 inde
198 1523 302 1584 recto
329 1498 466 1610 judicio
494 1530 560 1584 sua
592 1524 881 1612 ceterorumque
907 1496 1109 1605 hominum
1133 1495 1262 1580 merita
1294 1495 1433 1585 virtute
1466 1531 1537 1613 po·

90 1615 270 1701 tissimum
296 1617 447 1702 metitus
469 1617 575 1722 ,aliis
598 1645 636 1702 se
652 1615 715 1704 vel
736 1639 965 1730 postponet,
984 1608 1047 1703 ‘vel
1062 1678 1075 1722 ,
1092 1614 1420 1728 quemadmodum
1442 1617 1536 1704 ratio
1618 1705 1623 1712 ,

93 1735 323 1848 postulabit,
341 1732 542 1821 anteferet.
571 1742 697 1821 Deum
727 1738 826 1818 enim
850 1733 939 1818 colit
956 1793 968 1838 ,
985 1733 1052 1850 qui
1076 1733 1251 1817 uirmtem
1268 1795 1281 1838 ,
1298 1764 1394 1850 opus
1419 1759 1536 1851 atque

90 1853 239 1939 donum
272 1853 349 1966 ejus
364 1914 377 1960 ,
394 1853 510 1958 colit,
533 1856 649 1942 virtus
679 1877 913 1938 autemnon
945 1852 984 1935 in
1016 1851 1092 1935 aliis
1113 1851 1233 1937 modo
1258 1881 1328 1967 pro
1359 1880 1425 1938 sua
1458 1884 1536 1939 ma·

89 1972 287 2087 gnitudine
313 1973 473 2058 colenda
501 1998 556 2059 est
572 1973 666 2080 ,sed
687 1972 841 2057 ubilibet
876 1970 989 2058 etiam
1019 1969 1058 2054 in
1087 1999 1125 2054 se
1151 1970 1231 2085 ipso
1262 1972 1398 2086 cuique
1420 1972 1535 2058 nihilo

88 2090 204 2174 secius
233 2121 304 2205 pro
328 2089 462 2176 merito
491 2115 574 2177 tum
607 2090 718 2178 tacita
746 2089 1045 2195 existimatione,
1072 2114 1154 2174 tum
1178 2090 1289 2173 ctiam
1318 2089 1438 2176 verbis
1469 2122 1534 2179 ve·

89 2209 256 2294 neranda
274 2239 282 2292 :
302 2208 434 2293 scitum
460 2233 516 2296 est
543 2210 644 2296 enirn
673 2208 764 2294 illud
795 2207 1023 2324 Augustini:
1058 2207 1150 2290 Cum
1174 2209 1397 2291 humilitatis
1419 2221 1728 2336 causawguqupgff·

88 2333 282 2430 mentiris,
301 2334 339 2410 si
360 2352 429 2411 non
451 2353 539 2412 eras
559 2345 768 2438 peccator,
785 2345 978 2433 antequam
1000 2332 1239 2431 mentireris,
1258 2334 1458 2411 mentiendo
1475 2329 1533 2435 ef·
1607 2299 1654 2347 „
1715 2319 1723 2336 ’

79 2439 220 2540 ficetis
245 2449 342 2551 quod
364 2454 547 2550 vitaras,
571 2471 610 2531 et
639 2446 712 2530 alio
742 2445 780 2529 in
805 2445 920 2529 loco:
949 2445 1037 2526 Non
1062 2452 1120 2524 ita
1152 2460 1360 2547 caveatur,
1383 2444 1506 2561 inquit
1520 2509 1532 2552 ,
1545 2429 1725 2550 ldid⁵²'''⁹'

90 2572 310 2670 arrogantia
326 2625 339 2668 ,
354 2573 574 2648 utaueritas
594 2571 851 2672 relinquatur.
874 2565 987 2657 Quae
1009 2560 1138 2645 omnia
1159 2560 1235 2645 huc
1257 2561 1472 2675 pertinent,
1490 2593 1534 2652 ut

92 2676 143 2762 de
168 2709 205 2763 se
221 2682 379 2797 quisque
403 2683 514 2767 etiarn
531 2683 677 2767 humilis
704 2710 785 2767 non
813 2709 944 2787 secus,
964 2707 1008 2763 ac
1033 2708 1090 2763 res
1106 2703 1160 2763 est
1178 2740 1191 2784 ,
1208 2680 1269 2765 vel
1297 2681 1453 2786 sentiat,
1474 2683 1535 2769 vel

89 2793 285 2910 loquatur.
315 2805 398 2884 Nec
422 2802 521 2885 enirn
547 2801 652 2885 aliter
680 2800 914 2886 sentiendum
931 2822 986 2884 est
1003 2859 1015 2902 ,
1031 2795 1134 2882 aliter
1150 2796 1411 2912 loquendum.
1428 2803 1533 2885 Nam

92 2921 295 3021 quomodo,
329 2917 479 3053 inquit,
508 2936 566 3002 est
597 2922 819 3021 humilitas,
848 2921 913 3000 ubi
946 2931 1080 3024 regnat
1098 2914 1297 3021 falsitas?
1327 2923 1378 3002 Et
1409 2917 1533 3034 profe·

88 3054 156 3115 cto
184 3033 453 3142 dissimulatio,
480 3067 579 3151 quae
608 3043 753 3124 Graece
785 3036 919 3122 dicitur
950 3042 1073 3121 ironia
1092 3094 1105 3140 ,
1121 3034 1263 3121 vitium.
1286 3060 1340 3121 est
1363 3065 1444 3121 non
1474 3069 1534 3124 so·

82 3146 169 3233 'lum
200 3181 223 3235 a
252 3152 424 3269 religiosis
451 3155 534 3241 viris
551 3217 563 3260 ,
580 3156 646 3241 sed
671 3187 695 3241 a
717 3153 945 3273 philosophis
971 3154 1085 3237 'ctiam
1103 3153 1351 3238 damnatum.
1383 3159 1533 3244 Caven-

88 3266 182 3352 dum
215 3296 271 3356 est
298 3297 426 3357 tamen
443 3335 455 3378 ,
473 3303 520 3359 ne
554 3273 662 3360 nobis
694 3274 865 3388 imponat
895 3301 1001 3357 amor
1034 3271 1275 3386 studiumque
1308 3273 1454 3380 nostri,
1488 3298 1534 3361 ut

87 3412 197 3500 saepe
225 3387 357 3475 accidit
386 3389 424 3475 in
454 3390 684 3504 judicando.
715 3395 963 3508 Quamquam
987 3418 1066 3475 non
1093 3391 1229 3506 ignoro
1256 3420 1279 3473 a
1306 3391 1531 3507 quibusdam

85 3504 220 3589 sanctis
247 3507 463 3623 eisdemque
485 3511 669 3626 perdoctis
686 3511 769 3598 viris
784 3510 1029 3596 humilitatem
1053 3507 1204 3624 intelligi
1223 3569 1235 3614 ,
1252 3536 1340 3592 curn
1356 3538 1421 3593 sua
1438 3508 1531 3625 quis·

70 3648 165 3734 que
181 3651 331 3736 peccata
357 3654 446 3711 cum
473 3629 634 3714 aliorum
652 3630 848 3716 virtutibus
878 3623 1072 3711 conferens
1090 3688 1101 3730 ,
1119 3656 1164 3710 ea
1193 3626 1339 3710 ratione
1371 3655 1409 3711 se
1436 3655 1545 3710 cun·v

85 3739 156 3823 ctis
190 3739 402 3829 inferiorem
431 3747 629 3832 arbitratur
646 3779 655 3832 ε
672 3778 753 3863 quo
786 3748 969 3862 pertinere
995 3743 1145 3831 videtur
1169 3742 1260 3828 illud
1292 3744 1399 3827 Pauli
1424 3774 1543 3859 praef
1652 3826 1663 3841 ‚

85 3882 240 3972 ceptum
267 3861 512 3976 Philippenses
536 3865 574 3948 in
599 3866 700 3951 hunc
725 3867 884 3952 modum
912 3862 1172 3949 adhortantis:
1206 3863 1322 3944 Nihil
1346 3881 1420 3970 per
1446 3891 1527 3948 coa·
1540 3887 1609 3938 aare
1626 3898 1651 3940 a·

84 3984 278 4061 tentionem
310 3996 376 4062 out
406 3988 548 4066 inanem
575 3990 768 4094 gloriam,
794 3990 862 4067 sed
894 3990 934 4064 in
963 3982 1170 4063 humilitate
1201 3988 1413 4088 superiores
1448 3985 1527 4066 sibi

86 4101 245 4178 invicem
270 4102 530 4205 arbitrantes,
549 4128 617 4186 nou
645 4128 737 4211 quae
763 4129 833 4185 sua
856 4115 943 4184 suut
968 4104 1107 4207 singuli
1140 4104 1416 4182 considerantes
1433 4161 1445 4203 ,
1461 4105 1532 4184 sed

86 4237 133 4293 eu
149 4270 161 4313 ,
178 4239 268 4317 quae
291 4225 464 4304 aliorum.
496 4220 612 4330 Cujus
638 4221 839 4306 sentcntiae
863 4244 978 4334 atque
1003 4216 1188 4331 praecepti
1214 4246 1361 4306 summa
1382 4242 1462 4323 est,
1479 4243 1524 4305 ut

84 4325 400 4450 qualemcumque
426 4337 604 4422 virtutem
633 4339 778 4424 alterius
808 4362 846 4422 et
872 4361 972 4423 recte
1003 4332 1144 4417 factum
1168 4334 1364 4419 laudemus
1398 4360 1437 4420 et
1464 4363 1532 4424 ve·

85 4476 263 4532 ueremur
278 4511 290 4555 ,
305 4454 437 4539 vitium
454 4480 493 4540 et
508 4457 776 4572 turpitudinem
792 4457 904 4541 etiarn
930 4456 970 4539 in
997 4453 1106 4537 nobis
1131 4481 1371 4568 aspernemur
1386 4478 1424 4540 et
1440 4482 1532 4539 con-

82 4591 322 4653 temnamus:
348 4573 455 4686 quod
480 4574 570 4660 nihil
599 4578 777 4662 abhorret
801 4605 824 4658 a
848 4568 1111 4691 magnitudine
1135 4573 1274 4681 animi,
1291 4600 1391 4688 quae
1421 4573 1536 4660 virtu·

82 4708 161 4770 tem
195 4687 336 4802 ubique
360 4695 501 4777 cunctis
534 4695 644 4780 rebus
680 4694 895 4808 anteponit.

143 4807 212 4888 Xl.
274 4813 385 4892 Leon.
403 4815 462 4896 De
485 4811 692 4898 humilitate
711 4875 722 4918 ,
739 4818 1010 4917 Democrates,
1027 4809 1128 4894 nulla
1154 4810 1261 4894 nobis
1285 4808 1354 4893 erit
1378 4805 1534 4920 amplius

79 4926 344 5035 concertatio,
362 4958 452 5016 nam
479 4931 544 5017 tibi
570 4932 747 5048 equidem
774 4928 951 5015 assentior
984 4929 1101 5045 ipsam
1130 4956 1254 5046 neque
1282 4956 1371 5013 cum
1394 4924 1534 5028 militia,

153 5062 156 5078 ·
191 5081 194 5094 »
1474 5070 1541 5129 ne·
