4020 5864
628 396 1049 502 INERASMUM.
1466 428 1532 498 547

109 536 264 644 minus,
291 562 408 653 quarn
424 528 656 649 cognomine
672 531 775 647 pium
794 582 809 630 ,
825 523 1026 630 sicarium,
1052 522 1297 639 parricidam,
1321 528 1554 643 proditorem

109 657 279 773 patriae,
305 679 373 741 aut
388 649 617 737 haereticum
650 645 870 762 et‘impium
902 672 981 729 non
1006 642 1274 758 appellaveris?
1307 652 1409 735 Nam
1442 655 1551 767 quod

107 776 160 861 ais
175 800 213 861 te
228 773 268 858 in
292 771 448 890 epistola
465 792 504 856 et
518 768 760 883 responsione
783 766 874 850 citra
896 761 1163 850 contumeliam
1179 765 1294 882 egisse
1309 794 1397 853 cum
1413 771 1550 858 Albes-

103 915 173 1000 to,
199 891 316 977 nihilo
332 889 525 978 meliorem
556 884 643 973 facis
658 914 810 974 causam
825 908 958 970 tuam:
987 881 1102 969 videri
1126 882 1228 969 enim
1248 911 1388 999 potes,
1412 916 1549 976 aucto·

103 1011 212 1098 ritate
228 1009 386 1099 viventis
418 1005 643 1113 deterritus,
678 1034 757 1093 non
774 1002 972 1090 voluntate
1002 1026 1043 1087 et
1068 1002 1223 1089 consilio
1239 1029 1370 1091 runca
1397 1009 1549 1095 maledi-

100 1129 169 1216 ctis
192 1128 442 1233 abstinuisse,
471 1125 541 1244 qui
566 1125 629 1212 vix
657 1125 799 1212 elatum
826 1120 938 1208 tantis
966 1120 1194 1236 improperis
1220 1121 1447 1213 laceraveris.
1475 1130 1549 1217 Sed

100 1276 320 1364 percussus,
347 1246 469 1365 inquis
485 1307 497 1355 ,
512 1239 660 1351 referi0,
674 1270 714 1332 er
730 1239 901 1348 factum,
925 1240 955 1326 si
979 1245 1068 1326 Deo
1094 1240 1215 1355 placet
1230 1299 1244 1347 ,
1261 1271 1411 1332 excusas
1426 1275 1550 1335 exem·

103 1366 171 1481 plo
186 1367 351 1473 Christi,
380 1365 447 1484 qui
464 1393 545 1449 non
562 1363 674 1450 tacite
691 1392 817 1479 passus
832 1384 888 1447 est
913 1388 1049 1446 eorum
1064 1359 1241 1447 malitiam
1259 1421 1272 1467 ,
1293 1365 1471 1480 aquibus
1485 1368 1551 1454 ha·
1580 1364 1667 1418 Μ’·
1689 1381 1726 1422 ¹⁸·

99 1484 189 1572 bere
220 1483 495 1591 daemonium,
522 1507 562 1569 et
586 1510 711 1569 rursus
727 1482 765 1566 in
780 1478 995 1566 beelzebub
1017 1478 1146 1590 eiicere
1171 1481 1372 1568 daemonia
1398 1485 1552 1573 insimu-

101 1601 264 1689 labatur.
294 1601 506 1692 Itacredo:
534 1629 602 1717 par
621 1602 739 1688 scelus
754 1624 811 1686 est
826 1656 841 1704 ,
859 1622 926 1683 aut
941 1596 1055 1684 simile
1069 1593 1253 1716 flagitium
1270 1597 1550 1714 affirmantium,

98 1725 300 1808 Erasmum
317 1721 530 1840 quidquam
548 1748 744 1838 perperam
768 1718 830 1805 vel
846 1715 1018 1803 locutum
1035 1745 1141 1823 esse,
1167 1718 1228 1807 vel
1242 1719 1417 1828 sensisse,
1434 1751 1474 1811 et
1486 1747 1552 1812 eo·

97 1867 186 1926 rum
215 1840 320 1958 ,qui
347 1843 542 1928 Christum
569 1837 708 1926 habere
738 1835 982 1923 daemonium
1012 1834 1374 1947 calumniabantur,
1403 1867 1442 1928 et
1471 1869 1553 1933 tam

95 1987 221 2064 vere,
253 1983 411 2076 tamque
446 1955 641 2044 moderare
671 1954 904 2044 obtrectavit
933 1961 1140 2061 Erasmus,
1172 1957 1436 2077 maledixitque
1469 1964 1551 2071 Pio,

97 2102 217 2191 quam
232 2077 402 2164 Christus
429 2076 626 2194 castigavit
648 2076 886 2190 judaeorum
902 2072 1202 2160 calumniatores.
1233 2077 1351 2163 Facile
1366 2104 1421 2165 est
1442 2106 1481 2169 et
1497 2084 1553 2171 di·

96 2219 159 2281 cta
187 2218 227 2282 et
266 2192 366 2283 facta
387 2195 527 2282 Christi
564 2220 895 2295 commemorare,
923 2216 962 2277 at
990 2191 1124 2279 imitari
1141 2191 1257 2311 longe
1281 2192 1549 2288 difficillimum.

100 2315 352 2428 Quamquam
368 2314 481 2430 igitur
496 2312 563 2430 qui
579 2311 773 2398 Christum
789 2309 925 2415 audit,
954 2310 983 2395 is
1000 2309 1142 2395 malum
1159 2341 1229 2425 pro
1254 2315 1356 2402 malo
1373 2345 1453 2402 non
1469 2321 1553 2408 red·

94 2429 183 2538 dit,
208 2430 275 2517 sed
293 2430 495 2519 tolerando
513 2428 627 2518 vincit
643 2428 926 2518 adversarium:
961 2456 1042 2513 non
1068 2453 1237 2516 tamena
1264 2457 1302 2518 te
1317 2436 1550 2550 requirimus,

95 2551 281 2656 Erasme,
307 2576 393 2636 eam
428 2547 678 2666 patientiam,
704 2575 805 2664 quae
829 2578 853 2632 a
883 2545 1037 2644 Christo
1061 2547 1101 2632 in
1124 2549 1322 2667 evangelio
1351 2580 1551 2642 commen·

93 2665 232 2774 datur,
249 2690 294 2754 ut
309 2695 501 2783 percussus
520 2665 760 2752 unamaxilla
775 2665 953 2781 praebeas
967 2663 1123 2751 alteram
1139 2664 1365 2775 feriendam,
1390 2673 1455 2762 sed
1472 2703 1550 2759 ma·

93 2785 192 2872 xime
208 2785 417 2892 vellemus,
444 2815 495 2876 ne
528 2784 661 2874 leviter
691 2785 817 2890 ictus,
843 2780 1075 2871 mortiferam
1091 2844 1106 2890 ,
1122 2812 1313 2903 quantum
1331 2792 1370 2876 in
1399 2815 1439 2878 te
1462 2789 1548 2901 fuit,

92 2902 245 3022 plagam
277 2903 515 3008 incussisses,
541 2930 613 2990 ncc
627 2927 667 2991 tc
692 2903 742 2990 ad
758 2903 930 2990 convicia
957 2902 1163 3015 jactanda,
1191 2907 1323 2994 sedari
1343 2912 1548 3025 prudenter

93 3020 403 3137 respondendum
430 3086 445 3136 ,
477 3046 519 3112 et
545 3048 646 3141 quae
670 3021 965 3137 objiciebantur,
981 3023 1154 3112 modeste
1168 3021 1412 3117 refutandum
1443 3059 1549 3123 com·

92 3167 271 3256 parasses.
984 3207 993 3216 -

152 3261 220 3348 VI.
279 3262 354 3349 Sed
369 3259 547 3349 clamabis
563 3320 577 3367 ,
593 3283 651 3351 sat
666 3260 743 3348 scio
760 3281 828 3368 ,te
844 3285 926 3344 non
941 3255 1073 3346 leviter
1089 3259 1207 3347 ictum
1222 3291 1246 3346 a
1268 3263 1365 3374 Pio,
1383 3269 1449 3355 sed
1461 3299 1553 3387 graf,

93 3376 271 3486 vissime,
297 3405 486 3498 quantum
501 3379 658 3496 quidem
684 3379 724 3464 in
740 3378 821 3493 ipso
838 3371 950 3463 frterit
966 3434 982 3482 ,
998 3376 1240 3467 vulneratum
1256 3443 1269 3488 ,
1285 3384 1353 3500 qui
1368 3385 1396 3471 si
1411 3412 1449 3473 te
1465 3418 1546 3478 non

92 3498 317 3585 mendacem
333 3500 495 3606 dixerit,
522 3526 604 3584 non
617 3520 847 3615 nugatorem
864 3552 879 3602 ,
909 3523 991 3581 non
1024 3495 1299 3588 calumniosum
1316 3563 1328 3608 ,
1359 3531 1441 3590 non
1457 3504 1547 3595 hae·

90 3614 279 3724 seticum,
304 3646 350 3705 ea
366 3643 495 3706 tamen
510 3616 560 3704 de
575 3640 615 3704 te
630 3613 838 3733 scripserit,
862 3613 1008 3731 quaesi
1032 3644 1123 3703 vera
1138 3616 1241 3726 sint,
1269 3621 1332 3708 vix
1347 3621 1546 3738 hujusmo-

89 3730 131 3820 di
161 3734 359 3824 criminum
385 3762 537 3852 turpem
555 3760 690 3825 notam
707 3729 876 3851 effugere
890 3731 1027 3821 valeas.
1057 3738 1188 3830 Quam
1218 3766 1309 3826 vera
1332 3741 1427 3849 sint,
1443 3774 1545 3862 quae

89 3848 184 3940 inte
209 3856 296 3942 Pius
311 3855 521 3973 scripserit,
543 3879 678 3972 postea
704 3851 838 3944 videro
854 3881 864 3938 :
882 3879 1008 3969 noque
1035 3854 1136 3940 enim
1153 3857 1202 3941 ab
1227 3885 1267 3942 re
1293 3854 1404 3948 fiterir
1419 3863 1544 3982 aliqua

88 3972 306 4060 summatim
346 3999 385 4063 et
413 3973 567 4062 strictim
582 3977 798 4113 attingere,
828 3995 875 4058 ut
902 3972 1064 4087 probata
1080 3972 1120 4058 in
1135 3997 1241 4089 parte
1264 3975 1351 4065 viris
1379 3982 1544 4096 pruden-

90 4087 191 4185 tibus
208 4093 352 4182 Albcni
368 4123 509 4204 causa,
539 4093 660 4213 qualis
687 4122 727 4180 rn
743 4115 830 4181 toro
847 4084 988 4199 fuerit,
1013 4118 1094 4177 non
1109 4092 1224 4207 possit
1241 4092 1414 4183 dubitari.
1447 4100 1543 4191 llud

91 4230 193 4295 certe
208 4211 432 4302 confirmare
444 4244 629 4333 possum,
652 4237 692 4299 te
706 4209 989 4330 perhumaniter
1013 4210 1064 4296 ab
1093 4210 1175 4328 ipso
1201 4207 1310 4300 fuisse
1326 4241 1542 4329 tractatum,
1673 4314 1680 4324 ,
1767 4237 1772 4244 ’

90 4346 132 4410 et
146 4327 254 4417 nullis
270 4332 405 4449 apertis
435 4331 641 4439 conviciis,
670 4331 740 4419 nisi
769 4357 955 4449 perquam
972 4329 1117 4420 levibus
1141 4330 1361 4421 lacessitum.
1393 4341 1542 4428 Notare

89 4467 221 4539 autem
235 4451 426 4567 quaedam
453 4450 493 4536 in
507 4450 582 4539 tuis
597 4449 737 4567 scriptis
753 4511 767 4558 ,
792 4477 893 4567 quae
908 4444 1031 4557 falso,
1057 4472 1124 4537 aut
1154 4479 1235 4538 non
1261 4454 1346 4541 sat-is
1371 4457 1434 4546 vel
1456 4489 1541 4577 gra·

89 4560 220 4674 viter,
243 4569 305 4656 vel
332 4594 590 4675 constanter,
617 4598 767 4688 quaeve
791 4568 915 4656 miuus
934 4566 1120 4656 catholice
1147 4569 1247 4659 dicta
1274 4601 1354 4662 esse
1380 4576 1539 4665 videan-

87 4706 181 4792 tur,
205 4709 359 4775 nonest
374 4688 547 4779 convicia
572 4689 612 4775 in
637 4688 861 4804 rejectare,
886 4715 957 4775 nec
972 4681 1112 4775 famam
1136 4714 1241 4777 mam
1267 4696 1432 4783 studiose
1460 4695 1540 4784 lae·

90 4800 211 4911 dere,
239 4806 306 4895 sed
329 4806 505 4899 inseruire
531 4807 708 4918 veritati,
732 4806 989 4925 maiestatique
1016 4809 1250 4899 Christianae
1265 4813 1450 4931 religionis
1461 4815 1540 4902 ad·

87 4947 182 5014 esse.
211 4923 301 5047 Jam
326 4955 421 5021 vero
437 4925 579 5049 quanti-
597 4922 740 5041 telem,
761 4927 899 5048 quibus
870 4928 1046 5138 Zgerbis
1060 4959 1128 5022 res
1153 4960 1332 5056 quaeque
1358 4931 1540 5053 significe-

154 5077 156 5081 ·
966 5077 992 5140 a
1466 5063 1543 5149 tur?
