4050 5858
342 415 449 489 SEU
482 417 555 487 DE
588 358 965 483 APPETXENDA
998 413 1255 484 GL‘ORIA.
1437 437 1505 502 219

86 549 221 638 familia
243 573 389 662 suoque
414 543 570 653 nomine
593 539 729 654 dignos
756 537 982 624 arbitrantur
998 599 1010 642 ,
1027 535 1094 621 nisi
1109 544 1301 651 paternam
1317 539 1533 652 claritatem,

78 700 195 786 quam
224 666 384 752 maxime
409 660 552 777 possint
570 658 748 772 ,paribus
773 656 974 744 virtutibus
1006 655 1235 760 sustineant,
1257 657 1318 745 vel
1334 661 1360 745 si
1379 662 1547 776 possint,

77 788 190 873 etiam
221 786 465 899 adaugeant.
506 778 561 869 Hi
591 788 684 866 vero
715 776 821 860 nullo
855 774 920 862 tali
949 774 998 859 ad
1028 804 1085 861 res
1115 805 1270 890 magnas
1304 777 1534 868 irritamento

76 903 226 990 excitati
240 903 394 1016 ,jacent
425 897 675 1012 plerumque,
695 923 776 982 non
804 893 871 1000 sibi
897 917 1005 1007 turpe
1033 917 1209 1008 putantes
1237 895 1275 979 in
1291 896 1445 1009 paterna
1464 901 1534 983 ob

77 1022 253 1107 scuritate
278 1017 512 1107 delitescere.
547 1014 629 1100 Nisi
657 1014 685 1099 si
735 1012 818 1118 uis,
835 1040 935 1126 quae
967 1035 1069 1096 extra
1095 1039 1133 1094 se
1154 1037 1270 1130 sunt—p,
1295 1014 1345 1099 ad
1376 1044 1413 1101 se
1446 1017 1535 1101 nihil

80 1141 267 1256 pertinere
295 1161 428 1239 ratus,
454 1134 506 1219 ita
531 1130 642 1218 fuerit
719 1155 856 1235 ectus,
888 1154 933 1216 ut
964 1130 1197 1214 nobilitatem
1227 1131 1267 1214 in
1294 1131 1371 1216 sola
1397 1135 1535 1221 virtute

79 1259 242 1373 positam
270 1283 347 1347 esse
373 1276 506 1369 putet:
534 1279 649 1365 seque
678 1251 730 1335 ita
761 1247 1066 1361 comparaverit,
1093 1271 1137 1330 ut
1169 1249 1371 1334 claritatem
1389 1312 1401 1356 ,
1417 1249 1535 1367 quant

79 1404 104 1460 a
134 1372 341 1486 majoribus.
362 1400 443 1456 non
476 1367 687 1483 acceperit,
704 1366 770 1452 sibi
799 1375 934 1481 parere.
962 1367 1192 1479 posterisque
1221 1367 1364 1453 tradere
1389 1394 1536 1456 summa

81 1492 126 1578 sit
153 1521 228 1606 ope
252 1513 483 1593 conaturus.
512 1490 675 1571 Constat
703 1484 805 1569 enim
834 1484 1051 1595 huiusmodi
1083 1484 1214 1570 animis
1233 1484 1333 1570 'nihil
1361 1516 1438 1573 esse
1472 1482 1550 1606 gess

84 1610 250 1696 netosius
267 1669 279 1712 ,
297 1606 388 1692 nihil
409 1602 613 1709 excelsius,
631 1601 720 1687 nihil
745 1603 794 1687 ad
821 1601 1008 1715 praeclara
1036 1601 1075 1685 in
1104 1601 1209 1689 omni
1225 1603 1362 1689 virtute
1389 1601 1535 1692 facino·

80 1756 123 1813 ra
147 1726 364 1842 patranda,
399 1750 526 1836 neque
554 1720 771 1836 promtius,
800 1735 924 1834 neque
956 1721 1264 1831 accomodatius.
1295 1722 1469 1808 Citantur
1496 1725 1535 1807 in

82 1844 196 1955 huius
223 1843 277 1928 rei
303 1839 562 1926 resrimonium
580 1837 713 1922 Tullus
729 1837 910 1923 Hostilius
928 1898 946 1942 ,t
967 1840 1193 1952 Tarquinius
1209 1838 1374 1943 Priscus,
1390 1840 1534 1925 Tullius

84 1963 265 2063 Servius,
282 1989 386 2073 quos
411 1985 456 2042 ex
472 1955 603 2059 humili
628 1955 846 2041 conditione
870 1955 920 2039 ad
941 1952 1127 2071 fastigium
1143 1956 1307 2050 Romani
1331 1958 1435 2074 tegni
1462 1987 1535 2043 ma

84 2100 184 2194 gnae
209 2106 298 2164 suae
314 2075 467 2162 virtutes
492 2084 670 2161 evexere.
689 2076 805 2160 vCato
822 2074 912 2158 item
926 2072 1081 2185 Maior,
1100 2075 1165 2190 qui
1179 2070 1331 2160 Tusculi
1354 2101 1464 2162 natus
1480 2075 1549 2193 ig·.

82 2196 218 2292 nobilis
235 2247 258 2301 ,v
274 2192 430 2302 summis¹
451 2191 647 2279 virtutibus
677 2192 810 2305 optimi
840 2191 998 2276 oratoris
1020 2253 1033 2295 ,
1057 2192 1188 2307 oprimi
1221 2194 1421 2299 senatoris,
1438 2195 1534 2307 opti·-

85 2314 139 2398 mi
159 2311 397 2428 'inperatoris
431 2337 573 2401 nomen
597 2333 653 2393 est
680 2309 775 2394 inter
803 2313 1002 2394 Romanos
1027 2334 1240 2396 assecutus.
1273 2315 1356 2394 Nec
1383 2312 1463 2397 duo
1485 2311 1535 2425 illi

83 2429 282 2546 mpinates
309 2427 456 2517 silentio
488 2449 800 2543 praetereuntur,
824 2428 872 2508 C.
890 2424 1033 2512 Marius
1065 2425 1113 2512 et‘
1126 2431 1188 2511 Μ.
1216 2423 1372 2511 Cicero.
1405 2435 1533 2544 Atque

86 2546 160 2639 hos
187 2549 344 2665 quidem
367 2559 406 2632 et
438 2545 530 2632 alios
553 2544 722 2629 Romani.
750 2543 825 2628 hoc
849 2543 891 2627 in
912 2541 1010 2627 ‘loco
1039 2541 1366 2648 commemorant,
1389 2542 1535 2632 'Graeci
1657 2587 1662 2596 ·

89 2693 204 2772 suos,
227 2665 330 2763 ‚Galli
354 2675 441 2752 suos'
455 2702 473 2771 ,
507 2693 594 2749 suos
608 2661 828 2765 Germani,
859 2691 947 2746 suos
972 2659 1076 2747 natio
1111 2654 1284 2778 quaeque
1309 2660 1402 2751 solet
1432 2660 1531 2750 fama

86 2781 290 2870 celebrare.
321 2787 469 2870 Verum
500 2780 650 2887 nescio,
670 2808 719 2864 an
748 2778 823 2865 ulla
853 2804 913 2865 tot
944 2778 1056 2893 possit
1075 2805 1200 2897 ,quot
1232 2803 1358 2865 nostra
1374 2780 1414 2869 in
1434 2783 1534 2868 testi·

86 2900 259 2987 monium
288 2903 503 2989 adducere:
537 2929 634 3014 quos
667 2897 848 3014 sigillatim
873 2893 1006 2983 referte
1033 2897 1124 2982 nihil
1153 2922 1209 2982 est
1240 2926 1415 3002 necesse,
1443 2928 1531 2985 cum

87 3041 263 3125 constet,
281 3016 613 3106 fereclarissimam
643 3042 835 3129 quamque
860 3010 1061 3120 familiam,
1078 3045 1178 3130 quae
1208 3015 1368 3102 maxima
1393 3014 1432 3099 in
1463 3046 1524 3102 re-

89 3163 170 3250 gno
199 3136 307 3250 copia
328 3158 385 3220 est
401 3197 413 3240 ,
428 3135 478 3220 ab
505 3131 720 3246 hujusmodi
747 3128 854 3218 fonte
870 3131 1094 3247 dimanasse.
1126 3139 1238 3228 Quae
1266 3162 1369 3217 ame
1393 3133 1531 3220 idcirco

29 3339 33 3345 ,,
88 3252 187 3337 dicta
216 3277 333 3356 sunt,
366 3251 521 3367 nequis
553 3274 719 3338 vestrum
748 3273 856 3363 putet
875 3278 991 3354 ,cum
1024 3250 1292 3365 appetitionem
1319 3251 1459 3368 gloriae
1480 3253 1531 3336 in·

87 3368 219 3484 genuis
245 3368 377 3454 animis
404 3369 550 3453 insitam
578 3394 656 3451 esse
687 3367 800 3471 dic0,
832 3366 902 3450 hos
939 3395 1001 3451 me
1031 3390 1180 3454 tantum
1212 3367 1440 3487 intelligere,
1465 3371 1531 3483 qui

88 3485 191 3571 claro
226 3510 293 3570 aut
326 3515 476 3571 summo
507 3484 594 3568 loco
630 3483 708 3568 nati
734 3508 845 3568 sunt.
877 3489 979 3567 Nam
1008 3482 1090 3570 licet
1119 3484 1158 3569 hi
1181 3516 1318 3601 magna
1354 3511 1531 3599 exparte

89 3599 131 3685 id
156 3631 297 3718 magno
329 3603 455 3688 studio
477 3601 733 3704 contendant,
752 3624 797 3684 ut
819 3599 939 3685 modo
952 3599 1056 3710 dixi,
1073 3629 1121 3685 ne
1136 3601 1228 3717 quid
1244 3602 1443 3711 majoribus
1459 3603 1531 3689 suis

89 3715 289 3833 indignum
319 3715 509 3822 efficiant,
542 3742 670 3802 tamen
691 3717 887 3832 plerosque
916 3717 1042 3833 'videas
1065 3719 1163 3804 adeo
1191 3716 1410 3825 dissolutos,
1427 3719 1529 3834 igna-

88 3836 161 3920 v0s
176 3894 189 3939 ,
206 3835 407 3950 degeneres
422 3896 435 3940 ,
452 3859 498 3919 ut
522 3832 753 3920 nobilitatem
768 3833 952 3919 licentiam
977 3834 1155 3947 peccandi
1180 3864 1257 3920 esse
1271 3859 1431 3950 putent,
1477 3837 1530 3921 ui-

86 3979 164 4066 que
190 3980 282 4065 opes
310 3950 495 4063 majorum
523 3950 719 4039 virtutibus
748 3977 870 4066 partas
888 4015 900 4051 ‚
920 3975 958 4036 et
984 3980 1083 4066 quae
1108 3953 1246 4037 debent
1272 3982 1348 4039 esse
1375 3953 1426 4038 ad
1516 4003 1530 4020 ·

88 4067 230 4180 gendas
260 4067 414 4155 virtutes
432 4067 678 4153 instrumenta
695 4066 768 4173 ,in
792 4067 912 4174 luxu,
940 4096 1061 4185 ganea
1089 4069 1290 4183 ceterisque
1321 4070 1530 4157 libidinibus

88 4184 327 4319 Sardanapali
357 4213 463 4288 more
487 4182 745 4299 profundant:
781 4185 943 4301 denique
973 4185 1012 4269 in
1041 4185 1210 4271 socordia
1238 4212 1278 4272 et
1310 4186 1458 4304 ignavia
1487 4214 1526 4274 et

88 4301 188 4413 turpi
216 4327 297 4388 ono
325 4301 443 4390 vitam
474 4331 629 4389 omnem
656 4304 883 4390 traducunt.
915 4308 967 4387 Et
980 4301 1088 4415 quod
1112 4328 1169 4388 est
1201 4301 1293 4389 odio
1318 4303 1458 4415 majore
1475 4306 1529 4393 di-

84 4443 236 4532 gnum,
259 4418 303 4503 hi
333 4443 446 4525 sunt,
463 4418 531 4533 qui
559 4420 763 4506 claritatem
787 4418 1096 4532 nobilitatemque
1123 4420 1338 4533 majorum,
1361 4452 1477 4537 quam
1500 4424 1530 4507 i-

85 4532 141 4648 psi
163 4536 235 4620 suis
259 4533 402 4738 flagitiis
434 4536 637 4625 obscurant
664 4534 926 4653 foedantque,
944 4534 1101 4622 maxime
1135 4534 1304 4624 omnium
1321 4540 1454 4650 jactare
1470 4570 1539 4624 so·v

83 4649 191 4737 lent.
231 4654 297 4738 Un
323 4682 345 4739 e
373 4653 541 4741 manavit
566 4656 695 4742 tritum
721 4654 813 4739 illud
841 4677 1026 4742 vetustate
1047 4656 1310 4768 proverbium:
1339 4657 1442 4765 Quis
1453 4675 1527 4765 pa·

82 4773 404 4878 tremendam,
437 4779 514 4855 nisi
538 4778 627 4856 mali
651 4770 734 4869 filii
745 4778 757 4852 ἓ
788 4773 873 4856 Hos
906 4797 981 4884 ego
1005 4772 1149 4857 animos
1181 4799 1392 4887 numquam
1426 4801 1529 4859 com·

83 4884 253 4998 mittam,
271 4913 315 4977 ut
329 4892 518 5006 ingenuos
535 4912 574 4975 et
597 4887 738 4974 nobiles
758 4887 962 5001 appellem.
992 4893 1095 4973 Nam
1119 4887 1201 5003 quis
1230 4917 1292 4976 me
1322 4887 1416 4973 ferat
1442 4922 1528 5003 pru·
