4006 5850
505 409 577 480 494
801 391 868 461 DE
893 392 1024 460 FATO
1047 391 1113 462 ΕΤ
1137 391 1318 465 LIBERO
1345 390 1585 466 ARBITRlO

481 513 588 600 tione
616 510 725 598 simul
750 513 892 631 absque
919 543 1031 600 causa
1058 512 1148 599 nihil
1180 511 1258 600 ficri
1279 512 1503 603 confirmare
1533 513 1647 620 licet,
1676 513 1793 600 simul
1812 544 1940 603 casum

479 656 518 716 et
541 628 766 739 fortunam,
792 632 961 748 possibile
994 635 1086 719 item
1108 660 1225 748 atque
1266 635 1492 753 contingens
1524 634 1651 739 tucri,
1677 663 1854 750 quarum
1885 664 1938 722 re·

481 779 565 836 rum
594 750 666 838 istis
698 751 821 836 solum
851 752 1083 839 vocabulum
1111 753 1306 838 retinetur.
1512 813 1529 831 .›

541 870 623 954 Vll.
682 870 769 981 Jam
793 871 902 985 quod
925 900 1002 956 esse
1031 894 1156 984 potest
1185 869 1348 986 apertius
1371 870 1639 976 mendacium,
1662 898 1789 986 quam
1816 873 1934 988 quid-

481 985 575 1100 quid
604 985 703 1073 aliud
722 989 888 1103 sequitur
908 1045 922 1092 ,
945 988 1019 1074 hoc
1035 989 1086 1073 ab
1099 987 1163 1073 illo
1179 988 1374 1082 exsistendi
1387 1017 1549 1075 causam
1557 989 1747 1093 manuari,
1765 1012 1810 1074 et
1822 991 1930 1106 quid-

480 1104 574 1220 quid
603 1105 817 1210 antecedit,
841 1135 991 1192 causam
1020 1134 1097 1194 esse
1119 1105 1395 1223 consequenti?
1426 1106 1570 1193 cumin
1594 1106 1789 1222 plerisque
1808 1110 1929 1216 rebus,

481 1224 594 1309 etiam
618 1254 717 1339 quae
750 1224 854 1309 nullo
882 1225 1060 1341 temporis
1089 1223 1286 1312 intervallo
1302 1225 1398 1310 inter
1429 1254 1467 1309 se
1490 1228 1819 1339 conseqwntur,
1843 1253 1931 1312 con·

481 1365 553 1428 stet
567 1342 664 1455 prius
690 1371 771 1427 non
791 1371 868 1428 esse
890 1371 1042 1429 causam
1075 1341 1304 1456 posterioris.
1339 1340 1420 1426 Nisi
1444 1338 1542 1427 forte
1564 1367 1780 1453 putamus,
1817 1342 1930 1430 inces-

482 1490 543 1545 sus
571 1484 710 1546 statum
723 1488 799 1548 esse
823 1488 1004 1566 causam,
1034 1459 1156 1545 noctis
1172 1460 1272 1553 diem
1287 1483 1510 1562 auctorem,
1531 1459 1640 1575 quod
1656 1457 1839 1574 prolecto
1853 1491 1928 1547 non

482 1576 601 1692 magis
629 1605 762 1666 verunt
795 1602 877 1685 est,
898 1606 1016 1693 quam
1037 1576 1164 1692 siquis
1193 1601 1456 1693 tempestatem
1478 1605 1630 1661 causam
1657 1606 1742 1663 esse
1759 1578 1931 1665 malaciac

482 1694 614 1798 dicat,
638 1720 704 1782 aut
721 1696 867 1785 aestatis
882 1695 1104 1780 effectricem
1136 1696 1309 1781 hiemem.
1343 1699 1399 1780 Ut
1430 1694 1563 1780 merito
1589 1694 1822 1781 demiremur
1846 1697 1927 1783 isto

481 1843 567 1899 rum
594 1842 659 1900 seu
676 1814 851 1903 inscitiam
878 1875 890 1918 ,
919 1843 984 1899 scu
1017 1813 1255 1927 pertinaciam
1289 1836 1444 1918 oportet
1472 1811 1693 1927 appellare,
1725 1815 1795 1930 qui
1810 1839 1853 1900 ut
1883 1815 1928 1902 dc

479 1955 700 2045 tempestate
721 1961 760 2015 et
776 1932 927 2014 malacia
942 1931 1124 2034 diximus,
1154 1931 1204 2015 sic
1218 1958 1342 2014 rerum
1357 1931 1582 2015 naturalium
1610 1957 1747 2017 causas
1774 1929 1926 2018 efficien-

481 2050 521 2137 di
538 2050 721 2150 tradunt3
751 2048 925 2132 nimirum
946 2072 991 2133 ut
1021 2049 1122 2163 prius
1153 2077 1299 2163 semper
1328 2047 1537 2162 posterioris
1560 2076 1717 2135 causam
1742 2080 1822 2136 esse
1836 2079 1926 2136 con·

482 2167 667 2253 tendant:
701 2165 750 2249 ad
768 2166 870 2251 bunc
884 2167 985 2250 enim
1013 2167 1172 2253 modum
1187 2167 1394 2281 quamdam
1410 2165 1514 2251 velut
1541 2190 1751 2273 carenam,
1778 2194 1816 2253 ct
1845 2197 1922 2281 per·

480 2313 639 2403 petuum
668 2312 862 2368 causarum
896 2284 1068 2370 ordinem
1097 2309 1349 2388 connectunt,
1383 2313 1464 2399 quo
1481 2284 1602 2369 minus
1618 2286 1836 2401 quidquam
1852 2287 1923 2373 sine

480 2433 592 2491 causa
614 2398 834 2507 efficiatur,
867 2431 948 2486 non
978 2400 1224 2518 intelligentes
1257 2402 1427 2489 videlicet
1454 2401 1715 2528 compluribus
1747 2407 1790 2490 in
1824 2405 1927 2490 rebus

481 2522 634 2637 priora,
661 2546 704 2605 ut
720 2520 843 2605 statim
860 2519 1102 2625 dicebamus,
1131 2519 1246 2604 nihilo
1263 2521 1379 2635 magis
1408 2548 1484 2605 esse
1508 2547 1637 2605 causas
1664 2522 1926 2636 posteriorum,

480 2670 598 2755 quam
614 2662 752 2723 statum
772 2636 982 2722 incedendi.
1017 2641 1179 2722 Constat
1194 2638 1294 2722 enim
1311 2665 1381 2721 nec
1410 2661 1549 2722 starum
1581 2637 1776 2744 incessui,
1813 2666 1926 2754 neque

482 2757 586 2843 bunc
601 2755 649 2839 illi
665 2755 820 2843 vicissim
836 2783 912 2839 esse
929 2782 1106 2859 causam,
1122 2752 1187 2840 scd
1205 2754 1352 2869 utrique
1368 2755 1496 2839 stantis
1511 2782 1556 2838 ac
1568 2754 1782 2843 incedentis
1799 2757 1926 2844 volun·

482 2897 615 2961 ratem.
647 2873 805 2961 Dictum
819 2897 948 2958 autem
963 2896 1079 2988 atquo
1095 2871 1265 2959 noctium
1282 2929 1296 2976 ,
1313 2871 1449 2987 quibus
1464 2896 1580 2959 status
1595 2898 1652 2960 cst
1671 2877 1804 2980 ordo,
1821 2901 1926 2989 arque

483 3017 661 3089 constans
681 2990 894 3078 vicissitudo
911 3019 1052 3093 ,unam
1068 2991 1319 3105 eamdemque
1334 3018 1484 3076 cauum
1500 3018 1577 3076 esse
1594 3052 1607 3095 ,
1632 2992 1697 3076 cui
1713 3018 1843 3106 potest
1858 3017 1927 3075 esse

483 3108 690 3197 'dubitabile
707 3118 720 3194 ἓ
749 3107 995 3222 Exploratum
1009 3133 1065 3194 est
1080 3108 1181 3193 enim
1196 3108 1358 3224 ipsarum
1374 3133 1413 3193 et
1432 3108 1718 3194 succedentium
1734 3111 1828 3194 anni
1843 3133 1926 3194 tem·

488 3250 625 3344 'porum
640 3255 790 3313 causam
806 3253 883 3312 csse
899 3225 985 3311 solis
1006 3226 1299 3329 circumactum,
1320 3224 1389 3341 qui
1413 3254 1480 3341 per
1506 3225 1707 3339 obliquum
1738 3227 1924 3331 circulum,

486 3374 604 3461 quem
630 3339 852 3453 sigmferum
877 3371 1169 3457 nuncupamus,
1190 3342 1407 3428 accedendo
1435 3366 1475 3428 ct
1496 3344 1713 3430 recedendo
1744 3370 1922 3462 vagatur,

489 3486 687 3550 etauctor
700 3485 755 3547 est
781 3459 1023 3574 plurimarum
1053 3489 1180 3546 rerum
1201 3458 1508 3549 vicissimdinum.
1531 3465 1632 3545 ‘Non
1666 3462 1787 3578 igiutr
1800 3493 1872 3548 nox
1887 3483 1924 3546 et

487 3581 565 3668 dies
595 3640 608 3685 ,
628 3579 745 3665 hiems
764 3604 805 3666 et
826 3601 973 3684 aecus,
1002 3578 1099 3663 inter
1113 3606 1153 3663 se
1171 3597 1364 3663 catenatae
1384 3601 1653 3693 consertaeque
1678 3605 1774 3666 sunt
1790 3638 1804 3685 ,
1820 3605 1861 3664 ut
1884 3577 1926 3661 al

488 3724 614 3783 terum
640 3697 787 3784 alterius
806 3722 957 3781 causam
979 3723 1057 3782 esse
1081 3694 1343 3782 concludatur.
1376 3698 1460 3780 Noc
1491 3694 1544 3783 ob
1571 3724 1658 3780 enm
1686 3726 1771 3783 rem
1794 3696 1925 3812 pericu

488 3813 569 3900 lum
586 3838 669 3919 est,
692 3843 741 3899 ne
757 3811 951 3918 mundus,
973 3838 1013 3900 et
1043 3840 1199 3919 terum,
1226 3810 1383 3927 quaein
1406 3813 1555 3899 mundo
1568 3836 1658 3898 sunt
1687 3814 1755 3903 vel
1770 3810 1926 3900 efficiun-

491 3956 582 4036 tur,
603 3931 724 4018 unitas
740 3930 930 4035 dehiscat,
958 3929 1050 4015 etin
1073 3957 1195 4044 partes
1214 3929 1441 4034 diducatur,
1467 3957 1554 4016 cum
1579 3930 1670 4017 satis
1693 3932 1822 4019 valcat
1844 3930 1925 4016 solis

490 4048 707 4162 hujusmodi
723 4073 849 4136 motus
869 4047 1155 4151 continuitatem
1171 4047 1305 4133 harum
1320 4077 1445 4133 rerum
1460 4053 1694 4136 conseruare.
1709 4055 1849 4166 Neque
1862 4047 1928 4131 nisi

487 4166 714 4272 incedendi,
743 4186 859 4255 status
875 4163 999 4251 afuerit
1026 4165 1065 4250 in
1082 4194 1223 4270 causa,
1251 4167 1421 4280 protinus
1445 4190 1587 4251 comme
1602 4193 1645 4253 et
1671 4167 1769 4254 citra
1786 4196 1928 4254 mamm

492 4284 604 4371 fuerit
631 4287 802 4370 incessus.
833 4289 892 4368 Ex
908 4313 1000 4397 ,quo
1028 4282 1111 4368 licet
1139 4282 1354 4399 intelligere,
1379 4282 1592 4397 hujusmodi
1609 4312 1812 4372 causarum
1839 4317 1931 4372 oon·

493 4401 653 4486 nexione
677 4401 725 4485 ab
740 4403 813 4486 istis
837 4399 1075 4518 excogitata,
1099 4428 1180 4485 non
1213 4428 1477 4487 rectecausam
1503 4429 1584 4489 ,esse
1616 4401 1842 4512 redditam,
1869 4428 1930 4490 cur

495 4517 586 4603 nihil
601 4541 741 4602 temere
755 4514 946 4603 efficiatur.
981 4523 1084 4601 Nam
1100 4523 1145 4602 ut
1163 4544 1288 4605 motus
1307 4543 1347 4605 et
1361 4544 1535 4635 tempora
1550 4550 1574 4604 a
1590 4521 1825 4635 quibusdam
1849 4552 1927 4608 cau·

494 4638 539 4722 sis
557 4633 869 4750 proficiscuntur,
894 4658 1116 4721 nontamen
1132 4664 1259 4722 motus
1274 4668 1297 4721 a
1310 4642 1591 4753 motu,neque
1600 4642 1800 4756 tempusa
1811 4639 1925 4756 prori-

484 4783 556 4843 me
572 4753 806 4839 antecedenti
821 4777 992 4866 tempore
1004 4743 1148 4863 ‚veluta
1161 4782 1272 4840 causa
1285 4755 1420 4841 dicitur
1441 4784 1647 4865 emanare,
1670 4757 1723 4843 sic
1751 4760 1805 4848 de
1829 4759 1926 4846 rebus

495 4869 734 4991 statuendum
751 4896 807 4957 est
824 4932 836 4977 ,
853 4869 1005 4987 quaein
1021 4896 1190 4986 tempore
1206 4899 1244 4960 et
1263 4898 1496 4988 permotum
1513 4872 1739 4963 efficiuntur.
1920 4904 1923 4908 ·

1883 5001 1929 5084 At
