4020 5864
618 376 685 444 IN
723 373 1056 448 ERASMUM.
1465 395 1529 462 545

55 529 57 533 “
99 506 215 607 'Quae
243 504 503 595 conviciorum
536 501 754 616 importuna
778 502 957 616 jactatio,
987 505 1222 617 quamquam
1249 503 1352 618 apud
1369 532 1434 589 eos
1452 562 1465 607 ,
1482 500 1548 618 qui

95 627 206 740 hujus
222 624 357 709 summi
377 623 444 712 viri
463 623 635 736 ingentes
652 622 836 725 virtutes,
866 651 910 706 ac
926 620 1052 708 omnis
1067 622 1259 707 doctrinae
1284 622 1543 737 praestantiam

90 769 387 863 perspexerunt,
411 769 493 825 non
512 740 595 853 plus
611 740 750 827 habeat
774 740 979 855 ponderis,
1008 767 1077 824 nec
1109 740 1254 825 minore
1279 742 1463 828 cachinno
1480 773 1542 831 ex·
1642 748 1644 753 '

86 865 274 978 cipiatur,
295 892 413 977 quam
432 887 534 947 vana
549 860 747 971 quondam
776 857 1033 974 pronuntiatio
1054 859 1197 973 Zopyri
1220 859 1259 943 in
1274 862 1465 945 Socratem
1482 863 1537 949 vi-

84 1010 169 1069 rum
188 981 389 1088 divinum,
417 969 640 1064 multa'vitia
670 976 808 1089 exejus
831 976 954 1063 forma
975 976 1210 1093 colligentis,
1236 979 1339 1092 apud
1371 979 1536 1066 Alcibia-

82 1100 172 1188 dem
212 1126 252 1185 et
268 1125 411 1185 ceteros
435 1095 594 1182 Socratis
623 1094 817 1183 familiares
834 1096 963 1181 talium
994 1095 1033 1180 in
1065 1125 1114 1181 eo
1137 1098 1313 1184 vitiorum
1339 1127 1387 1184 ne
1418 1100 1534 1186 vesti·

81 1219 188 1335 gium
215 1217 371 1333 quidem
386 1239 632 1332 agnoscentes
650 1243 662 1318 3
689 1210 816 1303 tamen
834 1217 936 1330 apud
952 1238 1128 1323 ceteros,
1159 1242 1324 1333 quantus
1339 1244 1432 1305 esset
1464 1219 1534 1304 Al·

81 1340 208 1424 bettus
233 1335 325 1422 Pius
354 1337 599 1453 ignorantes,
623 1334 817 1452 ipsamque
845 1334 1133 1451 posteritatem,
1161 1361 1239 1421 tant
1270 1337 1392 1423 dirum
1418 1339 1533 1424 habet

81 1483 217 1573 sponte
232 1483 301 1540 sua
326 1482 516 1541 venenum
533 1513 547 1560 ,
563 1477 640 1537 tarn
658 1453 799 1569 gloriae
816 1478 854 1538 et
870 1453 1126 1540 existimationi
1150 1455 1241 1540 illius
1266 1457 1529 1570 perniciosum,

82 1599 127 1660 ut
142 1575 191 1661 ab
214 1573 254 1659 iis
269 1636 282 1682 ,
299 1574 438 1690 quibus
454 1572 597 1660 Albetti
615 1601 757 1659 nomen
774 1574 887 1660 debet
910 1601 988 1659 esse
1013 1600 1152 1679 curae,
1176 1576 1432 1693 memoriaque
1446 1580 1530 1663 cha-

27 1748 45 1777 .
80 1719 151 1800 ra,
176 1694 254 1780 sine
269 1691 402 1779 scelere
420 1718 459 1779 et
474 1691 664 1807 impietate
678 1693 815 1809 negligi
834 1719 913 1776 non
932 1720 1040 1807 posse
1057 1691 1238 1782 videatur.
1476 1799 1478 1813 1

73 1875 79 1883 ·
141 1816 186 1898 11.
246 1812 330 1898 Scio
347 1811 460 1929 igitur
480 1812 622 1897 multos
638 1807 749 1918 fore,
775 1810 841 1927 qui
857 1810 974 1898 velint
993 1828 1037 1896 ct
1060 1811 1202 1924 possint
1232 1811 1431 1900 maledicta
1459 1842 1534 1902 tua

82 1928 288 2018 refellendo
318 1928 441 2019 lamae
467 1930 544 2044 ejus
576 1929 834 2044 patrocinari,
862 1929 937 2015 hoc
953 1955 1080 2017 tamen
1093 1927 1263 2014 officium
1291 1933 1408 2048 magis
1426 1963 1448 2016 a
1465 1964 1528 2022 me

78 2047 198 2136 -video
215 2111 227 2156 ,
247 2073 285 2136 et
299 2050 448 2163 potiore
463 2050 634 2163 quodam
651 2048 729 2158 jure
745 2106 760 2154 ,
775 2078 892 2165 quam
915 2047 1083 2135 aceteris
1100 2048 1312 2163 exspectari.
1343 2051 1542 2158 Primum,

77 2167 171 2281 ,quia
188 2197 304 2256 nemo
321 2197 384 2254 me
406 2165 616 2256 familiarius
631 2167 830 2254 Albertum
846 2166 957 2251 Pium
983 2163 1125 2273 coluit,
1154 2167 1295 2252 nemini
1323 2169 1441 2282 maior
1456 2167 1527 2257 fuit

78 2287 229 2372 occasio·
268 2317 392 2371 mores
408 2287 501 2372 illius
542 2313 580 2371 et
611 2283 822 2369 doctrinam
850 2283 1118 2401 cognoscendi.
1165 2285 1314 2374 Deinde
1342 2288 1526 2403 quoniam
1634 2394 1640 2403 ,

77 2428 166 2491 cum
191 2403 242 2488 illi
269 2403 427 2518 Principi
451 2400 559 2487 multi
589 2401 708 2487 multa
725 2402 927 2508 debeant,
953 2431 1029 2519 ego
1060 2400 1152 2486 nihil
1184 2433 1245 2489 me
1277 2432 1357 2490 nott
1387 2408 1536 2494 debere

78 2517 284 2634 profiteor,
308 2521 376 2637 qui
393 2550 456 2609 me
480 2519 659 2606 Bononia
686 2549 732 2606 ex
757 2521 931 2636 Collegio
960 2521 1216 2634 Hispanorum
1243 2549 1397 2639 propter
1425 2555 1544 2617 non-A

78 2637 221 2725 nullam
238 2636 422 2746 fortasse,
450 2669 568 2758 quam
590 2637 639 2724 de
656 2638 783 2725 studiis
814 2639 903 2724 meis
933 2638 1100 2725 habebat
1124 2640 1344 2754 opinionem
1369 2704 1380 2747 ,
1410 2645 1524 2732 adse

76 2782 213 2871 sponte
239 2787 306 2846 sua
333 2783 515 2852 vocatum
546 2770 625 2864 (ut
640 2758 697 2845 vir
725 2756 957 2844 doctissimus
972 2756 1172 2843 hominum
1188 2788 1269 2845 non
1281 2760 1523 2854 indoctorum

74 2870 243 2962 familiari
271 2878 546 2968 consuetudine
573 2874 861 2987 delectabatur)
884 2900 963 2961 tam
980 2876 1146 2962 humane
1162 2907 1336 2994 semper,
1366 2904 1525 2999 tamque

27 3048 37 3053 κ-
75 3018 245 3082 amanter
260 2994 399 3086 multos
421 3024 544 3083 annos
559 2995 765 3101 tractavit,
798 3020 841 3082 ut
865 2994 955 3078 nihil
973 2994 1032 3082 vel
1048 2996 1232 3101 honoris,
1261 2997 1321 3088 vel
1338 3062 1340 3066 -
1356 2997 1523 3118 benigni·

75 3111 192 3220 tatis,
221 3113 274 3201 nil
305 3116 470 3235 denique
496 3113 634 3204 favoris
661 3113 840 3228 cuiquam
869 3142 1024 3200 suorum
1052 3112 1220 3199 tribuerit
1251 3176 1263 3220 ,
1290 3117 1400 3233 quod
1432 3121 1523 3210 milri

75 3257 158 3317 non
174 3227 287 3319 fuerit
312 3264 401 3322 sane
417 3234 551 3322 lubens
566 3233 798 3346 impartitus:
827 3262 993 3348 quorum
1019 3228 1288 3320 beneficiorum
1318 3233 1523 3326 immemo-

79 3376 159 3434 rem
177 3380 315 3469 agere,
347 3354 508 3443 hominis
522 3377 617 3440 esset
630 3380 713 3438 non
741 3350 864 3437 solum
891 3350 1055 3468 ingrati,
1080 3351 1145 3437 sed
1174 3351 1287 3439 etiam
1313 3353 1521 3446 inhumani.

76 3465 312 3576 Postrem0‚
339 3473 449 3588 quod
463 3496 578 3587 caput
607 3492 698 3575 est,
726 3469 910 3586 quoniam
941 3469 1007 3553 ubi
1030 3493 1074 3554 tu
1102 3471 1248 3556 conaris
1277 3472 1415 3588 ingenii
1445 3476 1523 3591 ejus

77 3609 195 3702 atquc
213 3586 408 3678 doctrinae
425 3589 578 3677 laudem
607 3587 657 3674 ad
685 3586 776 3673 alios
803 3589 1061 3706 detorquere,
1083 3587 1228 3702 aliquot
1256 3614 1295 3676 te
1328 3593 1524 3683 nominare

77 3732 188 3819 posse
206 3705 313 3794 nimis
342 3707 537 3797 artificiose
559 3703 709 3812 dixisti,
733 3706 801 3792 sed
828 3735 890 3792 me
912 3734 1033 3791 unum
1067 3707 1294 3814 nominasti,
1327 3710 1437 3822 cujus.
1462 3714 1522 3802 ille

76 3822 295 3912 abuteretur
312 3857 429 3945 opera
444 3826 499 3913 ad'
510 3822 676 3912 fabulam
691 3823 799 3908 istam
815 3824 1066 3942 peragendam
1085 3856 1229 3942 ,quam
1245 3850 1301 3935 tu,
1318 3829 1393 3937 vel,
1413 3835 1522 3948 quod

75 3942 195 4061 magis
211 3941 354 4053 cted0,
382 3945 556 4035 homines
570 3943 685 4060 aliqui
699 3941 946 4049 calumniosi,
974 3943 1041 4060 qui
1068 3945 1118 4029 ad
1147 3969 1292 4032 tetam
1321 3948 1523 4063 impudens

78 4062 585 4175 mendacium'detulctunt‚
606 4086 650 4150 ut
666 4092 691 4148 a
706 4088 745 4148 te
760 4061 918 4180 gratiam
934 4061 1097 4177 aliquam
1127 4062 1290 4170 inirent,
1313 4068 1425 4154 stulte
1457 4072 1524 4158 ad·

76 4179 239 4266 modum
254 4188 465 4274 commenti
478 4210 578 4275 sunt.
609 4185 742 4280 Quam
758 4181 807 4269 dc
823 4209 884 4267 me
909 4179 1224 4296 praedicationem
1240 4179 1368 4270 falsam
1383 4185 1422 4271 in
1452 4189 1525 4302 pri·

77 4294 193 4383 missi
213 4299 486 4391 dissimulanter
511 4327 549 4390 et
581 4300 726 4390 silentio
751 4297 1042 4415 praeterissem:
1070 4326 1120 4382 an
1141 4327 1221 4385 non
1250 4303 1384 4390 merito
1417 4308 1526 4423 argui

75 4443 224 4530 possem
242 4476 257 4524 ,
272 4449 452 4542 arrogare
467 4419 558 4509 milri
573 4419 732 4507 alienam
747 4417 935 4535 gloriam,
964 4441 1001 4505 et
1026 4443 1093 4532 pet
1122 4446 1312 4507 summurn
1339 4421 1525 4542 flagitium

74 4531 232 4621 istorum
249 4537 433 4627 artificum
449 4537 593 4629 technis
605 4536 890 4627 obsecundatel

69 4719 71 4723 .
137 4655 200 4740 111.
258 4658 496 4747 Provinciam
521 4657 666 4776 igitur,
693 4685 813 4773 quam
838 4681 1006 4743 recusare
1036 4652 1114 4743 sine
1145 4655 1280 4747 scelere
1308 4690 1387 4749 non
1418 4690 1525 4779 pote,

75 4797 184 4879 tarn,
210 4799 344 4889 sponte
362 4777 529 4893 suscepi,
559 4775 625 4862 sed
653 4801 704 4860 eo
719 4775 880 4883 animo,
906 4804 989 4861 non
1007 4799 1050 4861 ut
1068 4777 1213 4864 Erasmi
1239 4774 1378 4867 famam
1402 4780 1526 4870 laede·

76 4913 189 4996 tem,
215 4890 320 5006 cujus
342 4890 635 5016 iugeniofaveo
657 4916 773 4984 acuto
804 4892 845 4986 in
875 4892 1001 5013 primis
1033 4919 1073 4981 et
1100 4895 1291 5018 eleganti,
1318 4922 1359 4990 ct
1384 4898 1529 4988 doctri·

141 5008 249 5101 Tam.
263 5010 329 5104 W.
985 5017 1081 5110 Zzz
1253 5034 1255 5037 ·
1442 5046 1533 5130 nam
