4006 5850
485 372 558 467 43⁸
845 365 1222 447 unumunurm
1251 364 1538 440 ETDISPENS.

461 495 540 582 ciac
564 493 692 581 locum
720 521 824 599 esse,
852 524 1018 610 quatum
1050 494 1237 581 rectitudo
1263 495 1318 580 ob
1340 493 1542 581 hominum
1570 483 1912 607 humanorumque

462 641 619 701 actuum
635 613 1005 728 inaequabilitatem,
1037 613 1354 720 inconstantiam,
1382 640 1426 713 ac
1453 641 1671 725 temporum
1688 609 1913 698 vicissitudi-

465 760 533 819 nes
551 795 565 840 ,
580 758 645 820 aut
660 730 833 817 locorum
848 730 1057 820 discrimina
1072 731 1289 845 hujusmodi
1304 755 1385 837 est,
1404 754 1447 816 ut
1463 730 1645 835 varietas,
1673 728 1714 813 in
1741 757 1829 813 eam
1851 725 1910 814 vel

448 851 627 938 -omnino
643 849 757 964 possit
774 911 787 956 ,
806 848 867 937 vel
883 879 928 935 ex
944 873 1049 964 parte
1063 850 1212 935 cadere,
1243 855 1348 934 Nam
1374 877 1462 933 cum
1488 877 1612 933 rerum
1629 847 1678 930 ab
1696 846 1909 932 bominibus

466 969 699 1086 agendarum
714 967 886 1053 instabilis
898 997 942 1054 ac
959 967 1061 1055 vatia
1076 993 1209 1054 natura
1224 968 1366 1053 nullam
1382 967 1503 1082 legem
1518 967 1567 1053 de
1580 994 1618 1052 se
1633 962 1720 1050 fetri
1736 964 1906 1078 patiatur,

465 1116 566 1202 quae
583 1085 757 1172 omnibus
780 1085 995 1172 bominibus
1021 1087 1249 1192 conveniat,
1279 1084 1386 1171 omni
1408 1086 1497 1170 loco
1512 1109 1627 1199 atque
1642 1082 1811 1198 tempori
1838 1110 1909 1167 ser·

467 1205 571 1292 viat:
601 1233 747 1291 necesse
763 1228 819 1289 est
851 1204 890 1289 in
917 1203 1022 1289 omni
1038 1206 1221 1319 sapienter
1249 1204 1416 1289 instituta
1433 1203 1619 1319 republica
1642 1200 1842 1317 aliquem,
1871 1223 1911 1288 ut

468 1352 580 1438 supra
595 1322 839 1408 indicavimus
856 1383 869 1427 ,
895 1350 998 1428 esse,
1015 1322 1082 1436 qui
1097 1322 1310 1434 hujusmodi
1326 1321 1469 1437 legibus
1485 1321 1641 1436 imperet
1663 1383 1676 1425 ,
1708 1344 1748 1404 et
1761 1347 1838 1433 pro
1853 1347 1911 1402 na·

468 1442 652 1529 scentium
668 1469 790 1525 rerum
807 1439 1018 1527 diversitate
1036 1501 1049 1545 ,
1065 1463 1105 1524 et
1126 1440 1359 1556 singulorum
1376 1437 1576 1525 hominum
1599 1437 1824 1523 conditione
1837 1465 1912 1520 san·

468 1584 530 1643 cte
546 1584 662 1676 atque
677 1558 878 1672 prudenter
894 1558 1123 1643 moderetur.
1157 1558 1280 1653 Quod
1294 1558 1322 1643 si
1337 1557 1376 1663 in
1390 1554 1465 1641 aliis
1482 1557 1591 1642 rebus
1619 1555 1781 1669 publicis
1797 1552 1913 1638 homi·

470 1704 565 1760 num
584 1675 760 1791 sapientia
790 1670 982 1778 fundatis,
1012 1674 1284 1790 diligentissime
1307 1701 1461 1760 cautum
1483 1698 1539 1759 est
1563 1703 1587 1757 a
1614 1671 1907 1787 legislatorrbus,

469 1793 535 1907 qui
552 1795 649 1889 banc
666 1792 945 1908 potestatemin
960 1821 1093 1876 omnes
1108 1792 1220 1909 leges,
1238 1793 1376 1908 quibus
1390 1794 1506 1877 utitur
1528 1791 1751 1905 respublica,
1769 1790 1907 1905 regibus

469 1912 547 1997 sive
563 1912 714 1997 summis
728 1910 1000 2026 magistratibus
1023 1911 1258 1997 tribuerunt:
1291 1939 1419 1995 nonne
1445 1906 1600 1996 stultum
1625 1933 1752 2014 esset,
1780 1937 1830 1992 ne
1857 1906 1909 1993 di<

429 2122 433 2131 ,
469 2057 555 2115 cam
571 2026 753 2115 nefarium
768 2054 807 2113 et
820 2027 974 2143 impium
989 2085 1004 2132 ,
1020 2052 1152 2142 putare
1168 2089 1181 2134 ,
1196 2027 1234 2112 id
1260 2058 1284 2111 a
1299 2028 1453 2112 Christo
1479 2033 1567 2112 Deo
1583 2026 1736 2140 optimo
1754 2024 1913 2109 maximo

432 2191 445 2203 ,
468 2145 510 2232 in
526 2176 592 2230 sua
618 2145 805 2260 republica
820 2174 860 2231 et
888 2145 1052 2237 Ecclesia
1067 2141 1173 2231 luisse
1189 2146 1517 2262 praetermissum?
1545 2167 1613 2228 aut
1636 2144 1764 2258 ipsum
1780 2141 1913 2255 parcius

471 2261 601 2379 legum
615 2262 720 2380 quasi
736 2262 930 2369 habenas,
955 2277 1072 2380 quam
1088 2278 1231 2351 ceteros
1246 2263 1372 2380 legum
1398 2263 1560 2367 latores,
1595 2261 1821 2375 avariusque
1844 2289 1906 2373 po

471 2405 645 2468 testatem
661 2381 759 2467 illam
776 2381 915 2468 vicariis
929 2383 1000 2467 suis
1016 2381 1234 2498 reliquisse?
1268 2381 1400 2467 Multo
1418 2380 1530 2497 igitur
1546 2378 1649 2465 aliter
1677 2407 1760 2464 sese
1782 2405 1839 2462 tes
1854 2377 1913 2461 ha·

471 2498 539 2587 bet
555 2562 567 2607 ,
582 2527 653 2586 nec
669 2499 764 2586 ullus
779 2529 962 2615 umquam
978 2500 1191 2615 legislator,
1217 2499 1319 2585 nulla
1340 2499 1468 2587 civitas
1486 2522 1585 2604 ,aut
1612 2525 1809 2613 regnum,
1836 2493 1914 2608 ple·

471 2644 561 2702 nam
579 2618 739 2731 cuipiam
760 2617 888 2734 legum
906 2618 1204 2704 moderationem
1221 2642 1260 2702 et
1277 2617 1475 2732 imperium
1492 2643 1571 2701 tam
1598 2613 1704 2731 large
1720 2641 1768 2698 ac
1795 2613 1915 2697 libcra-

303 2745 439 2799 ΝΜ·
471 2733 554 2820 liter
586 2734 648 2822 vel
676 2735 807 2839 dedit,
829 2736 895 2821 vel
926 2735 1015 2821 dare
1038 2736 1195 2849 potuit,
1222 2763 1339 2851 quam
1363 2734 1535 2818 Christus
1566 2734 1682 2818 Petro
1702 2730 1915 2845 Apostolo-

471 2882 557 2937 rum
574 2852 726 2967 principi
743 2912 756 2954 ,
771 2852 925 2966 ejusque
940 2854 1206 2938 successoribus
1221 2850 1458 2967 pontificibus
1475 2908 1490 2956 ,
1507 2878 1596 2935 cum
1613 2849 1789 2935 solvendi
1804 2875 1915 2961 atque

472 2969 612 3086 ligandi
626 2992 851 3084 potestatem
869 2969 922 3053 his
935 2968 1062 3073 dedit,
1076 2996 1115 3055 et
1131 2968 1372 3086 clavesregni
1387 2969 1577 3054 caelorum
1595 2967 1781 3052 attribuit.
1796 2963 1913 3059 Quod

300 3171 340 3220 Μ.
378 3171 388 3210 ¹
411 3171 464 3211 ma·
473 3090 549 3173 alta
565 3112 690 3174 mente
706 3086 929 3202 prospiciens
946 3092 1027 3171 Leo
1042 3091 1144 3202 Papa
1162 3115 1173 3172 t
1207 3088 1340 3170 Manet
1356 3114 1445 3197 ergo
1461 3147 1474 3192 ,
1489 3085 1640 3202 inquit,
1660 3091 1910 3196 privilegium

281 3232 337 3275 nee
350 3169 402 3222 ᾤ’
473 3207 616 3309 Petri,
639 3208 854 3311 ubicumque
868 3232 918 3288 ert
932 3211 1055 3313 ipsius
1071 3213 1258 3311 aequitate
1270 3204 1408 3309 fertur
1415 3209 1619 3313 judicium.
1869 3313 1871 3315 ι

534 3325 635 3408 V111.
694 3325 784 3408 Hoc
798 3322 908 3437 igitur
922 3320 1021 3426 alte,
1051 3347 1094 3409 ut
1110 3323 1265 3438 quidem
1282 3352 1498 3435 speramus,
1519 3320 1617 3433 jacto
1648 3316 1917 3429 fundamento,

475 3441 515 3527 in
531 3463 684 3556 promtu
698 3439 767 3524 erit
785 3439 954 3524 adhunc
972 3439 1077 3525 velut
1093 3467 1250 3553 scopum
1268 3439 1521 3541 intuentibus,
1550 3466 1685 3525 omnes
1715 3440 1914 3527 dubitatio

477 3587 543 3645 nes
559 3588 603 3644 ac
615 3554 847 3644 difficultates
865 3556 1048 3670 expedire.
1081 3557 1253 3661 Quaeris,
1272 3586 1364 3642 num
1381 3555 1734 3643 summisacerdotis
1761 3583 1919 3673 potestas

477 3706 558 3762 non
571 3676 692 3762 modo
709 3675 848 3791 legibus
864 3674 1030 3759 humana
1047 3674 1245 3787 prudentia
1259 3675 1420 3760 conditis
1434 3674 1680 3779 dominetur,
1711 3676 1782 3760 sed
1810 3677 1859 3760 ad
1875 3676 1922 3759 le·

478 3823 543 3910 ges
564 3794 677 3880 etiam
693 3816 848 3896 naturae
863 3816 1013 3905 serpat,
1034 3818 1073 3876 et
1087 3821 1180 3896 eas,
1204 3821 1305 3907 quae
1322 3793 1452 3881 divino
1467 3793 1544 3903 jure
1563 3792 1822 3878 continentur.
1848 3792 1920 3876 Pri·

477 3940 585 3994 mum
601 3912 716 4015 dico,
744 3938 837 4024 quas
854 3909 953 4026 leges
982 3936 1105 4023 neque
1122 3935 1256 3995 natura
1274 3970 1287 4014 ,
1306 3939 1431 4026 neque
1457 3911 1585 3998 divina
1616 3909 1827 4023 sapientia,
1851 3905 1914 3993 sed

477 4027 675 4114 hominum
692 4027 865 4115 voluntas
881 4029 935 4112 ob
959 4027 1100 4142 aliquas
1116 4025 1407 4114 commoditates
1420 4029 1627 4144 prudenter
1655 4030 1837 4130 sanxerit,
1852 4024 1921 4110 has

476 4143 695 4259 pontificem
717 4174 824 4260 posse
841 4174 911 4259 pro
927 4175 998 4232 suo
1014 4146 1195 4233 arbitratu
1211 4176 1257 4232 cx
1274 4175 1356 4232 non
1382 4146 1433 4231 ita
1450 4175 1590 4262 magna
1614 4173 1759 4251 causa,
1783 4172 1826 4230 ac
1846 4139 1925 4229 lor·

477 4263 571 4347 sitan
594 4262 673 4348 sola
691 4262 886 4351 voluntate
901 4263 1083 4351 relaxare:
1111 4290 1178 4351 aut
1193 4264 1221 4348 si
1237 4294 1297 4350 res
1306 4289 1459 4377 poscet,
1483 4260 1654 4374 abolita(
1671 4290 1716 4348 ut
1734 4266 1776 4347 in
1793 4263 1922 4348 talibus

476 4377 555 4464 fieri
570 4380 723 4496 potest)
744 4380 969 4468 rectitudinis
998 4393 1136 4488 causa,
1162 4411 1313 4497 prorsus
1337 4385 1536 4499 abrogare.
1568 4380 1721 4469 Deinde
1749 4381 1861 4498 quod
1875 4377 1920 4464 ad

476 4522 633 4583 naturae
650 4497 867 4615 divinasque
881 4499 980 4615 leges
998 4500 1160 4606 attinet,
1191 4499 1284 4586 nolo
1298 4501 1511 4616 quidquam
1526 4525 1668 4585 temere
1695 4525 1922 4587 asseverare:

475 4613 554 4701 ficri
570 4616 669 4701 enim
685 4642 838 4730 potest,
864 4641 908 4700 ut
922 4614 1027 4700 fallar
1059 4618 1180 4702 bomo
1213 4618 1344 4703 ceteris
1370 4647 1441 4703 nec
1461 4617 1692 4723 oculatior,
1719 4647 1794 4703 nec
1820 4618 1924 4734 inge-

478 4733 642 4820 niosior:
663 4759 792 4822 tamen
808 4734 942 4820 sivetu
964 4758 1081 4838 sunt,
1104 4763 1205 4849 quae
1222 4765 1333 4850 supra
1353 4735 1616 4841 disseruimus,
1649 4759 1695 4821 ut
1711 4765 1793 4822 esse
1806 4732 1925 4823 omni·

476 4879 531 4940 no
548 4851 747 4964 videntur,
775 4852 954 4971 equidem
968 4881 1049 4943 non
1065 4852 1264 4974 intelligo,
1296 4882 1364 4944 cur
1379 4854 1428 4944 de
1460 4855 1637 4954 omnibus
1652 4914 1667 4967 ,
1681 4885 1851 4975 quarum
1873 4875 1925 4940 est

1870 4999 1924 5063 αι
