4050 5858
659 375 863 448 arsen
910 375 974 442 ιιι.
1050 418 1051 421 ¹
1454 374 1524 467 287

55 610 56 613 q
93 505 300 600 detestatur
315 500 524 593 Christiana
539 502 774 618 philosophia
791 567 803 611 ,
819 503 1006 621 quoniam
1027 499 1224 589 humilitati
1239 501 1468 589 contrarium
1486 505 1550 589 ha·

95 630 235 733 betur,
252 625 378 713 virtuti
400 655 423 709 a
449 621 602 709 Christo
628 624 787 710 maxime
806 626 980 708 omnium
1007 623 1114 706 nobis
1139 622 1188 706 ad
1213 622 1437 708 imitandum
1462 653 1549 737 pro

93 747 238 864 positae
255 807 266 850 ,
283 773 365 831 non
390 744 512 829 solum
537 741 685 845 verbis,
702 772 789 828 cum
818 742 898 849 ait,
916 745 1071 824 Discite
1094 768 1118 823 a
1144 768 1200 823 me
1220 801 1233 847 ,
1252 750 1316 847 qui
1341 750 1444 824 mitis
1468 768 1549 826 sum
1562 782 1703 840 trauan,

94 881 135 951 et
162 868 312 951 humilis
344 866 482 967 eorde,
512 860 577 946 sed
606 889 720 974 opere
755 861 877 947 multo
907 859 1020 945 etiam
1044 860 1184 976 magis.
1221 863 1324 942 Nam
1355 860 1549 973 primum,
1637 944 1638 947 a

93 1015 183 1071 cum
209 988 313 1068 Deus
332 1004 425 1066 esset
443 1042 455 1085 ,
472 979 593 1065 homo
615 975 734 1064 iactus
756 1004 812 1064 est
829 1041 841 1084 ,
858 976 1080 1093 infirmaque
1098 1003 1137 1063 et
1154 977 1422 1064 contemtibilia
1439 1009 1549 1064 mun·

97 1103 136 1189 di
160 1101 294 1218 elegit:
321 1098 456 1185 deinde
473 1160 485 1203 ,
502 1126 591 1184 cum
614 1098 720 1182 omni
742 1098 879 1184 virtute
907 1123 1050 1183 ceteros
1076 1126 1209 1183 omnes
1234 1095 1405 1181 homines
1430 1099 1547 1184 excel·
1564 1129 1585 1164 ¹·
1601 1118 1656 1166 cn.
1673 1132 1695 1169 1·

95 1219 190 1307 leret
205 1279 217 1324 ,
235 1249 284 1306 eo
306 1243 442 1304 tamen
459 1246 497 1301 se
513 1214 657 1302 demisit
673 1277 685 1321 ,
703 1241 746 1302 ut
771 1218 884 1332 pedes
901 1216 1013 1302 etiam
1037 1246 1192 1302 suorum
1215 1213 1480 1330 discipulorum
1497 1217 1549 1302 la·

91 1363 205 1426 -varet
222 1370 230 1424 :
246 1367 291 1422 ac
315 1366 365 1424 ne
379 1363 577 1452 persequar
600 1334 746 1452 singula
761 1398 775 1441 ,
789 1360 873 1422 rota
898 1335 973 1423 vita
989 1335 1126 1421 Christi
1147 1336 1187 1419 in
1210 1335 1314 1420 terris
1335 1363 1401 1449 per
1428 1337 1550 1422 homi·
1575 1356 1651 1421 aaut.
1671 1370 1710 1418 ra

92 1485 211 1560 nem,
229 1486 345 1572 quem
370 1454 551 1569 suscipere
583 1454 759 1571 dignatus
790 1480 846 1540 est
863 1454 1079 1569 ,disciplina
1108 1483 1258 1539 morum
1292 1450 1390 1560 fuit,
1408 1455 1551 1541 humili

95 1589 212 1662 tatem
237 1576 433 1691 praecipue
461 1574 734 1659 commendans
752 1597 823 1679 ,ut
851 1572 904 1658 ait
928 1574 1190 1692 Augustinus,
1207 1571 1273 1688 qui
1296 1572 1370 1657 alio
1396 1572 1434 1656 in
1461 1573 1549 1662 loco
1562 1602 1599 1675 ue
1613 1608 1741 1655 venna·

94 1694 146 1780 ad
173 1695 441 1809 capessendam
468 1715 506 1776 et
534 1689 785 1778 obtinendam
813 1691 1009 1780 veritatem
1038 1693 1196 1806 primam
1223 1691 1325 1777 viam
1357 1679 1689 1796 humilia-iiiia».
1710 1726 1744 1777 a

96 1836 175 1898 tem
190 1840 267 1898 esse
282 1835 440 1898 testatur
458 1870 470 1913 ,
487 1833 526 1895 et
549 1809 751 1896 secundam
767 1868 781 1915 ,
796 1835 836 1896 et
858 1811 949 1897 item
965 1810 1112 1896 tertiam
1129 1844 1138 1895 :
1157 1833 1201 1895 ut
1227 1809 1323 1895 inter
1339 1835 1461 1924 partes
1476 1813 1550 1898 elo
1562 1784 1671 1834 Μ’

96 1929 275 2045 quentiae
301 1930 351 2017 de
377 1927 683 2045 pronuntiatione
711 1929 871 2015 traditur
903 1929 1134 2046 respondisse
1167 1929 1469 2015 Demosthenes.
1501 1938 1552 2015 Er

94 2047 234 2134 Paulus
249 2047 531 2133 Colossensibus
551 2046 735 2152 scribens,
752 2044 919 2155 induite,
936 2049 1078 2165 inquit,
1095 2076 1191 2152 vas,
1208 2058 1309 2132 sicut
1330 2055 1438 2131 electi
1456 2051 1548 2157 Dei,
1563 2085 1623 2142 cap.
1640 2096 1664 2140 ³.

94 2174 221 2249 sanati
245 2183 283 2249 et
304 2171 433 2250 dilecti
450 2224 463 2271 ,
479 2166 744 2274 benignitatem
760 2181 797 2249 et
823 2169 1093 2252 humilitatem.
1116 2167 1251 2254 Itidem
1275 2166 1326 2252 ad
1354 2167 1549 2283 Ephesios,
1563 2201 1627 2263 erp.
1641 2215 1669 2264 4.

95 2285 260 2369 Obsecro
289 2313 386 2390 vas,
404 2299 447 2368 ut
461 2286 573 2394 digne
597 2286 794 2369 ambuletis
822 2295 1016 2371 vocatione
1034 2345 1047 2391 ,
1065 2311 1139 2392 qua
1163 2293 1294 2371 vocati
1323 2295 1418 2368 estis
1436 2345 1449 2390 ,
1467 2315 1549 2371 cum

95 2411 192 2487 omni
213 2403 423 2487 inutilitate
450 2417 487 2487 et
512 2408 789 2487 mansuetudine
808 2461 822 2505 ,
839 2432 922 2490 cum
940 2413 1131 2515 patientia
1156 2416 1422 2513 supportantes
1447 2413 1550 2490 invi·

94 2546 176 2606 cem
203 2528 242 2604 in
270 2521 456 2606 emitote.
489 2523 685 2608 Romanos
714 2546 841 2608 autem
860 2584 873 2629 ,
889 2552 989 2638 quos
1017 2519 1137 2606 efferri
1168 2521 1307 2606 sciebat
1339 2550 1384 2607 ex
1408 2522 1551 2636 imperii

94 2639 358 2756 magnitudine
385 2665 502 2758 atque
516 2638 635 2756 gloria
650 2670 774 2726 rerum
792 2666 1009 2758 gestarum,
1028 2640 1135 2729 velut
1150 2643 1377 2757 exprobrans
1392 2639 1444 2725 eis
1459 2641 1549 2749 hoc,
1637 2645 1639 2648 ’

92 2759 204 2872 quod
230 2758 307 2874 ipse
330 2759 457 2846 tribuis
489 2758 634 2876 magnis
658 2760 816 2865 animis,
836 2788 974 2878 magna
1002 2760 1169 2877 cogitare
1200 2784 1315 2874 atque
1339 2755 1459 2844 efferri
1485 2790 1550 2847 ve·

95 2898 153 2960 tat
169 2908 178 2962 :
197 2879 261 2960 Ne
287 2886 379 2963 sitis
396 2938 409 2984 ,
427 2877 550 2992 inquit
567 2938 579 2984 ,
596 2886 677 2962 alta
700 2888 890 2990 sapientes
906 2941 918 2984 ,
934 2883 1003 2963 sed
1028 2880 1227 2962 humilibus
1256 2885 1521 2963 eonsentientes
1535 2938 1547 2964 .
1562 2903 1628 2953 ron·-
1646 2917 1686 2956 rs

94 2995 159 3078 De
179 3021 402 3128 paupertate
424 3024 518 3084 vero
548 2996 642 3111 quid
659 2996 812 3083 dicam?
843 3026 931 3082 cum
956 2997 1148 3083 Christum
1175 3021 1321 3082 constet
1341 3025 1388 3081 ex
1408 3027 1550 3112 paupe·

94 3114 294 3230 revrrgine
309 3116 393 3204 viro
419 3115 575 3231 pauperi
601 3118 827 3232 desponsata
849 3140 982 3202 natum
1002 3178 1015 3223 ,
1034 3116 1219 3202 damnatis
1244 3114 1386 3230 ubique
1412 3116 1548 3203 divitiis

93 3240 302 3346 pauperem
328 3232 446 3322 vitam
473 3234 683 3349 perduxisse
700 3298 712 3342 ,
729 3235 983 3351 eumdemque
996 3233 1203 3351 Apostolos
1226 3233 1350 3319 nullos
1372 3233 1439 3318 nisi
1455 3265 1547 3349 pau·

93 3377 198 3462 peres
225 3351 395 3439 habuisse
411 3363 423 3438 i
439 3354 503 3439 Ad
523 3353 617 3439 haec
644 3354 881 3473 evangelium
904 3354 1155 3472 epistolasque
1167 3352 1272 3439 Pauli
1287 3377 1546 3468 paupertatem

93 3465 133 3550 in
166 3470 290 3587 primis
315 3472 582 3562 commendare
599 3535 611 3579 ,
630 3474 797 3560 insectari
826 3472 971 3560 divitias
995 3498 1192 3589 tamquam
1219 3473 1378 3557 maxima
1400 3471 1546 3558 virtutis

95 3608 135 3668 et
155 3586 338 3704 religionis
359 3591 653 3706 impedimenta?
668 3595 784 3679 Beati
803 3611 1013 3702 pauperes,
1033 3592 1155 3706 ajebat
1170 3590 1359 3695 Christus,
1377 3599 1545 3697 quoniam
1558 3589 1616 3640 Μ’·
1639 3593 1663 3642 ά

94 3717 340 3793 vestrumea
364 3737 517 3821 regnum
535 3712 636 3796 Dei.
670 3713 799 3799 Idem:
828 3712 1001 3795 Facilius
1016 3727 1074 3796 est
1090 3773 1102 3818 ,
1120 3709 1266 3826 inquit,
1283 3716 1460 3792 camelum
1469 3727 1544 3818 per
1557 3712 1638 3762 ΜΝ·
1657 3724 1697 3764 ¹⁰·

78 3817 265 3926 stramen
289 3853 380 3912 acus
408 3837 606 3934 transire,
633 3857 743 3940 quam
765 3837 924 3915 divitem
952 3839 1099 3916 intrare
1124 3838 1164 3913 in
1190 3854 1342 3939 regnum
1367 3828 1475 3913 Dei:
1506 3853 1544 3916 et

92 3937 169 4047 alio
194 3942 307 4031 loco:
324 3948 455 4029 Omnis
487 3974 536 4032 err
555 3951 667 4034 vobis
685 4010 698 4055 ,
716 3959 781 4058 qui
808 3976 877 4035 nan
898 3960 1087 4037 renuntiat
1108 3951 1672 4056 munibus,quaepassi-tuc·1r·

91 4061 157 4140 det
173 4116 186 4163 ‚
204 4089 273 4148 nan
284 4080 412 4174 potest
439 4094 538 4151 meus
553 4094 636 4152 esse
653 4074 882 4180 discipulus.
909 4071 1039 4165 Quam
1056 4067 1266 4153 doctrinam
1283 4065 1421 4151 Christi
1435 4066 1545 4179 expli·

89 4199 183 4259 cans
211 4183 346 4269 Paulus
371 4185 410 4269 in
434 4214 479 4270 ea
493 4246 507 4292 ,
522 4215 623 4301 quae
649 4214 704 4275 est
731 4190 780 4274 ad
805 4188 1051 4274 Timotheum
1077 4184 1257 4300 epistola,
1274 4185 1434 4270 clamat:
1460 4186 1545 4267 Ha·
1562 4221 1582 4260 ι.
1599 4208 1631 4258 aa
1640 4208 1701 4259 um·
1711 4209 1736 4258 ⁶·

90 4291 218 4377 bentes
243 4310 417 4388 alimenta
433 4363 447 4410 ,
463 4321 501 4402 et
533 4308 667 4412 quibus
691 4326 861 4419 tegamur
878 4367 893 4414 ,
909 4309 971 4391 trs
1001 4312 1161 4391 contenti
1184 4314 1324 4387 simus.
1350 4306 1454 4385 Nam
1482 4314 1547 4411 qui

87 4416 220 4495 malunt
235 4421 375 4505 divites
393 4419 491 4521 fieri
507 4480 520 4527 ,
537 4431 704 4510 incidunt
727 4436 767 4510 in
788 4436 1023 4511 tentationem
1041 4483 1054 4530 ,
1071 4438 1109 4506 et
1134 4431 1174 4505 in
1189 4430 1355 4532 laqueum
1370 4425 1541 4530 diaboli,

81 4541 126 4611 et
142 4534 332 4621 desideria
359 4546 474 4626 muita
499 4550 712 4639 inutiliaet
739 4553 875 4629 maiva
893 4608 904 4652 ,
924 4571 1018 4652 quae
1044 4560 1214 4653 mergum
1242 4545 1402 4629 homiues
1426 4551 1468 4624 in
1490 4549 1545 4623 in·

82 4657 241 4736 teritum
265 4672 309 4739 et
327 4665 596 4766 perditionem.
628 4671 758 4748 Radix
792 4673 887 4746 enim
917 4672 1073 4748 amnium
1103 4670 1279 4746 malorum
1309 4676 1368 4743 est
1401 4662 1547 4769 cupidi·

79 4779 177 4850 tas·
205 4778 307 4860 Cum
329 4776 441 4895 igitur
464 4804 549 4866 tota
574 4811 693 4896 paene
719 4781 928 4868 Christiana
955 4781 1144 4898 disciplina
1161 4843 1173 4886 ,
1190 4805 1235 4865 ut
1251 4804 1405 4867 testatur
1428 4779 1545 4863 etiam
1594 4874 1596 4878 ,

76 4886 349 5009 Augustino,
371 4898 416 4988 sit
438 4899 624 4990 humilitas
641 4964 654 5013 ,
670 4926 708 4989 et
733 4900 887 5020 perinde
910 4927 1109 5020 paupenas
1127 4961 1139 5010 ,
1159 4892 1264 4988 haud
1289 4898 1465 5016 equidem
1494 4895 1548 4981 vi·
1581 4949 1582 4953 κ

1454 5013 1543 5120 deo,
