4140 5872
412 412 506 484 SEU
542 416 619 484 DE
648 412 1022 483 ῐΑΡΗΕΤΕΝΠΑ
1061 414 1315 485 GLORIA
1464 429 1547 506 193

122 537 308 638 audiendi
316 541 372 625 dc
387 536 505 676 glo'ria
515 537 780 626 disserentem
795 565 894 625 eum
900 566 1003 652 ,qur
994 532 1085 623 sihi
1113 562 1193 622 non
1209 531 1362 620 solum
1357 567 1396 625 et
1416 541 1569 673 patriae,

123 662 191 745 sed
206 656 398 744 universae
408 658 617 790 Hispaniae
641 686 726 743 eam
744 658 902 773 gloriam
927 656 1080 740 summis
1095 654 1290 741 virtutibus
1305 659 1475 768 peperit,
1492 682 1569 773 qua

126 803 240 862 nemo
256 803 454 890 umquam
467 775 661 886 majorem
681 781 744 858 Tu
763 804 868 879 vero,
887 775 1055 858 Gonsale
1070 833 1082 874 ,
1099 772 1281 885 quoniam
1296 772 1334 854 in
1355 774 1454 858 hanc
1469 805 1568 861 men

111 891 267 978 tionem
296 892 520 994 incidimus,
536 918 583 976 et
609 889 659 973 ab
690 891 772 975 aliis
773 892 954 1014 negotiis
981 917 1186 993 vacamus,
1212 916 1313 972 rem
1308 892 1565 1028 gratissimam

108 1010 232 1094 nobis
250 1007 265 1121 ι
281 1038 353 1121 pro
372 1006 448 1092 hoc
476 1007 600 1111 enim,
618 1008 685 1120 qui
702 1007 839 1093 minor
853 1036 915 1091 me
942 1031 1035 1092 natu
1061 1031 1146 1110 est,
1150 1033 1249 1094 meo
1274 1004 1352 1139 jure
1381 1007 1538 1124 loqui
1503 1026 1563 1097 νι-

108 1125 245 1237 deor)
273 1125 502 1210 effeceris
449 1156 530 1230 ‚s¹‚
554 1124 722 1239 gloria'
696 1150 816 1228 srtne,
833 1148 872 1209 et
893 1150 1079 1239 quatenus
1108 1122 1266 1237 magnis
1263 1121 1359 1206 viris
1378 1151 1561 1238 appeten·

114 1241 197 1347 da,
214 1240 400 1326 hodierno
422 1186 502 1325 die
511 1242 618 1326 nobis
641 1187 875 1354 ιιιριιιιιιιιε.
908 1246 1031 1325 Gous.
1064 1239 1156 1324 Noli
1167 1239 1384 1342 ,obsecr0‚
1402 1244 1558 1352 Jacobe,

120 1358 315 1444 metantis
340 1357 569 1442 laudibus
527 1385 716 1443 onerare.
751 1364 854 1443 Nam
878 1385 1002 1473 neque
1025 1384 1100 1487 ego
1122 1298 1357 1469 quidquam
1347 1385 1386 1439 ιιι
1416 1388 1477 1444 me
1492 1390 1557 1476 ag-

118 1500 243 1560 nosco
266 1476 334 1560 ista
354 1499 459 1560 tanta
485 1474 674 1588 opinione
693 1473 880 1589 dignum,
897 1500 1023 1588 neque
1044 1502 1089 1556 sr
1062 1471 1290 1601 gloriam
1281 1499 1319 1553 ιι
1335 1472 1458 1585 primis
1480 1506 1558 1562 esse

10 1632 23 1640 ¹
120 1591 370 1724 appetendam
390 1589 601 1705 profiteor
587 1653 601 1696 ,
609 1591 789 1725 protinus
813 1616 891 1675 ram
915 1588 1216 1674 immoderate
1185 1616 1266 1700 equs
1282 1589 1438 1723 cupidus
1453 1592 1556 1680 vide·

112 1705 288 1814 rivolo,
304 1737 348 1795 ut
372 1737 451 1798 non
469 1708 625 1811 malim,
640 1737 669 1791 st
656 1706 775 1825 quid
792 1735 886 1837 gessa
874 1706 1016 1791 laude
1033 1705 1216 1838 dignum,
1229 1704 1267 1789 id
1294 1706 1410 1790 tacitis
1434 1708 1555 1795 homi

119 1849 218 1908 num
242 1771 429 1910 trientibus
446 1824 620 1938 probati,
636 1852 752 1937 quam
765 1852 854 1935 equs
880 1822 1217 1936 praedicationem,
1245 1818 1373 1906 falsam
1395 1854 1556 1939 praeset-

121 1940 194 2024 tim
229 1942 384 2033 audire
416 1941 539 2036 Quod
566 1968 658 2026 vero
687 1940 812 2024 mede
828 1941 947 2056 gloria
974 1941 1223 2075 disputantem
1254 1938 1381 2024 audire
1410 1943 1555 2056 cupitis,
1679 2017 1683 2028 .

117 2080 165 2140 et
193 2083 217 2136 a
243 2087 321 2140 me
329 2056 543 2190 hujusmodi
575 2084 730 2190 operam
754 2055 1011 2189 postulatis,
1002 2058 1174 2190 iniquum
1200 2083 1288 2140 sane
1308 2085 1405 2141 onus
1434 2083 1473 2145 et
1498 2060 1554 2142 in·

123 2195 272 2256 suetum
296 2174 387 2258 meis
410 2172 573 2278 humeris
600 2173 735 2286 paratis
750 2174 1046 2294 imponere.1d
1068 2173 1178 2258 enim
1186 2200 1321 2266 munus
1336 2201 1468 2258 eorum
1474 2197 1554 2312 est,

120 2296 189 2401 'qtu
178 2271 413 2376 litterarum
442 2317 487 2374 ac
513 2288 768 2403 philosophiae
791 2289 914 2376 studia
928 2289 1177 2404 profitentur.
1196 2316 1284 2374 non
1298 2288 1375 2423 ejus
1390 2351 1403 2394 ,
1418 2294 1485 2406 qui
1500 2295 1554 2379 vi·

1 2417 2 2420 ‘
122 2427 205 2487 tarn
229 2407 268 2490 in
295 2408 419 2493 carnis
449 2406 693 2522 transegerit.
727 2407 882 2492 Ame
856 2438 885 2491 st
901 2437 971 2494 vos
997 2407 1229 2493 ordinandae
1253 2406 1370 2510 aciei,
1398 2432 1464 2493 aut
1491 2409 1553 2493 ali·

124 2519 229 2630 cujus
246 2524 357 2628 urbis
388 2524 692 2656 oppugnandae
699 2523 882 2608 rationem
908 2522 1038 2609 audire
1067 2523 1271 2638 cuperetis,
1289 2522 1367 2633 jure
1398 2518 1552 2612 fortasse

122 2659 252 2723 vestro
276 2639 317 2724 id
341 2622 436 2726 mihi
463 2640 672 2780 negotium
682 2638 873 2755 injungere
902 2639 1143 2735 videremini:
1175 2664 1215 2723 et
1243 2668 1318 2754 ego
1353 2640 1552 2731 vobisra-

119 2753 304 2860 tionem,
326 2755 455 2842 sinon
483 2755 567 2842 satis
571 2757 793 2841 commode
805 2754 1041 2891 ,utcumque
1065 2780 1195 2842 tamen
1220 2755 1462 2870 explicarem
1489 2760 1554 2843 Ab

124 2867 190 2955 illis
184 2883 307 3003 ergo
337 2873 404 2958 ista
427 2874 568 3008 petatis
574 2874 708 2959 cens'eo
724 2875 816 3007 ,qui
831 2896 919 2958 ιιιιιι
932 2873 970 2955 in
986 2871 1242 2992 philosophiae
1260 2871 1393 2956 scholis
1418 2877 1552 2958 exerci-

118 2987 223 3092 tati,
240 3016 320 3073 non
334 3019 358 3075 a
374 3020 460 3096 me,
477 2991 538 3074 cui
551 3014 669 3075 castra
689 2990 806 3105 magis
820 3015 859 3074 et
869 3014 1005 3112 sagum
1022 3013 1115 3074 nota
1138 3012 1249 3073 sunt.
1275 2993 1366 3118 Ego
1378 3020 1447 3075 vos
1463 2990 1552 3076 hor·

117 3103 209 3188 tari
220 3129 369 3190 tantum
386 3107 538 3212 habeo,
558 3131 602 3192 ut
629 3107 667 3191 in
683 3104 988 3192 administranda
1014 3105 1086 3209 hac
1112 3105 1262 3192 civitate
1276 3134 1410 3216 ,curus
1435 3109 1551 3195 ambo

114 3220 209 3305 sestis
233 3225 468 3329 senatores,
474 3250 513 3309 et
533 3224 572 3307 in
596 3226 838 3337 quocumque
858 3222 1022 3356 publico
1042 3249 1196 3306 munere
1224 3165 1446 3355 fulgendo
1450 3223 1551 3309 belli·

123 3363 173 3421 co
203 3338 264 3424 vel
283 3340 467 3445 urbano
481 3339 571 3425 nihil
601 3339 710 3426 vobis
733 3339 906 3454 gloria
880 3364 925 3426 stt
946 3337 1160 3463 antiquius,
1181 3336 1270 3424 nibil
1295 3338 1411 3457 magis
1435 3338 1473 3424 in
1496 3369 1553 3426 ιι·Ι

126 3452 197 3540 bus
215 3455 388 3542 humanis
403 3457 537 3583 putetis
561 3458 890 3592 errpetendum
1535 3489 1539 3518 ι

183 3575 248 3655 lX.
308 3579 397 3659 Ριι.
427 3576 474 3661 A
486 3597 526 3661 te
553 3573 706 3688 potius,
730 3599 861 3709 paruae
878 3571 1141 3691 sapientissime
1158 3635 1170 3680 ,
1187 3575 1279 3661 haec
1300 3575 1430 3660 audire
1452 3576 1553 3687 cupi-

51 3789 54 3793 ,
104 3716 367 3825 mus,quem
392 3715 476 3792 tum
492 3716 645 3777 nauatae
659 3693 908 3806 praestantia,
923 3716 1006 3779 tum
1022 3689 1222 3778 multarum
1237 3721 1360 3777 tetum
1377 3720 1446 3775 usu
1461 3691 1554 3805 quid

121 3803 313 3917 optinum
335 3808 380 3893 sit
406 3833 519 3895 reae
528 3808 692 3894 statuisse
712 3807 920 3914 credimus,
935 3833 1108 3928 quama
1117 3808 1344 3925 philosophis
1360 3835 1454 3921 ,qur
1443 3807 1555 3893 talia

124 3921 260 4006 solent
277 3924 426 4037 ancipiti
447 3924 617 4010 oratione
633 3924 816 4031 versare,
832 3951 871 4012 et
895 3926 952 4009 in
949 3943 1160 4038 utramque
1185 3949 1332 4056 partem
1354 3925 1553 4036 disputare,

125 4041 334 4124 verborum
348 4067 454 4128 unta
476 4042 701 4148 subtilitate,
717 4066 760 4127 ut
783 4071 874 4127 non
878 4038 985 4129 liceat
999 4104 1013 4147 ,
1027 4043 1120 4175 quid
1142 4065 1275 4128 verum
1290 4040 1347 4144 sit,
1363 4042 1556 4157 dignosce

126 4178 192 4236 te.
233 4161 354 4242 Gous.
372 4160 469 4293 Ego
493 4188 588 4246 vero
608 4188 714 4244 meae
736 4160 925 4246 tarditatis
942 4159 1109 4244 conscius
1127 4157 1351 4271 ,negotium
1377 4159 1556 4270 depreca-

126 4268 217 4353 bar
242 4274 356 4358 Sed
331 4306 359 4358 ιι
374 4277 524 4390 utrique
538 4302 704 4362 vestrum
728 4301 807 4363 tarn
829 4301 999 4410 gratum,
1014 4300 1131 4390 quam
1148 4273 1282 4376 dicitis,
1296 4270 1464 4358 futurum
1479 4299 1555 4380 est,

115 4412 213 4471 rem
237 4392 456 4526 aggrediarf
491 4420 572 4489 non
599 4394 753 4507 quidem
776 4421 821 4477 ea
835 4391 970 4479 fiducia
986 4418 1125 4522 ,posse
1145 4418 1206 4474 me
1231 4417 1276 4474 ex
1301 4389 1340 4473 iis
1353 4420 1480 4507 ,quae
1496 4392 1558 4479 vel

119 4529 201 4587 usu
216 4533 341 4590 rerum
357 4568 369 4611 ,
374 4509 454 4622 qui
478 4509 568 4593 milri
584 4537 694 4623 parce
709 4510 897 4624 suppetit,
914 4509 1002 4596 vel
991 4505 1150 4624 ingenio
1161 4537 1250 4592 meo
1267 4508 1402 4641 ,quod
1429 4509 1558 4594 intelli·

114 4651 121 4679 ·-
126 4648 183 4736 go
205 4652 323 4736 quam
349 4624 394 4709 sit
416 4625 616 4759 exiguum,
632 4622 764 4710 fuerim
793 4649 1042 4728 consecutus,
1070 4648 1195 4710 vestro
1213 4622 1393 4710 desiderio
1426 4621 1561 4710 satisfa-

125 4763 242 4822 cere:
274 4740 548 4856 sedquoniam
573 4771 682 4856 saepe
708 4741 856 4826 interfui
886 4740 1130 4855 eruditissimis
1134 4741 1372 4877 eisdemque
1399 4743 1561 4854 pruden-

126 4852 269 5052 ιίιιιιιίι
279 4856 379 5059 Vll}
388 4888 504 4975 ,curn
529 4857 630 4966 alia,
645 4882 729 4943 tum
744 4857 872 4945 hanc
864 4888 980 5063 ιιιιιιι
1003 4860 1260 4975 quaestionem
1284 4858 1567 5061 ιιιιιιιιιιιιιιὶιιξ

220 5001 276 5058 om
1554 5021 1570 5038 ·
