4140 5872
302 424 627 511 montotto
656 423 736 497 ur
765 420 939 500 neers
964 425 1430 501 orurcrotrnnt.
1486 432 1574 526 n,

12 616 16 619 >
134 573 151 637 .'
177 555 285 662 lum,
310 555 377 671 qui
399 552 540 668 primus
568 548 742 637 omnium
768 545 863 665 regis
888 547 1044 636 nomine
1068 553 1331 638 Hebraeorum
1355 555 1460 671 genti
1484 583 1595 668 prae-

191 679 243 764 't.
263 680 297 759 Is
320 674 422 760 enim
454 673 552 758 adeo
578 697 646 784 per
673 668 883 753 Samuelem
918 670 1146 785 prophetam
1239 696 1338 757 crata
1365 701 1445 758 non
1467 674 1591 761 solum

141 794 283 900 anitni,
300 795 368 881 sed
391 791 506 877 etiam
536 785 703 902 corporis
732 788 956 902 praestantia
981 786 1155 873 delectus
1199 789 1319 896 uisse,
1350 820 1452 877 sacra
1477 792 1589 880 histo
1617 831 1621 838 ¹

139 915 195 1001 ria
227 935 487 1015 memoratur,
505 907 553 994 de
580 937 663 1024 quo
683 905 735 991 sic
758 905 936 1020 scriptum
958 905 1156 993 videmus:
1193 910 1301 992 Erat
1325 908 1425 993 Saul
1449 917 1589 997 electus
1605 902 1706 973 Ψ·
1721 918 1781 972 ⁶⁹·

135 1049 177 1117 ct
201 1035 347 1134 honus,
374 1046 413 1112 et
438 1055 505 1113 non
520 1044 607 1112 erat
631 1033 699 1110 vir
718 1025 881 1122 defflir‘s
895 1026 1022 1109 lsrael
1050 1031 1282 1130 mederico,
1306 1029 1356 1111 ab
1381 1029 1533 1117 minuo
1548 1046 1589 1117 et

135 1176 288 1238 emtum
310 1150 492 1233 annuebat
521 1162 635 1263 srrper
654 1170 794 1230 omnem
810 1151 1006 1254 populum.
1224 1243 1226 1247 ⁷
1421 1213 1424 1232 .

196 1272 285 1354 ΧΗ.
345 1266 469 1364 Quod
493 1294 587 1353 vero
617 1263 779 1376 pertinet
807 1262 859 1348 ad
879 1261 1143 1350 educationem
1161 1323 1174 1369 ,
1191 1259 1251 1348 illa
1275 1291 1424 1352 summa
1451 1289 1508 1355 est
1541 1299 1585 1357 o·
1600 1294 1753 1347 uteroru-
1861 1277 1864 1281 “

130 1387 284 1472 mnium
298 1408 584 1500 praeceptorum
597 1379 857 1467 consentiente
878 1381 1228 1496 sapientissimorum
1244 1381 1381 1495 judicio
1406 1388 1583 1500 probata,
1603 1354 1724 1477 iiiiii¹⁰

132 1503 301 1621 utpueti
315 1507 366 1591 ab
380 1504 533 1589 ineunte
559 1523 683 1586 aetate
698 1560 711 1606 ,
726 1499 895 1605 virtute,
917 1526 962 1587 ut
984 1503 1095 1586 rebus
1110 1498 1261 1613 probis,
1277 1501 1456 1589 oblectari
1474 1566 1486 1610 ,
1502 1530 1586 1592 tur-r

134 1650 203 1738 pes
221 1622 315 1709 odio
339 1622 479 1708 habere
509 1641 787 1723 consuescant,
815 1646 933 1733 quam
958 1646 1088 1705 curam
1111 1617 1204 1703 olim
1226 1618 1267 1704 in
1287 1621 1514 1736 quibusdam
1530 1625 1587 1710 ci·

134 1740 311 1828 vitatibus
338 1769 546 1858 puerorum
577 1732 753 1854 praefecti
784 1737 995 1840 eurotam
1029 1741 1178 1824 Graece
1202 1740 1409 1853 nuncupati
1440 1742 1586 1856 publice

135 1861 342 1976 gerebant.
374 1864 444 1943 Est
459 1880 589 1942 autem
616 1854 731 1942 virtus
745 1852 883 1968 duplex
898 1917 912 1960 ,
926 1885 1009 1991 quo
1024 1884 1229 1972 puerorum
1244 1857 1420 1944 educatio
1443 1866 1586 1974 specta·

133 2003 179 2065 te
203 1978 344 2064 debet.
369 1981 473 2060 Nam
498 1999 542 2060 ut
557 1971 626 2060 viri
650 2000 731 2058 non
760 1972 894 2060 eadem
910 1999 1027 2061 virtus
1043 1999 1099 2061 est
1115 2036 1128 2080 ,
1142 2001 1243 2089 quae
1273 1975 1460 2080 mulieris;
1484 2008 1584 2094 quo·

133 2095 239 2180 niam
256 2095 285 2180 si
305 2094 363 2182 vit
383 2094 436 2178 ita
449 2087 556 2178 fortis
569 2112 665 2178 esset
679 2149 693 2195 ,
705 2115 749 2177 ut
764 2085 868 2177 fortis
883 2091 1040 2199 mulier,
1065 2092 1216 2180 timidus
1237 2118 1331 2181 esset
1346 2125 1355 2179 :
1376 2094 1427 2180 sic
1442 2093 1584 2184 aliaest

134 2211 349 2328 imperantis
365 2211 508 2316 virtus,
530 2207 600 2294 alia
615 2207 803 2324 parentis,
818 2236 901 2294 non
915 2210 1041 2297 solum
1056 2210 1239 2328 quoniam
1261 2210 1474 2327 imperantis
1493 2241 1581 2328 pro·

130 2333 217 2447 pria
242 2331 360 2418 virtus
384 2355 440 2417 est
462 2327 662 2447 prudentia
679 2387 692 2433 ,
712 2327 779 2414 sed
799 2326 912 2412 etiam
927 2329 1017 2444 quia
1037 2354 1181 2416 ceterae
1204 2326 1358 2416 virtutes
1373 2391 1385 2435 ,
1402 2361 1502 2447 quae
1530 2361 1583 2417 u·

134 2449 259 2565 nique
275 2473 364 2536 sunt
378 2476 623 2553 communes,
634 2445 730 2530 inter
744 2472 823 2531 sese
837 2446 957 2559 specie
972 2442 1172 2535 differunt:
1187 2447 1346 2562 exempli
1360 2447 1499 2564 gratia,
1516 2448 1583 2535 im·

134 2567 299 2682 perantis
312 2567 560 2682 temperantia
574 2595 598 2648 a
611 2560 857 2677 temperantia
871 2564 1133 2680 obsequentis,
1145 2590 1184 2652 et
1198 2563 1331 2676 justitia
1347 2567 1485 2652 eodem
1501 2597 1581 2653 mo·

137 2683 215 2770 do.
245 2685 362 2769 Polie.
377 2685 446 2771 ΠΙ.
462 2685 757 2769 Honoratorum
779 2679 892 2796 igitur
918 2681 1057 2768 civium
1081 2680 1144 2768 lilii
1167 2707 1329 2798 utraque
1352 2684 1490 2770 virtute
1511 2714 1576 2772 ex·'
1592 2684 1774 2806 ,Ytlffilffiess

83 2852 108 2872 .
136 2800 287 2887 colendi
309 2828 430 2908 sunt,
455 2825 500 2888 ut
527 2801 693 2889 habeant
717 2827 798 2885 non
828 2798 949 2885 modo
971 2802 1153 2915 parendi,
1169 2801 1235 2887 sed
1262 2802 1374 2886 etiam
1399 2802 1551 2890 civiliter
1564 2865 1578 2911 ,
1592 2807 1734 2876 ΜΝ·

135 2918 166 3005 si
191 2920 419 3036 magistratui
442 2915 692 3036 praefuerint,
712 2917 920 3031 imperandi
935 2914 1181 3027 facultatem3
1204 2947 1304 3034 quae
1329 2944 1430 3006 recte
1446 2920 1506 3009 vel
1521 2945 1576 3008 to

133 3064 210 3154 gae
231 3038 294 3126 vel
309 3038 456 3123 militiae
476 3036 741 3152 imperantibus
765 3034 934 3150 parendo
961 3035 1109 3122 discitur
1133 3059 1174 3122 et
1197 3064 1467 3151 comparatur.
1500 3043 1578 3125 Fu·

133 3154 211 3239 turi
235 3181 364 3241 autern
389 3155 484 3275 regis
509 3154 684 3243 educatio
699 3176 783 3240 tota
809 3152 861 3239 ad
876 3153 1032 3242 virtutes
1049 3154 1263 3270 imperantis
1280 3215 1292 3259 ,
1309 3153 1488 3269 perfectas
1514 3158 1578 3243 sci·

135 3269 224 3358 licet
241 3298 282 3359 et
297 3273 464 3359 heroicas
480 3335 494 3378 ,
510 3271 558 3359 de
573 3274 709 3388 quibus
736 3294 793 3356 est
821 3271 860 3356 in
885 3271 980 3359 libro
1007 3274 1057 3360 dc
1074 3275 1248 3357 Moribus
1264 3274 1424 3386 septimo
1441 3336 1454 3380 ,
1469 3274 1577 3392 dirigi

136 3387 252 3477 debet
273 3423 283 3476 ε
310 3415 351 3478 ct
366 3421 433 3505 per
448 3391 549 3479 viros
572 3415 657 3477 urm
676 3389 883 3503 sapientia,
900 3415 985 3477 tum
1006 3391 1134 3479 ceteris
1164 3390 1364 3478 virnttibus
1388 3417 1577 3507 praestan·

133 3530 192 3595 tes
219 3508 383 3596 tenerior
402 3536 503 3596 aetas
518 3508 646 3596 studiis
671 3509 873 3594 litterarum
898 3508 1100 3597 imbuenda
1125 3533 1209 3612 est,
1235 3507 1377 3595 firmior
1400 3536 1526 3597 autem
1542 3538 1577 3594 e·

134 3629 345 3740 questribus
366 3655 405 3713 et
428 3626 561 3713 bellicis
588 3623 918 3731 meditationibus,
942 3651 983 3714 et
1008 3627 1099 3714 item
1130 3626 1393 3716 venationibus
1422 3689 1435 3732 ,
1467 3627 1770 3743 quodomnium

135 3740 225 3828 belli
248 3773 365 3861 genus
393 3770 479 3850 cst,
505 3743 741 3850 exercenda,
762 3767 802 3830 et
824 3743 960 3857 partim
989 3746 1210 3861 sapientium
1240 3746 1470 3861 praeceptis,
1488 3720 1740 3859 par·”'‘⁰²‘⁵⁰¹¹“

136 3859 206 3947 tim
228 3890 463 3949 summorum
482 3889 522 3949 et
543 3863 730 3947 clarorum
756 3861 924 3947 virorum
956 3890 1000 3949 ac
1023 3863 1235 3979 principum
1267 3862 1440 3977 exemplis
1468 3860 1517 3947 ad
1531 3894 1575 3950 o·

136 4006 225 4065 mne
248 3981 433 4067 virtutum
461 4008 580 4097 genus
603 3979 857 4086 insumenda,
884 3979 952 4066 sed
967 3980 1145 4098 religione
1173 4006 1216 4083 et
1241 3981 1379 4095 pietate
1394 3981 1432 4067 in
1449 3986 1577 4068 Deum
1603 4092 1605 4096 Ι

136 4096 298 4212 primum
321 4099 494 4187 omniurn
521 4123 560 4186 et
588 4096 663 4214 pet
681 4110 799 4184 omne
820 4120 968 4212 tempus
993 4098 1225 4186 imbuenda.
1253 4099 1429 4194 Quarum
1450 4128 1576 4185 rerum

132 4231 249 4298 causa
272 4223 466 4303 Persarum
496 4244 602 4336 reges
626 4215 860 4303 consuevisse
883 4212 995 4304 refert
1012 4215 1121 4323 Plato
1148 4216 1188 4302 in
1206 4217 1408 4300 Alcibiade
1425 4220 1575 4328 majore,
1590 4256 1681 4306 uenae
1704 4253 1769 4306 cra·

135 4357 303 4448 quatuor
317 4335 476 4422 virosin
501 4366 572 4425 suo
596 4361 789 4450 quemque
804 4362 942 4452 genere
965 4363 1132 4421 summos
1147 4333 1198 4420 ad
1222 4331 1340 4420 filium
1365 4335 1482 4451 stirpis
1498 4367 1576 4422 ma·
1590 4315 1770 4435 llllllllld
1895 4411 1897 4416 .

131 4448 280 4534 trimum
294 4474 334 4535 et
353 4453 501 4538 maximi
515 4454 622 4571 regni
639 4453 816 4539 heredem
847 4452 1118 4540 instituendum
1148 4480 1196 4539 ex
1226 4452 1334 4539 omni
1351 4453 1489 4540 civium
1507 4486 1575 4565 po·
1590 4435 1768 4558 {ilidi‘giii

18 4613 22 4616 ·
135 4566 399 4683 pulariumque
423 4571 533 4682 copia
556 4570 862 4685 sapientissimum
880 4632 893 4676 ,
908 4570 1173 4684 iustissimum,
1202 4571 1576 4690 temperantissinum
1590 4565 1667 4608 ‘⁵⁵²⁵

137 4709 179 4773 et
203 4681 442 4772 fortissimum
465 4686 646 4804 deligere.

195 4804 296 4890 Xlll.
354 4808 495 4921 Neque
522 4834 616 4892 veto
640 4801 764 4891 solum
795 4832 862 4896 ten
886 4801 1061 4914 futurus,
1089 4807 1142 4896 ita
1168 4808 1225 4896 uti
1238 4807 1396 4896 diximus
1411 4869 1423 4915 ,
1438 4810 1577 4924 paeda·
1606 4827 1612 4835 ’

135 4921 590 5125 gogprumlpattruisque
605 4923 757 5015 monitis
779 4924 1028 5017 instituendus
1043 4955 1129 5034 est·,
1152 4927 1220 5018 sed
1243 4927 1322 5046 ipse
1344 4953 1501 5042 accepto
1526 4955 1580 5013 re·

237 5067 310 5128 om.
352 5044 399 5131 V.
930 5051 970 5136 Τ
1499 5072 1585 5163 guo
