4050 5858
662 449 875 520 'LIBER
922 450 953 515 I·
1444 468 1512 545 245

87 581 201 668 misso
225 574 427 665 certamine
460 566 700 659 defendunt?
730 573 864 683 Itaque
890 593 971 650 non
1006 563 1130 651 solum
1152 567 1276 675 ratio,
1296 599 1341 655 ac
1370 572 1536 687 pruden-

87 700 183 786 tium
198 697 398 784 hominum
419 720 622 779 consensus
637 750 649 796 ,
666 716 825 801 mosque
843 708 1070 770 coaetaneus
1093 685 1293 770 hominum
1320 693 1562 803 memoriam
1652 782 1655 786 ,
1705 777 1709 785 ,

90 817 191 902 bello
221 815 371 930 injurias
402 843 424 896 a
455 841 523 916 se,
546 833 586 894 et
602 808 641 892 iis
658 866 670 912 ,
688 804 756 920 qui
777 832 866 889 suae
892 804 1072 918 cujusque
1102 831 1214 889 curae
1245 803 1409 923 fideique
1431 839 1537 898 com·

86 935 183 1020 missi
206 960 321 1039 sunt,
338 929 554 1047 propulsare
579 927 719 1038 justum
745 947 881 1007 natura
908 950 985 1005 esse
1014 921 1128 1006 docet
1144 951 1156 1024 3
1173 924 1239 1008 sed
1261 924 1373 1010 eriam
1396 929 1452 1014 vis
1481 930 1537 1014 in·

85 1078 203 1158 nata,
223 1079 323 1167 quae
347 1074 485 1135 ceteras
508 1044 714 1130 animantes
739 1041 853 1127 adse
881 1067 1024 1152 suaque
1049 1041 1235 1125 mendum
1250 1071 1303 1125 ac
1330 1041 1535 1132 defenden·
1583 1072 1601 1085 ··
1700 1077 1703 1082 '

74 1172 180 1258 rdum
209 1165 390 1282 impellit:
418 1191 464 1251 ut
486 1193 568 1250 non
590 1159 838 1247 incommode,
857 1156 1027 1242 homines
1056 1157 1212 1269 injustos
1234 1161 1410 1246 caedibus
1425 1190 1463 1251 et
1481 1194 1534 1252 ra·
1593 1180 1596 1185 '

86 1289 185 1402 pinis
212 1311 349 1373 stanam
371 1282 590 1401 reipublicae
611 1279 899 1395 perturbantes,
918 1303 1050 1390 pacem
1074 1277 1266 1363 bonorum
1299 1279 1554 1397 solicitantes,

84 1429 281 1522 tamquam
308 1404 417 1519 lupos
452 1430 529 1486 esse
562 1399 662 1485 dicas
689 1421 728 1482 et
762 1391 929 1480 malefica
961 1393 1162 1479 animalia:
1190 1395 1358 1482 civitates
1390 1426 1428 1486 et
1459 1397 1558 1518 po?

82 1524 194 1638 pulos
225 1521 330 1637 quasi
358 1550 472 1636 pecus
495 1542 535 1603 et
561 1538 758 1601 armenta:
784 1539 889 1628 reges
915 1533 954 1596 et
979 1510 1189 1627 principes,
1215 1515 1320 1601 velut
1347 1544 1532 1632 pastores:
1549 1547 1599 1622 cur¹
1615 1565 1686 1625 reges
1702 1569 1729 1614 a,

84 1640 264 1754 praesidia
288 1638 471 1742 militum,
489 1664 562 1720 ceu
582 1662 691 1718 canes
707 1631 919 1745 pecuarios.
952 1630 1084 1721 Quam
1112 1630 1386 1719 similitudinem
1410 1639 1536 1752 priscis
1547 1620 1730 1738 tibitibi&

75 1759 200 1846 etiam
225 1757 349 1872 poetis
375 1779 414 1840 et
435 1751 665 1866 philosophis
680 1748 857 1863 placuisse
878 1747 916 1829 in
942 1746 1067 1861 primis
1090 1747 1362 1837 animadverti.
1390 1757 1534 1846 Home«
1547 1741 1599 1780 ‘⁶⁵'

83 1904 151 1963 rus
179 1876 280 1962 enim
297 1934 310 1979 ,
325 1873 394 1989 qui
419 1870 513 1956 solet
541 1895 646 1983 pater
671 1865 844 1952 omnium
873 1864 1128 1951 doctrinarum
1157 1868 1331 1982 appellari
1347 1902 1367 1975 ,⁴
1384 1901 1465 1959 non
1490 1909 1535 1964 a.

87 1993 172 2080 liter
197 1992 275 2080 fere
297 1990 479 2106 principes
494 2010 610 2076 vocat
623 2015 640 2090 ,
658 2013 776 2099 quam
807 2007 973 2097 pastores
1001 1984 1260 2100 populorum:
1292 2015 1332 2076 et
1346 1989 1385 2073 in
1401 1997 1535 2083 veteri·
1614 2000 1621 2020 ”

85 2111 158 2196 bus
188 2137 375 2196 sacrarum
410 2105 616 2191 litterarum
647 2100 904 2187 monumentis
935 2102 1061 2186 Esaias
1078 2161 1092 2207 ,
1108 2103 1316 2191 Hieremias
1345 2111 1535 2229 ceterique

85 2254 191 2318 vates
210 2228 262 2314 ad
282 2254 344 2312 eas
367 2252 425 2310 res
449 2220 705 2339 significandas
721 2218 785 2305 vix
809 2216 885 2303 aliis
910 2218 1127 2305 nominibus
1145 2247 1323 2308 utuntur.
1347 2227 1422 2311 Sed
1437 2233 1533 2344 quid

84 2343 272 2462 profana,
293 2368 362 2428 aut
387 2340 506 2457 prisca
530 2336 742 2425 testimonia
771 2364 1033 2421 commemoro
1049 2400 1062 2444 ‚
1078 2367 1167 2423 cum
1194 2341 1448 2456 evangelicam
1464 2350 1534 2434 do-

86 2463 248 2549 ctrinam
266 2489 304 2550 et
320 2460 514 2549 Christum
539 2458 660 2570 ipsum
684 2477 877 2545 auctorem
903 2452 1131 2560 babeamus,
1156 2457 1287 2575 quise
1307 2462 1439 2544 bonum
1459 2484 1534 2575 pa.

88 2598 254 2685 storem,
288 2579 490 2683 homines,
522 2604 594 2690 pro
623 2571 760 2689 quibus
791 2570 955 2658 animam
985 2573 1139 2686 posuit,
1163 2602 1254 2659 aves
1281 2601 1320 2662 et
1347 2607 1529 2691 gregem,

85 2695 346 2788 fraudulentos
371 2725 488 2819 porro
515 2719 555 2782 et
573 2715 753 2781 nocentes
778 2693 884 2808 lupos
907 2708 1067 2807 rapaces
1085 2693 1220 2817 passim
1246 2696 1466 2822 appellatin
1493 2730 1532 2787 e·

87 2823 297 2940 vangeliol
430 2827 432 2832 ’

31 2987 86 3052 ω,
147 2942 257 3026 XXI.
317 2944 374 3027 Ut
401 2941 513 3058 igitur
540 2940 700 3056 pastoris
724 2965 780 3025 est
802 2935 968 3026 officium
1041 2966 1151 3057 egem
1176 2940 1382 3057 prudenter
1406 2972 1534 3058 pasce·

87 3083 130 3140 re
147 3118 159 3163 ,
175 3082 242 3163 et,
271 3085 359 3143 cum
390 3088 446 3144 res
473 3060 622 3176 poscit,
650 3057 746 3172 lupis
776 3058 979 3173 ceterisque
996 2968 1083 3143 ielis
1111 3059 1364 3171 insidiantibus
1388 3063 1533 3151 aurof-

84 3171 296 3262 ficientibus
323 3177 477 3291 pecori,
509 3206 585 3260 sese
606 3199 721 3291 atque
744 3203 855 3261 canes
886 3204 1107 3288 opponere:
1136 3179 1191 3262 sic¹
1219 3180 1387 3295 principis
1407 3198 1538 3297 -part'es'

83 3318 201 3403 sunt,
228 3323 310 3382 non
339 3295 461 3380 solum
496 3294 655 3381 civitatis
681 3293 764 3378 otio
790 3294 1011 3398 consulere,
1028 3317 1067 3378 et
1093 3296 1255 3411 populos
1286 3327 1373 3385 suos
1398 3297 1436 3382 in
1468 3295 1538 3385 οἷ-ι

77 3407 172 3498 ficio
195 3414 275 3499 sine
291 3412 453 3500 aliorum
477 3410 607 3522 injuria
636 3411 820 3527 aequabili
843 3412 921 3524 jure
940 3410 1156 3517 continere3
1173 3416 1239 3501 sed
1261 3416 1373 3501 ctiam
1399 3415 1533 3530 impro

84 3527 226 3616 borum
252 3531 452 3619 hominum
485 3528 655 3642 injuriis,
670 3558 769 3644 quae
798 3559 907 3645 saepe
937 3528 1141 3636 exsistunt,
1157 3534 1196 3619 vi
1221 3558 1260 3618 et
1286 3534 1424 3637 armis,
1448 3534 1533 3619 sia·

86 3641 170 3730 liter
196 3679 276 3734 non
305 3649 415 3736 datur
433 3711 446 3754 ,
463 3647 652 3735 resistere:
678 3647 756 3733 sive
784 3647 958 3761 privatim
991 3647 1088 3733 inter
1112 3649 1211 3736 cives
1240 3649 1381 3765 legibus
1404 3651 1532 3767 negle-

76 3762 180 3869 ctis,
208 3767 285 3853 sive
314 3766 463 3881 publice
495 3766 545 3850 ab
578 3765 735 3850 extemis
752 3764 936 3850 nostibus
968 3761 1197 3851 inferantur.
1237 3771 1341 3853 Nam
1368 3768 1435 3885 qui
1459 3771 1532 3856 ho·‘

85 3880 202 3968 stibus
227 3878 485 4000 ingruentibus
520 3912 586 3998 per
612 3882 801 3997 ignaviam
824 3884 954 3987 cedit,
971 3911 1041 3967 nec
1074 3910 1223 3970 strenue
1252 3915 1370 3971 manu
1398 3912 1531 3974 coacta
1541 3906 1637 4012 {eapte
1659 3903 1721 3960 iusi

81 4001 227 4088 ametis
257 3999 394 4117 opibus
420 4012 535 4116 atque
566 3999 703 4088 viribus
736 3999 798 4087 vel
826 4029 914 4085 cum
938 4000 1037 4086 vitae
1068 4031 1157 4089 suae
1189 4002 1396 4089 discrimine
1421 4036 1532 4122 repu·
1604 3994 1613 4011 ⁶

83 4112 206 4231 gnat,
228 4148 300 4205 nec
326 4149 384 4206 res
408 4119 540 4232 inpure
564 4118 706 4204 ablatas
735 4120 899 4233 repetit,
917 4146 1136 4233 poenasque
1154 4120 1266 4206 sumit
1286 4123 1335 4206 de
1362 4125 1531 4210 sontibus

85 4231 297 4349 legitimas(
315 4238 409 4324 haec
439 4236 540 4322 enim
570 4232 647 4321 fere
673 4262 760 4322 sunt
784 4237 996 4348 iustissimae
1021 4264 1155 4321 causae
1177 4237 1262 4322 belli
1291 4242 1475 4357 gerendi)
1503 4245 1532 4329 is
1555 4289 1631 4353 pm..
1648 4299 1688 4339 10.
1800 4254 1809 4261 ‘

81 4378 167 4436 non
190 4354 360 4470 principis
384 4352 512 4441 officio
528 4350 697 4489 fungitur
712 4417 725 4460 ,
742 4356 809 4440 sed
824 4353 985 4470 populos
1000 4380 1089 4436 suae
1112 4353 1200 4440 fidei
1223 4359 1440 4445 commissos
1456 4387 1533 4448 sce·⁴

78 4467 295 4556 leratissime
316 4475 485 4586 prodens
504 4535 516 4579 ,
532 4471 732 4557 simillimus
758 4497 814 4558 est
847 4469 1075 4559 mercenario
1091 4532 1104 4577 ,
1119 4502 1236 4588 quem
1260 4475 1428 4563 Christus
1457 4509 1533 4565 ma·

79 4587 179 4674 xime
213 4590 373 4677 damnat
399 4592 441 4675 in
474 4589 700 4707 evangelio:
735 4595 839 4675 Nara
871 4597 1153 4698 mercenarius,
1187 4592 1335 4709 inquit,
1371 4605 1437 4702 qai
1462 4623 1531 4682 naa

28 4770 46 4775 μ
79 4723 140 4791 ert
157 4725 295 4816 pastor
313 4768 327 4814 ,
345 4713 451 4818 cajus
468 4720 537 4795 aaa
562 4723 649 4791 sant
676 4735 767 4792 oves
794 4715 974 4824 propriae
991 4767 1006 4813 ,
1023 4714 1131 4793 uidet
1156 4708 1280 4820 lupum
1307 4721 1527 4821 venientem,

74 4838 116 4906 et
146 4831 306 4912 dimittit
324 4856 415 4913 aves
435 4845 503 4934 ,et
512 4827 660 4936 fugit,
685 4841 723 4908 et
755 4832 863 4936 lapus
879 4836 988 4936 rapit
1004 4844 1041 4911 et
1056 4833 1246 4936 dispergit
1272 4857 1384 4914 oves.
1411 4834 1530 4940 Ego,

72 4939 202 5061 inquit
214 5008 230 5068 ,
258 4976 340 5036 sam
358 4950 633 5065 parturiamus
650 4959 720 5051 ,at
734 4955 893 5033 animam
919 4973 1035 5033 meam
1052 4968 1149 5058 pana
1161 4961 1237 5064 pra
1263 4949 1397 5049 avibus
1423 4957 1529 5048 mets.
1582 5025 1587 5035 .

71 5097 94 5124 .·
172 5074 179 5095 '
1282 5108 1287 5116 ·
1435 5066 1532 5182 ΕΡ]-
