4034 5858
73 532 188 648 quasi
202 527 467 643 tempestatem
493 522 533 606 in
556 518 793 636 tranquillo,
819 516 869 602 sic
896 514 1060 632 pericula
1088 518 1129 605 in
1149 548 1241 636 pace
1273 549 1525 639 quaererent,

74 658 191 749 nemo
218 646 391 734 dubitat:
409 641 519 759 quod
542 639 619 725 scio
647 638 770 726 multis
799 644 990 751 praeterea
1025 637 1272 753 Hispanisex
1306 643 1396 727 mihi
1426 647 1526 734 notis

75 768 266 870 accidisse,
281 762 397 851 veluti
413 762 477 872 Jo.
494 760 660 843 Urbinae
671 788 688 863 ',
708 755 856 842 Didaco
873 756 1050 860 Garsiae,
1073 756 1229 843 ducibus
1250 785 1435 872 spectatae
1452 765 1529 851 vir-

71 885 161 971 tutis
187 908 226 969 ct
251 881 380 997 magni
404 877 564 962 nominis
581 938 594 982 ‚
610 877 677 990 qui
700 903 782 959 non
803 872 916 958 semel
932 931 946 976 ‚
964 875 1031 960 sed
1046 877 1189 991 saepius
1210 877 1326 960 causis
1348 907 1429 963 non
1444 877 1525 970 tam

70 998 281 1088 necessariis
298 1059 310 1103 ,
327 1027 444 1112 quam
468 993 669 1079 ambitiosis
693 989 859 1076 inimicos
883 1015 949 1075 aut
973 992 1141 1077 aemulos
1172 993 1222 1080 ad
1245 1019 1434 1106 certamen
1460 1000 1526 1085 sin·

72 1120 204 1236 gulare
233 1138 489 1233 provocarunt
506 1137 574 1219 ,et
605 1111 730 1199 vicisse
754 1108 961 1226 gloriosum
990 1134 1250 1224 putaverunt.
1283 1115 1370 1199 Sed
1383 1140 1427 1199 ut
1452 1115 1529 1230 ipse

71 1238 224 1324 dicebas
240 1296 260 1341 ,a
273 1264 387 1319 nemo
415 1230 507 1318 vivit
527 1230 604 1315 sine
628 1226 778 1314 crimine
794 1288 806 1332 ‚
822 1255 1015 1342 nemoque
1035 1254 1116 1313 tam
1137 1251 1312 1315 constans
1328 1231 1440 1317 estin
1458 1234 1527 1322 vir-

74 1380 161 1440 tute
179 1396 192 1461 ς
208 1378 253 1439 ut
278 1380 358 1436 non
383 1348 572 1434 interdum
595 1348 644 1432 ab
672 1346 750 1461 ipsa
765 1343 947 1429 dilabatur
967 1377 976 1428 :
994 1370 1033 1430 et
1050 1372 1092 1430 ut
1109 1346 1168 1431 alii
1185 1349 1340 1433 suntad
1367 1348 1461 1456 alia,
1478 1353 1530 1439 sic

73 1469 199 1558 fateor
225 1499 384 1586 magnos
417 1466 560 1551 animos
580 1491 697 1570 ,cum
722 1494 747 1547 a
775 1487 876 1547 recta
905 1462 967 1548 uia
997 1462 1224 1549 discesserint
1239 1463 1307 1570 ‚in
1331 1463 1424 1552 haec
1449 1469 1531 1557 duo

71 1587 164 1676 vitia
186 1586 424 1703 procliviores
460 1599 567 1689 esse,
589 1607 634 1667 ut
658 1580 810 1666 laudem
839 1574 1018 1665 affectent
1045 1581 1291 1667 immoderate
1308 1641 1323 1689 ,
1340 1612 1362 1667 a
1378 1580 1526 1672 fortitu·

71 1706 164 1793 dine
185 1705 224 1792 in
240 1704 437 1790 audaciam
456 1699 584 1813 dilapsi
600 1760 612 1803 ,
628 1699 776 1814 sintque
799 1693 1014 1809 injuriarum
1031 1697 1115 1812 plus
1142 1728 1260 1813 quam
1276 1725 1450 1814 oportet,
1466 1705 1532 1790 im.

72 1825 257 1938 patientes
275 1855 285 1906 t
311 1848 412 1937 quae
428 1818 517 1904 vitia
534 1845 767 1933 quamquam
796 1813 917 1903 minus
934 1815 1197 1930 vituperantur
1212 1878 1225 1923 ‚
1242 1845 1358 1933 quam
1386 1848 1433 1904 ea
1448 1822 1532 1936 qui·

73 1942 146 2028 bus
170 1938 299 2057 ignavi
326 1935 446 2023 solent
471 1933 646 2047 implicari
663 1932 778 2040 ,vitia
795 1956 923 2016 tamen
950 1956 1038 2018 sunt
1053 1994 1065 2037 ,
1079 1962 1151 2018 nec
1177 1936 1292 2020 animi
1307 1939 1531 2052 magnitudi-

73 2059 114 2143 ni
140 2055 403 2146 convenientia
420 2113 432 2156 ,
448 2078 492 2136 ut
518 2053 664 2136 bonum
693 2050 826 2139 vinum
860 2049 993 2137 acescit
1022 2051 1176 2165 potius,
1194 2080 1312 2168 quarn
1340 2083 1528 2169 vapescat‚

71 2175 221 2263 utrovis
253 2199 381 2259 tamen
406 2169 500 2258 vitio
529 2169 686 2285 gratiam
713 2191 752 2254 et
781 2165 992 2253 bonitatem
1027 2168 1191 2255 amittit:
1220 2195 1260 2257 et
1286 2171 1412 2256 bonus
1436 2175 1531 2260 ensis

77 2293 259 2409 impactus
282 2285 547 2376 comminuitur
570 2286 687 2402 magis
704 2345 718 2393 ,
734 2315 852 2403 quam
867 2283 1065 2374 hebetetur
1081 2348 1094 2394 ,
1110 2311 1317 2406 utrumque
1332 2313 1460 2377 tamen
1474 2315 1530 2380 cst

75 2412 366 2499 detrimentum.
703 2500 704 2504 Ν
1095 2446 1098 2451 <
1139 2483 1142 2503 ,Ν

135 2532 302 2616 XXXV.
365 2527 487 2622 Quod
511 2556 605 2615 vero
637 2525 799 2641 pertinet
828 2526 878 2612 ad
899 2524 1083 2642 singulare
1109 2530 1581 2644 certamen,qu0niam1,e
1601 2584 1724 2647 sanguin

75 2649 117 2734 in
145 2646 329 2764 frequenti
351 2642 494 2731 corona
512 2707 524 2751 ‚
544 2671 582 2730 et
605 2645 710 2759 quasi
734 2645 884 2730 theatro
912 2644 1111 2730 decernere
1127 2646 1426 2759 pulcherrimum
1451 2648 1527 2736 hoc
1541 2647 1704 2708 ⁶²³³m³¹¹⁰⁹

1541 2718 1566 2754 et
1583 2706 1673 2765 quibus
1688 2721 1718 2755 o·

74 2788 245 2884 tempore
272 2763 456 2881 plerisqne
476 2823 489 2867 ‚
506 2787 546 2847 et
574 2790 801 2877 magnorum
827 2761 997 2848 vitorum
1020 2792 1119 2875 opus
1141 2791 1220 2848 esse
1244 2763 1396 2850 videtur
1416 2827 1428 2870 ,
1445 2768 1526 2853 nol»
1540 2763 1720 2885 libieiviii?

73 2881 150 2973 lem
173 2911 407 3000 quemquam
434 2881 606 2996 ignorare
623 2941 635 2984 ,
652 2880 753 2965 hanc.
772 2880 1085 2965 consuetudinem
1110 2880 1412 2968 commilitonum
1433 2883 1527 2972 inter
1540 2886 1665 2996 ¹33¹th
1680 2885 1718 2935 ᾖ·

72 3029 114 3089 se
140 3030 270 3119 pugna
298 2997 472 3115 singulari
500 2997 725 3083 decernendi
754 2996 958 3110 plurimum
983 2998 1110 3083 abesse
1128 3027 1151 3082 a
1168 2999 1288 3085 veteri
1302 3025 1384 3086 tum
1400 3005 1527 3090 Grae-⁴

74 3144 207 3205 corum
226 3183 239 3226 ‚
255 3145 340 3206 tum
355 3112 618 3203 Romanorum
641 3114 785 3200 militari
801 3113 990 3229 disciplina
1007 3175 1021 3221 ,
1036 3117 1141 3230 apud
1165 3146 1292 3231 quos,
1312 3119 1379 3233 qui
1396 3120 1525 3210 inrue

71 3261 263 3325 certamen
281 3236 581 3340 descendissent,
600 3230 753 3318 infamia
780 3234 1039 3319 notabantur:
1058 3234 1098 3318 id
1112 3235 1214 3319 enim
1239 3265 1377 3322 munus
1401 3268 1525 3328 servo·⁴
1589 3231 1592 3239 ’

73 3374 159 3441 rum
189 3380 270 3442 erat
298 3380 338 3441 et
360 3352 617 3446 vilissimorum
640 3350 840 3439 hominum
857 3411 870 3453 ,
885 3350 953 3464 qui
981 3350 1200 3466 sanguinem
1215 3354 1388 3442 venalem
1404 3355 1525 3442 habe-

69 3469 166 3560 bant
181 3535 194 3580 ,
210 3470 435 3591 gladiatores
461 3469 668 3583 nuncupati
685 3502 694 3553 :
712 3499 802 3554 nam
821 3468 960 3554 horum
978 3468 1080 3583 paria
1095 3469 1134 3554 in
1161 3469 1313 3557 theatris
1329 3475 1524 3589 spectandi

72 3592 218 3705 gratia,
233 3616 272 3677 et
296 3590 396 3703 justis
411 3587 670 3703 exsequiarum
694 3615 923 3704 magnorum
941 3586 1109 3673 virorum
1133 3587 1369 3676 edebantur:
1386 3620 1522 3706 quami

74 3707 132 3796 vis
161 3708 253 3795 haec
277 3708 356 3824 ipsa
381 3705 591 3823 spectacula
615 3703 747 3821 optimi
770 3733 815 3790 ac
848 3703 1121 3821 prudentissimi
1149 3708 1320 3822 principis
1334 3709 1522 3796 Constan-=

71 3823 140 3911 tini
171 3826 253 3942 lege
269 3885 282 3931 ‚
297 3851 342 3913 ut
358 3824 521 3912 crudelia
551 3848 591 3910 et
620 3822 853 3930 inhumana,
868 3821 1013 3909 sublata
1043 3849 1153 3910 sunt.
1181 3829 1315 3941 ltaque
1330 3827 1523 3942 Hispanos
1536 3889 1715 3952 mmm„

69 3964 160 4030 tuos
187 3943 304 4031 miror
320 4005 332 4047 ,
348 3967 501 4060 gentem
530 3970 611 4028 non
640 3943 761 4029 modo
786 3941 968 4031 bellacem
987 3999 1002 4048 ,
1018 3943 1084 4030 sed
1111 3942 1222 4027 etiam
1247 3944 1454 4032 humanam
1483 3974 1522 4036 et
1535 3963 1626 3999 ΜΝ
1651 3965 1713 4002 ⁶⁰¹¹·

1535 4012 1643 4059 suetudo
1662 4011 1716 4060 sin·

72 4090 227 4175 gravem
243 4124 256 4168 ‚
273 4061 378 4149 hunc
398 4060 502 4175 apud
527 4091 593 4148 eos
620 4089 768 4151 morem
797 4059 1048 4165 inveterasse,
1064 4059 1179 4177 longe
1195 4061 1366 4150 videlicet
1391 4093 1437 4151 ex
1460 4065 1714 4192 vessffiffiff‘*

72 4177 346 4268 terimemoria
373 4178 600 4294 repetitum,
617 4205 661 4269 ut
687 4208 768 4268 non
792 4178 916 4268 solum
943 4178 1099 4295 ingenui
1128 4178 1300 4265 homines
1316 4183 1411 4286 ‚sed
1434 4182 1522 4273 clari

74 4292 188 4409 etiam
212 4323 250 4383 et
275 4299 431 4384 illustres
462 4328 572 4412 saepe
596 4298 871 4403 aemulationes
890 4321 928 4383 et
955 4295 1254 4403 controversias,
1280 4325 1387 4413 quas.
1406 4299 1520 4390 disce

71 4413 221 4527 ptando
245 4416 305 4501 vel
334 4414 441 4502 finire
463 4443 543 4501 non
567 4417 774 4532 potuissent
789 4479 801 4523 ‚
818 4417 879 4504 vel
900 4413 1103 4500 noluissent
1120 4475 1132 4518 ,
1149 4414 1258 4498 armis
1284 4440 1323 4502 et
1346 4416 1521 4534 singulari

68 4531 274 4625 certamine
305 4534 573 4621 decernerent.
605 4537 735 4630 Quam
764 4561 920 4646 operam
949 4530 1152 4647 gratuitam
1184 4529 1367 4620 Africano
1384 4537 1522 4651 Scipio·
1553 4569 1555 4576 J

66 4648 112 4732 ni
135 4648 246 4764 patris
269 4651 467 4767 patruique
490 4651 618 4737 mortis
635 4681 747 4742 causa
773 4649 881 4734 multi
905 4648 955 4733 ad
971 4678 1114 4736 novam
1130 4651 1400 4767 Carthaginem
1415 4684 1520 4767 prae·

64 4765 198 4892 stitisse
214 4792 500 4876 memorantur,
519 4767 675 4884 quidam
691 4798 714 4852 a
740 4766 876 4882 tegulis
900 4767 997 4856 missi
1012 4768 1063 4852 ad
1079 4769 1265 4884 specimen
1288 4769 1416 4889 insitae
1431 4802 1522 4887 gene

64 4882 267 4984 ‚rivirtutis
295 4887 577 4985 ostendendum
586 4905 604 4998 ÷,·
621 4886 680 4982 alii
697 4883 953 4979 aemulatione
982 4884 1087 4997 ducti
1102 4947 1116 5008 ἶ
1133 4885 1284 4977 Corbis
1315 4911 1520 5093 auternoet

64 5064 92 5086 ·.,
131 5065 134 5073 ⁴
427 5032 454 5059 ³
1486 5035 1522 5094 l·-¹
