4140 5872
223 406 225 409 ’
333 403 401 476 ne
417 399 776 478 connectione
793 393 913 470 nutu
929 395 1247 531 uuusruuotre
1264 400 1388 476 xou.
1504 398 1589 541 11,

152 518 476 649 {cessariaanullo
492 522 696 643 ,quamvis
718 522 856 610 tudier
871 508 1057 630 indocto,
1072 551 1196 638 posset
1220 523 1411 642 ignorari,
1428 527 1607 647 constitit-

153 677 209 740 to
234 679 338 735 anno
353 708 367 754 ,
382 646 450 763 qui
465 674 556 731 cum
580 641 665 728 solis
686 668 797 728 motu
812 640 1027 758 signiferum
1046 647 1283 761 pervagantis
1298 646 1549 783 congrueret,
1567 644 1606 738 et

155 769 379 874 mensibus,
398 763 545 887 quibus
561 760 710 879 singulis
733 785 860 847 motus
889 760 1029 866 lunae,
1054 785 1121 849 aut
1144 792 1254 848 mora
1279 764 1400 885 solis
1389 792 1428 851 rn
1447 791 1605 949 quoque

35 900 43 908 '
157 887 298 1007 signo,
313 909 384 972 aut
403 907 610 1001 utrumque
634 910 756 1017 parvo
783 874 998 966 discrimine
1021 875 1239 967 notaretur.
1426 910 1429 913 ’

218 1012 265 1092 11.
325 1005 576 1117 Quamquam
595 998 700 1087 eninr
727 993 943 1085 nonnullae
960 997 1130 1087 mtioaes
1161 994 1392 1088 brevioribus
1414 998 1504 1089 olim
1521 1034 1684 1119 spa-,fxsc
1631 990 1716 1100 lm}
1721 992 1799 1100 llll

39 1225 42 1229 v
154 1123 218 1211 -tiis
233 1153 323 1211 suos
338 1149 458 1206 annos
459 1030 800 1204 concludebant.
790 1140 835 1203 ut
849 1119 1265 1234 CaresAcamenesque
1284 1119 1448 1204 semestri
1462 1180 1475 1226 ,
1491 1065 1798 1227 Α1111ἰ,1,““

158 1243 229 1329 des
244 1239 437 1344 trimestri,
451 1236 630 1354 Aegyptii
645 1233 819 1350 primum
822 1233 960 1341 usius,
978 1234 1130 1322 deinde
1126 1262 1304 1352 quatuor
1322 1238 1505 1324 mensium
1522 1271 1604 1357 spa·
1777 1315 1780 1322 .

152 1359 220 1446 tio
236 1422 250 1465 ,
267 1357 403 1445 Albani
418 1357 574 1443 decem:
592 1352 766 1438 omnihus
781 1376 946 1457 tamen,
961 1377 1006 1439 ut
1021 1376 1155 1440 auctor
1172 1378 1228 1440 est
1260 1357 1521 1472 Censorinus,
1537 1388 1602 1444 cu-
1679 1410 1686 1427 ·
1775 1408 1782 1416 -

154 1474 320 1579 1111111,
337 1474 466 1561 diebus
486 1495 553 1558 aut
574 1471 761 1558 mensibus
785 1413 1040 1558 httmcalinds
1071 1500 1182 1557 suum
1212 1472 1359 1560 civilem
1388 1494 1532 1560 annum
1555 1476 1606 1563 ad

156 1536 399 1706 neutralem,
430 1620 498 1707 qur
487 1586 597 1675 so'lis
611 1589 757 1675 ambitu
770 1586 984 1704 perficitur,
1005 1588 1185 1706 dirigere.
1211 1592 1285 1677 Sed
1308 1618 1393 1676 eam
1418 1592 1606 1681 rationem

155 1710 338 1798 metiendi
354 1730 499 1794 annum
525 1706 661 1793 solis
630 1729 858 1792 circumactu
875 1706 1153 1844 duodecimque
1174 1707 1361 1794 mensibus
1378 1708 1606 1846 distinguen-

156 1827 232 1936 di,
254 1853 300 1914 ut
319 1817 376 1912 est
400 1824 545 1940 optima
568 1847 607 1909 et
633 1824 795 1910 maxime
815 1825 1018 1931 naturalis,
1042 1825 1092 1911 sic
1117 1825 1291 1912 omnium
1314 1826 1605 1942 antiquissimam

156 1969 239 2032 ‘esse
266 1942 457 2031 declarant
486 1968 673 2026 sacrarum
696 1940 902 2026 litterarum
922 1942 1169 2031 vetustissina
1198 1967 1476 2051 monumenta,
1505 1975 1605 2060 quae
1658 1966 1760 2020 Gen-t

156 2063 199 2148 in
224 2059 421 2148 alluvionis
445 2056 658 2145 universalis
682 2059 1043 2148 commemoratione
1072 2062 1121 2148 de
1145 2053 1348 2148 undecimo
1372 2091 1499 2147 mense
1529 2063 1606 2149 die-

152 2200 235 2295 que
263 2178 397 2265 mensis
413 2176 591 2293 vigesima
606 2175 793 2312 septima·
776 2164 1008 2263 mentionem
1034 2174 1203 2265 faciunt
1223 2180 1320 2275 Quo
1335 2178 1446 2293 plane
1468 2180 1605 2266 intelli·

155 2297 288 2432 gitur,
311 2295 388 2408 jam
410 2318 499 2380 ante
517 2297 705 2398 Morem,
727 2292 796 2409 qui
823 2294 951 2408 spiritu
978 2296 1053 2381 Dei
1083 2294 1232 2382 afllanus
1256 2296 1478 2428 scriptorum
1500 2312 1604 2384 vetu-

158 2414 332 2500 stissimus
354 2413 415 2498 illa
431 2409 634 2498 memoriae
650 2410 845 2497 mandavit
855 2408 983 2522 ,lfuit
997 2412 1099 2498 enim
1116 2439 1204 2500 ante
1220 2413 1360 2498 bellum
1377 2415 1709 2549 Troianummm

157 2556 204 2619 ut
223 2530 362 2647 colligit
377 2527 563 2616 Eusebius
584 2526 854 2645 Caesariensis,
870 2544 992 2642 asinos
1019 2528 1160 2616 circiter
1191 2553 1380 2616 trecentos
1413 2532 1603 2667 quinqua·
1721 2553 1723 2556 ·
1728 2505 1794 2558 ”

158 2648 302 2766 ginta)
320 2647 473 2734 similem
485 2644 677 2731 rationem
693 2632 789 2728 atini
797 2644 1060 2762 mensiumque
1077 2706 1090 2751 ,
1107 2647 1299 2732 ethorum
1326 2676 1455 2763 parem
1471 2661 1604 2735 nume

157 2796 246 2852 rum
276 2762 385 2852 fixisse
410 2761 695 2852 humanioribus
711 2760 788 2847 fere
803 2763 1004 2879 gentibus,
1019 2787 1134 2879 atque
1150 2789 1235 2878 post
1252 2794 1341 2850 eum
1356 2765 1537 2851 Hebraeis
1552 2768 1602 2855 ad

156 2882 257 2969 hanc
278 2913 398 3000 usque
423 2880 646 2969 memoriam
672 2898 815 2966 annum
840 2880 890 2967 ad
914 2879 1029 2985 solis,
1055 2909 1197 2966 menses
1229 2881 1279 2969 ad
1304 2881 1455 2996 lunaep
1430 2911 1601 3000 rpogres
1711 2944 1713 2946 -

157 3020 242 3086 surn
259 2998 632 3087 accommodantibus
649 3057 662 3103 ,
677 3023 721 3084 ut
736 2997 876 3114 colligit
891 2941 1150 3114 Augustinus
1139 3027 1180 3082 tn
1205 2996 1269 3083 lib.
1289 3032 1346 3083 xv.
1369 3005 1415 3082 de
1430 3000 1602 3103 Ciuitate

157 3119 266 3203 Dei:
284 3118 352 3233 qui
369 3147 453 3227 mos
466 3104 565 3201 idem
582 3116 869 3250 propemodum
880 3111 950 3200 fuit
966 3113 1287 3221 Atheniensibus,
1310 3116 1376 3202 nist
1365 3118 1501 3230 quod
1517 3122 1603 3203 He⁴

157 3235 260 3321 braei
280 3232 586 3350 abaequinoctio
610 3262 731 3321 verno
753 3231 899 3318 uitium
922 3229 1134 3318 laciunt’
1081 3261 1137 3352 sur
1150 3231 1240 3382 anni
1257 3234 1533 3387 ,Athenienses
1550 3234 1600 3323 ab

156 3353 300 3440 aestivo
326 3351 507 3438 solstitio.
1138 3406 1142 3411 =-
1426 3398 1430 3407 ·

214 3475 277 3555 111
334 3458 476 3555 Hanc
467 3468 581 3602 igitur
593 3466 801 3555 naturalem
819 3467 1294 3584 commodissimamque'
1254 3468 1438 3556 rationem
1458 3473 1602 3553 Roma

95 3599 98 3602 ’
159 3586 198 3671 ni
220 3612 263 3672 ut
285 3612 556 3704 sequerentur,
573 3617 645 3699 tam
661 3587 749 3672 inde
763 3585 812 3670 ab
829 3587 923 3670 urbe
947 3585 1100 3672 condita
1126 3586 1193 3671 sibi
1212 3576 1516 3722 proposuerant,
1530 3586 1598 3674 se'd

156 3703 392 3819 ignoratione
408 3730 585 3791 motuum
607 3702 822 3790 caelestium
836 3731 917 3792 non
940 3703 1064 3789 statim
1080 3704 1222 3818 assequi
1238 3721 1453 3819 potuerunt
1458 3762 1470 3806 ,
1478 3704 1597 3837 quod

154 3821 355 3935 petebant.
385 3827 491 3908 Nam
518 3821 704 3907 Romulus
735 3821 866 3906 decem
893 3808 1089 3908 dumtaxat
1111 3822 1305 3906 mensium
1330 3834 1474 3935 annum
1502 3827 1598 3905 11111

155 3937 272 4024 11111111
289 3999 302 4044 ,
321 3938 490 4049 Albanos
506 4000 519 4045 ,
535 3939 639 4024 unde
653 3938 819 4023 Romani
833 3939 907 4022 orti
931 3963 1068 4045 erant,
1083 3938 1274 4024 irnitantst-
1298 3951 1490 4053 quorum
1491 3949 1604 4041 men'

155 4055 250 4139 sium
266 4083 434 4172 quatuor
452 4083 578 4146 vocati
566 4055 691 4171 'pleni
708 4116 720 4163 ,
738 4054 919 4159 Martius,
934 4050 1087 4168 Maju's,
1105 4055 1308 4161 Quintilis,
1325 4036 1518 4163 October,
1536 4056 1604 4141 triv'

155 4199 268 4258 cenos
288 4175 455 4293 singulos
481 4174 559 4261 dies
576 4174 794 4276 habebant,
820 4172 951 4288 reliqui
978 4175 1064 4263 ca'vi
1090 4176 1294 4287 nuncupati
1311 4233 1324 4276 ,
1340 4172 1573 4287 Aprilis,u
1522 4173 1597 4283 Ju-

156 4287 269 4393 nius,
285 4293 423 4378 Sextilis
438 4292 719 4407 ,September,
736 4233 987 4396 Nbvember,
1003 4292 1239 4395 December,
1253 4291 1435 4375 tricenos.
1464 4294 1598 4405 Itaque
1697 4287 1699 4290 ’

154 4428 261 4490 totus
284 4435 403 4493 annus
424 4353 554 4495 diebus
574 4409 746 4496 trecentis
774 4424 814 4493 et
841 4433 1007 4523 quantor
1023 4406 1265 4520 explebatur,
1282 4436 1351 4493 nec
1374 4423 1523 4522 poterat
1539 4408 1597 4493 nl·

152 4522 182 4608 si
205 4522 353 4640 magnis
376 4550 415 4611 et
439 4525 784 4631 incommodissimis
816 4524 1152 4611 intercalationibus
1183 4526 1234 4612 ad
1263 4525 1372 4613 solis
1370 4552 1531 4608 cursum
1556 4546 1596 4609 et

154 4640 367 4748 naturalem
400 4670 543 4727 annum
577 4643 772 4729 revocari.
805 4643 929 4740 Quod
959 4642 1261 4730 animadvertens
1289 4647 1419 4749 Numa
1451 4639 1609 4755 Pompi·

155 4756 226 4843 lius
249 4742 347 4845 duos
371 4786 517 4844 menses
541 4759 700 4871 adjecit:
730 4760 977 4870 januarium,
1006 4790 1122 4878 quern
1148 4761 1321 4892 primum
1335 4787 1423 4841 annr
1413 4753 1551 4859 lecit,
1574 4786 1598 4839 a

154 4874 304 4992 bicipite
332 4875 435 4996 Jano
452 4875 715 4985 nominatum,
730 4875 854 4994 quod
852 4878 977 5085 111133
992 4876 1119 4967 fronte
1146 4874 1340 4994 superioris
1364 4901 1454 4959 anm
1443 4816 1628 5070 fineiq,

989 5027 1013 5082 2
1545 5016 1596 5071 a·
