4006 5850
487 413 551 504 508
775 415 842 484 Dl':
864 413 993 482 ento
1015 411 1080 481 ET
1101 410 1280 483 LIBERO
1308 409 1547 483 ‘ARBITRIO

456 564 574 655 atque
590 536 628 620 in
645 538 896 651 praesentibus
912 559 950 619 et
974 534 1175 663 praeteritis
1203 563 1280 619 esse
1302 535 1500 622 rationem.
1533 537 1637 619 Nam
1667 548 1772 650 quae
1802 562 1902 643 sunt,

458 683 635 855 quaeqqe
658 651 839 761 fuerunt,
871 655 963 739 haec
981 684 1061 738 non
1087 681 1166 738 esse
1181 652 1243 738 vel
1254 683 1335 739 non
1352 649 1460 737 fuisse
1476 652 1636 745 ιιιίιιὶιιιι
1651 651 1773 737 licet:
1796 656 1904 768 quod

461 802 555 860 vero
613 797 739 858 turum
756 798 837 879 est,
865 800 946 857 non
961 800 1039 857 esse
1063 770 1165 857 idem
1180 795 1318 884 potest
1350 770 1579 867 Quoniam
1567 771 1684 904 igitur
1702 796 1796 856 anre
1825 773 1899 857 vir-

461 916 583 976 tutem
601 892 845 978 obtinendam
860 920 993 977 verum
1010 887 1079 973 fuit
1095 889 1220 975 dictu
1214 919 1323 1024 posse
1352 890 1455 974 hunc
1469 918 1579 1004 ‚qur
1567 887 1795 995 obtinuit,
1820 919 1895 975 non

462 1009 661 1115 obtinete,
683 1009 871 1096 idcirco
836 1033 1015 1095 virtutem
1029 1007 1253 1092 obtinerem
1282 1032 1467 1142 potestate
1497 1007 1606 1122 ipsius
1638 1036 1721 1094 esse
1744 1007 1900 1094 dicitur:

463 1129 601 1263 quod
591 1158 620 1212 ιι
609 1128 869 1249 prudenti
834 1153 948 1213 vrrtus
965 1187 979 1233 ‚
999 1131 1077 1241 qua
1096 1149 1297 1232 censetur,
1319 1125 1455 1240 inipso
1473 1124 1642 1240 protinus
1659 1151 1755 1212 ortu
1772 1154 1902 1212 natura

461 1245 705 1361 contigisset,
728 1274 851 1361 neque
875 1245 953 1358 ejus
968 1273 1083 1359 opera
1104 1240 1229 1330 fuisset
1261 1188 1525 1379 diligentiaque
1554 1269 1694 1357 parta,
1730 1242 1903 1330 nimirum

460 1363 686 1476 prudentem
703 1392 803 1468 esse,
819 1392 900 1448 non
917 1388 1010 1447 esset
1022 1361 1201 1496 positum
1206 1362 1455 1496 inprudentis
1465 1384 1667 1480 potestate,
1687 1390 1775 1447 non
1793 1363 1912 1479 magis

460 1510 578 1595 quam
593 1481 768 1596 bipedem
783 1509 882 1586 esse,
899 1480 1098 1566 rationisve
1111 1480 1355 1596 participem,
1364 1508 1449 1567 nec
1464 1475 1578 1567 ullam
1593 1478 1755 1566 laudem
1770 1541 1787 1586 ,
1802 1482 1904 1619 quod

461 1599 542 1683 talis
574 1624 707 1718 esset,
732 1624 948 1685 mereretur.
978 1598 1052 1684 Sed
1084 1598 1253 1683 homines
1279 1595 1499 1685 fortassean
1521 1597 1817 1709 admirationem
1846 1600 1900 1684 sui

340 1770 346 1788 ι
387 1773 390 1778 ·
458 1713 726 1822 ιοιινιιιιιιι,
755 1718 901 1831 quoda
918 1741 1050 1799 natura
1068 1712 1190 1801 fuisset
1206 1742 1284 1801 tam
1310 1715 1508 1830 praestanti
1537 1740 1697 1803 munere
1729 1715 1902 1804 donatus.

458 1839 538 1919 Eos
560 1836 659 1920 enim
684 1834 878 1919 laudibus
872 1833 1047 1962 prosequi
1062 1834 1351 1941 consuevimus,
1381 1833 1447 1948 qui
1464 1861 1553 1919 cunt
1568 1861 1692 1921 essent
1718 1835 1825 1920 tenui
1841 1865 1902 1920 va·

458 1949 623 2038 letudine
648 1975 687 2036 et
711 1946 877 2036 imbecilli
900 1976 1062 2054 natura,
1085 1975 1129 2035 ιιι
1161 1946 1327 2036 valentes
1357 1979 1401 2036 ac
1426 1949 1523 2036 firmi
1554 1976 1679 2039 essent
1713 2014 1727 2057 ,
1752 1980 1842 2037 cura
1864 1978 1899 2040 et

461 2068 721 2154 exercitatione
736 2064 888 2154 fuerunt
912 2068 1129 2173 consecuti,
1153 2068 1319 2156 studitun
1346 2057 1518 2155 videlieet
1547 2096 1591 2152 ac
1623 2071 1910 2184 providentiam

340 2216 347 2223 ·
459 2187 781 2271 commendantes.
815 2186 959 2271 Nam
933 2218 968 2269 st
991 2215 1090 2301 quos
1116 2129 1221 2271 hullo
1253 2195 1323 2271 suo
1339 2180 1466 2274 labore
1492 2202 1536 2270 ιι
1550 2185 1816 2291 solicitudine,
1831 2186 1908 2275 sed

285 2308 361 2375 ΟΜ
375 2322 447 2360 flam·
461 2328 607 2418 sponte
622 2328 777 2390 naturae
799 2303 906 2388 firma
931 2329 970 2390 et
996 2304 1150 2388 robusta
1172 2302 1387 2390 valentdine
1416 2304 1724 2419 conspexerimus
1754 2247 1899 2411 ,filices

269 2386 297 2421 ra
313 2372 426 2421 tontlnr
386 2371 447 2431 ogia

266 2444 318 2540 23¹¹
321 2443 448 2540 ,affine
462 2450 527 2506 eos
542 2447 582 2508 et
602 2417 816 2526 fortunatos
839 2421 1108 2538 appellamus,
1137 2421 1245 2536 quod
1275 2449 1410 2557 sponte
1443 2422 1499 2507 his
1529 2421 1702 2537 citraque
1737 2422 1912 2508 laborem

460 2538 660 2658 suppetat,
686 2539 795 2656 quod
818 2541 877 2624 alii
897 2540 989 2625 boni
1015 2539 1244 2642 consulunt,
1271 2541 1299 2623 si
1332 2567 1399 2653 pet
1427 2569 1586 2656 magnos
1603 2538 1759 2625 labores
1788 2566 1897 2655 atque

460 2685 566 2742 curas
582 2681 872 2779 consequantur.
905 2660 997 2742 Hoc
1012 2656 1112 2740 enim
1138 2681 1287 2740 rantum
1305 2658 1434 2760 abest,
1466 2683 1509 2743 ut
1525 2657 1681 2743 materia
1716 2658 1765 2742 sit
1793 2658 1904 2774 legiti-

461 2804 547 2860 mae
565 2775 710 2879 laudis,
733 2799 776 2859 ut
765 2802 907 2908 saepe
917 2776 967 2860 ad
991 2772 1287 2859 imminuendam
1314 2719 1473 2889 gloriam
1500 2800 1736 2889 usurpetur,
1753 2775 1903 2889 si,quo

463 2888 640 2977 excellere
656 2892 838 3006 quispiam
853 2891 1107 3003 existimatur,
1133 2889 1268 2976 hoc
1237 2919 1271 2974 er
1296 2888 1480 2980 beneficio
1507 2915 1663 2985 naturae
1694 2892 1905 3008 contigine,

464 3038 546 3094 non
561 3038 649 3094 cura
666 3009 946 3124 industriaque
935 3009 1045 3122 ipsius
1060 3032 1320 3141 comparatum
1334 3004 1442 3097 luisse
1459 3007 1531 3095 dici
1547 3008 1663 3123 possit
1680 3067 1696 3115 ,
1724 3011 1908 3127 quemad·

466 3127 627 3211 modum
652 3155 802 3211 carmen
829 3127 919 3211 illud
943 3124 1190 3210 Homericum
1207 3126 1347 3262 docet,
1373 3154 1455 3240 quo
1482 3131 1760 3243 Agamemnon
1790 3127 1916 3221 Achil.

464 3241 507 3327 lis
526 3243 765 3367 insolentiam
782 3243 1070 3361 superbiamque
1095 3247 1256 3330 co'et'cet

645 3485 688 3568 Ei
713 3489 826 3584 μιλιι
853 3486 1024 3592 ιιιιρτιρὸς
1048 3481 1152 3580 isar,
1177 3483 1253 3581 leda
1282 3512 1353 3566 assu
1375 3494 1429 3570 σοι’
1455 3515 1523 3592 rap
1524 3473 1711 3567 ’idonea

332 3541 361 3576 Α
466 3541 592 3710 §huod
621 3623 677 3684 est
704 3597 861 3684 Latine.

489 3757 493 3763 ·
705 3715 851 3802 Robore
868 3722 1125 3843 raptaretur,
1143 3675 1247 3800 dedit
1262 3718 1494 3854 indulgentia
1510 3718 1656 3808 divam.

532 3951 654 4037 XXll
712 3952 834 4046 Quod
853 3950 1037 4065 perinde,
1063 3979 1108 4035 ac
1124 3949 1246 4037 multo
1276 3952 1388 4038 etiam
1417 3950 1536 4068 magis
1565 3949 1605 4035 in
1632 3946 1909 4053 virtutibus,
1883 3979 1912 4033 st

467 4067 529 4153 cui
545 4095 678 4155 natura
692 4070 957 4186 contigissent,
987 4069 1167 4153 eveniret
1200 4073 1257 4155 Ut
1288 4060 1414 4156 Deum
1443 4065 1701 4156 immortalem
1731 4097 1815 4155 non
1834 4068 1914 4151 lau·

445 4247 447 4251 ψ
470 4186 603 4273 damus
619 4211 773 4302 propter
789 4211 911 4301 partas
926 4187 1109 4290 virtutes,
1133 4216 1233 4300 quae
1250 4187 1355 4273 ineo
1384 4172 1507 4271 nullae
1531 4209 1638 4290 sunt,
1658 4187 1733 4273 sed
1763 4210 1918 4323 propter

469 4299 592 4389 insitas
604 4332 642 4392 et
658 4334 842 4410 coaevas,
859 4333 933 4409 ac,
948 4328 992 4389 ut
1008 4303 1180 4418 theologi
1196 4305 1405 4419 loquuntur
1418 4363 1431 4408 ‚
1445 4305 1844 4410 consubstantiales,
1833 4303 1910 4418 rpsi·

418 4504 423 4509 ,
469 4448 644 4539 usquep
645 4446 866 4507 raestantem
901 4446 1073 4506 naturam
1105 4422 1351 4508 admiratione
1374 4421 1660 4536 prosequimur:
1692 4423 1810 4539 quod
1832 4450 1911 4506 ιιιιιι

469 4565 632 4654 nequeat
619 4456 870 4625 phominibus
886 4565 1106 4653 suppetere,
1130 4568 1178 4624 ne
1195 4540 1464 4653 postulandum
1477 4538 1633 4653 quidem
1649 4565 1711 4625 est
1728 4570 1751 4624 a
1768 4564 1908 4626 natura

274 4649 455 4783 ,ἔξζῗξρξξῗ
468 4660 615 4743 Νιιιιιι
644 4657 749 4743 enim
771 4657 940 4772 possibile
964 4680 1080 4788 atque
1104 4657 1324 4786 impossihile
1350 4656 1562 4770 philosophi
1589 4655 1830 4744 metiuntur.
1856 4662 1901 4741 At

271 4769 442 4887 ,llllffl
337 4827 411 4880 -,,,,,
443 4795 553 4860 cum
574 4777 689 4862 virtus
711 4776 882 4890 propriae
913 4773 1093 4890 cuiusque
1120 4802 1293 4861 naturae
1307 4772 1538 4891 perfectio
1512 4799 1583 4879 srt,
1612 4803 1686 4858 nec
1719 4776 1805 4862 fieri
1828 4802 1905 4887 pos·

464 4894 538 5000 sit,
564 4920 606 4981 ut
626 4897 735 5013 quod
750 4890 1007 5008 imperfectum
1023 4920 1102 5002 est,
1125 4894 1174 4980 ad
1198 4891 1465 5014 perfectionem
1483 4893 1726 5011 pervenerit,
1750 4926 1806 4983 ne
1836 4888 1905 4976 heti

1828 5010 1902 5126 qui·
