<?xml version="1.0" encoding="UTF-8"?>
<!DOCTYPE html PUBLIC "-//W3C//DTD XHTML 1.0 Transitional//EN"
    "http://www.w3.org/TR/xhtml1/DTD/xhtml1-transitional.dtd">
<html xmlns="http://www.w3.org/1999/xhtml" xml:lang="en" lang="en">
 <head>
  <title>
</title>
<meta http-equiv="Content-Type" content="text/html;charset=utf-8" />
  <meta name='ocr-system' content='tesseract 3.04.00' />
  <meta name='ocr-capabilities' content='ocr_page ocr_carea ocr_par ocr_line ocrx_word'/>
</head>
<body>
  <div class='ocr_page' id='page_1' title='image "./joannisgenesiis01sepgoog/joannisgenesiis01sepgoog_0243.png"; bbox 0 0 4050 5858; ppageno 0'>
   <div class='ocr_carea' id='block_1_1' title="bbox 308 393 1989 5107">
    <p class='ocr_par' dir='ltr' id='par_1_1' title="bbox 308 393 1989 5107">
     <span class='ocr_line' id='line_1_1' title="bbox 524 393 1455 498; baseline -0.013 -21"><span class='ocrx_word' id='word_1_1' title='bbox 524 405 595 498; x_wconf 86' lang='lat'>248</span> <span class='ocrx_word' id='word_1_2' title='bbox 991 393 1455 470; x_wconf 80' lang='lat' dir='ltr'>DEMOCRATES</span> 
     </span>
     <span class='ocr_line' id='line_1_2' title="bbox 503 514 1951 646; baseline -0.002 -34"><span class='ocrx_word' id='word_1_3' title='bbox 503 524 758 646; x_wconf 81' lang='lat' dir='ltr'>praeceperit:</span> <span class='ocrx_word' id='word_1_4' title='bbox 791 518 1082 637; x_wconf 80' lang='lat' dir='ltr'><strong>putabimusne,</strong></span> <span class='ocrx_word' id='word_1_5' title='bbox 1107 523 1173 638; x_wconf 92' lang='lat' dir='ltr'>qui</span> <span class='ocrx_word' id='word_1_6' title='bbox 1201 551 1271 608; x_wconf 85' lang='lat' dir='ltr'>nos</span> <span class='ocrx_word' id='word_1_7' title='bbox 1300 523 1351 609; x_wconf 87' lang='lat' dir='ltr'>ad</span> <span class='ocrx_word' id='word_1_8' title='bbox 1382 547 1498 608; x_wconf 92' lang='lat' dir='ltr'>omne</span> <span class='ocrx_word' id='word_1_9' title='bbox 1524 514 1693 607; x_wconf 71' lang='lat' dir='ltr'>officinam</span> <span class='ocrx_word' id='word_1_10' title='bbox 1722 518 1951 639; x_wconf 77' lang='lat' dir='ltr'>principibus</span> 
     </span>
     <span class='ocr_line' id='line_1_3' title="bbox 384 638 1948 764; baseline 0 -32"><span class='ocrx_word' id='word_1_11' title='bbox 384 750 385 753; x_wconf 7' lang='lat' dir='ltr'>p</span> <span class='ocrx_word' id='word_1_12' title='bbox 503 644 767 764; x_wconf 89' lang='lat' dir='ltr'>praestandum</span> <span class='ocrx_word' id='word_1_13' title='bbox 782 641 1028 746; x_wconf 81' lang='lat' dir='ltr'>adhortatur,</span> <span class='ocrx_word' id='word_1_14' title='bbox 1045 638 1147 726; x_wconf 90' lang='lat' dir='ltr'>hunc</span> <span class='ocrx_word' id='word_1_15' title='bbox 1167 669 1322 756; x_wconf 86' lang='lat' dir='ltr'>operam</span> <span class='ocrx_word' id='word_1_16' title='bbox 1338 640 1552 746; x_wconf 91' lang='lat' dir='ltr'>militarem,</span> <span class='ocrx_word' id='word_1_17' title='bbox 1567 669 1681 755; x_wconf 88' lang='lat' dir='ltr'>saepe-</span> <span class='ocrx_word' id='word_1_18' title='bbox 1693 643 1948 754; x_wconf 85' lang='lat' dir='ltr'>necessariam,</span> 
     </span>
     <span class='ocr_line' id='line_1_4' title="bbox 434 758 1947 880; baseline -0.001 -27"><span class='ocrx_word' id='word_1_19' title='bbox 434 764 437 770; x_wconf 70' lang='grc'><strong>’</strong></span> <span class='ocrx_word' id='word_1_20' title='bbox 503 792 543 853; x_wconf 93' lang='lat' dir='ltr'>et</span> <span class='ocrx_word' id='word_1_21' title='bbox 568 795 638 880; x_wconf 88' lang='lat' dir='ltr'>pro</span> <span class='ocrx_word' id='word_1_22' title='bbox 664 763 832 847; x_wconf 86' lang='lat' dir='ltr'>libertate</span> <span class='ocrx_word' id='word_1_23' title='bbox 860 758 999 872; x_wconf 80' lang='lat' dir='ltr'>patriae</span> <span class='ocrx_word' id='word_1_24' title='bbox 1017 817 1028 861; x_wconf 91' lang='lat'>,</span> <span class='ocrx_word' id='word_1_25' title='bbox 1045 788 1116 872; x_wconf 90' lang='lat' dir='ltr'>pro</span> <span class='ocrx_word' id='word_1_26' title='bbox 1131 760 1250 844; x_wconf 93' lang='lat' dir='ltr'>liberis</span> <span class='ocrx_word' id='word_1_27' title='bbox 1275 786 1313 846; x_wconf 93' lang='lat' dir='ltr'>et</span> <span class='ocrx_word' id='word_1_28' title='bbox 1328 760 1508 844; x_wconf 82' lang='lat' dir='ltr'>uxoribus</span> <span class='ocrx_word' id='word_1_29' title='bbox 1524 818 1537 863; x_wconf 92' lang='lat'>,</span> <span class='ocrx_word' id='word_1_30' title='bbox 1553 788 1624 874; x_wconf 90' lang='lat' dir='ltr'>pro</span> <span class='ocrx_word' id='word_1_31' title='bbox 1649 758 1719 843; x_wconf 88' lang='lat' dir='ltr'>aris</span> <span class='ocrx_word' id='word_1_32' title='bbox 1737 759 1895 847; x_wconf 91' lang='lat' dir='ltr'>demum</span> <span class='ocrx_word' id='word_1_33' title='bbox 1910 790 1947 851; x_wconf 90' lang='lat' dir='ltr'>et</span> 
     </span>
     <span class='ocr_line' id='line_1_5' title="bbox 502 874 1945 996; baseline -0.004 -27"><span class='ocrx_word' id='word_1_34' title='bbox 502 881 596 970; x_wconf 85' lang='lat' dir='ltr'>focis</span> <span class='ocrx_word' id='word_1_35' title='bbox 619 880 888 996; x_wconf 82' lang='lat' dir='ltr'>suscipiendam</span> <span class='ocrx_word' id='word_1_36' title='bbox 913 874 1130 962; x_wconf 75' lang='lat' dir='ltr'>exclusisse?</span> <span class='ocrx_word' id='word_1_37' title='bbox 1161 902 1227 962; x_wconf 91' lang='lat' dir='ltr'>aut</span> <span class='ocrx_word' id='word_1_38' title='bbox 1252 878 1356 964; x_wconf 90' lang='lat' dir='ltr'>aliter</span> <span class='ocrx_word' id='word_1_39' title='bbox 1382 879 1531 962; x_wconf 87' lang='lat' dir='ltr'>sensisse</span> <span class='ocrx_word' id='word_1_40' title='bbox 1546 906 1561 981; x_wconf 58' lang='lat'>,‘</span> <span class='ocrx_word' id='word_1_41' title='bbox 1574 905 1692 992; x_wconf 88' lang='lat' dir='ltr'>quam</span> <span class='ocrx_word' id='word_1_42' title='bbox 1720 877 1880 964; x_wconf 87' lang='lat' dir='ltr'>Petrum</span> <span class='ocrx_word' id='word_1_43' title='bbox 1910 914 1945 969; x_wconf 80' lang='lat' dir='ltr'>a·</span> 
     </span>
     <span class='ocr_line' id='line_1_6' title="bbox 316 993 1946 1120; baseline 0 -34"><span class='ocrx_word' id='word_1_44' title='bbox 316 1007 446 1058; x_wconf 65' lang='lat'>¹·²&#39;⁴¹‘·²·</span> <span class='ocrx_word' id='word_1_45' title='bbox 504 1001 741 1120; x_wconf 90' lang='lat' dir='ltr'>postolorum</span> <span class='ocrx_word' id='word_1_46' title='bbox 765 996 968 1113; x_wconf 85' lang='lat' dir='ltr'>principem</span> <span class='ocrx_word' id='word_1_47' title='bbox 985 1054 998 1097; x_wconf 93' lang='lat'>,</span> <span class='ocrx_word' id='word_1_48' title='bbox 1013 993 1082 1107; x_wconf 91' lang='lat' dir='ltr'>qui</span> <span class='ocrx_word' id='word_1_49' title='bbox 1106 1023 1176 1080; x_wconf 91' lang='lat' dir='ltr'>nos</span> <span class='ocrx_word' id='word_1_50' title='bbox 1206 998 1376 1081; x_wconf 78' lang='lat' dir='ltr'>subditos</span> <span class='ocrx_word' id='word_1_51' title='bbox 1401 1022 1482 1079; x_wconf 83' lang='lat' dir='ltr'>esse</span> <span class='ocrx_word' id='word_1_52' title='bbox 1510 994 1614 1106; x_wconf 83' lang='lat' dir='ltr'>jubet</span> <span class='ocrx_word' id='word_1_53' title='bbox 1631 1001 1727 1078; x_wconf 74' lang='lat' dir='ltr'>omar·</span> <span class='ocrx_word' id='word_1_54' title='bbox 1750 1014 1946 1086; x_wconf 79' lang='lat' dir='ltr'>creaturae</span> 
     </span>
     <span class='ocr_line' id='line_1_7' title="bbox 498 1116 1945 1233; baseline -0.001 -28"><span class='ocrx_word' id='word_1_55' title='bbox 498 1135 660 1233; x_wconf 80' lang='lat' dir='ltr'>propter</span> <span class='ocrx_word' id='word_1_56' title='bbox 682 1119 837 1219; x_wconf 88' lang='lat' dir='ltr'>Deum,</span> <span class='ocrx_word' id='word_1_57' title='bbox 852 1122 937 1196; x_wconf 83' lang='lat' dir='ltr'>sive</span> <span class='ocrx_word' id='word_1_58' title='bbox 965 1121 1050 1220; x_wconf 83' lang='lat' dir='ltr'>regi</span> <span class='ocrx_word' id='word_1_59' title='bbox 1066 1121 1175 1219; x_wconf 78' lang='lat' dir='ltr'>quast·</span> <span class='ocrx_word' id='word_1_60' title='bbox 1199 1120 1440 1222; x_wconf 76' lang='lat' dir='ltr'>praecellenti</span> <span class='ocrx_word' id='word_1_61' title='bbox 1457 1172 1472 1218; x_wconf 92' lang='lat'>,</span> <span class='ocrx_word' id='word_1_62' title='bbox 1487 1120 1573 1194; x_wconf 85' lang='lat' dir='ltr'>sive</span> <span class='ocrx_word' id='word_1_63' title='bbox 1588 1116 1744 1195; x_wconf 83' lang='lat' dir='ltr'>dacibus</span> <span class='ocrx_word' id='word_1_64' title='bbox 1760 1129 1945 1224; x_wconf 78' lang='lat' dir='ltr'>tamquam</span> 
     </span>
     <span class='ocr_line' id='line_1_8' title="bbox 504 1229 1945 1345; baseline 0 -22"><span class='ocrx_word' id='word_1_65' title='bbox 504 1243 554 1324; x_wconf 83' lang='lat' dir='ltr'>ab</span> <span class='ocrx_word' id='word_1_66' title='bbox 576 1267 619 1321; x_wconf 86' lang='lat' dir='ltr'>ea</span> <span class='ocrx_word' id='word_1_67' title='bbox 647 1244 805 1340; x_wconf 85' lang='lat' dir='ltr'>missis,</span> <span class='ocrx_word' id='word_1_68' title='bbox 834 1237 887 1316; x_wconf 83' lang='lat' dir='ltr'>ad</span> <span class='ocrx_word' id='word_1_69' title='bbox 909 1235 1117 1315; x_wconf 81' lang='lat' dir='ltr'>vindictam</span> <span class='ocrx_word' id='word_1_70' title='bbox 1147 1229 1428 1338; x_wconf 80' lang='lat' dir='ltr'>malefactorum</span> <span class='ocrx_word' id='word_1_71' title='bbox 1445 1290 1461 1338; x_wconf 89' lang='lat'>‚</span> <span class='ocrx_word' id='word_1_72' title='bbox 1476 1236 1618 1314; x_wconf 82' lang='lat' dir='ltr'>laudem</span> <span class='ocrx_word' id='word_1_73' title='bbox 1642 1257 1734 1320; x_wconf 87' lang='lat' dir='ltr'>vera</span> <span class='ocrx_word' id='word_1_74' title='bbox 1761 1236 1945 1345; x_wconf 83' lang='lat' dir='ltr'>bonarum,</span> 
     </span>
     <span class='ocr_line' id='line_1_9' title="bbox 505 1352 1094 1468; baseline -0.02 -27"><span class='ocrx_word' id='word_1_75' title='bbox 505 1366 595 1468; x_wconf 75' lang='lat' dir='ltr'>quia</span> <span class='ocrx_word' id='word_1_76' title='bbox 623 1365 682 1440; x_wconf 84' lang='lat' dir='ltr'>sic</span> <span class='ocrx_word' id='word_1_77' title='bbox 709 1368 767 1437; x_wconf 83' lang='lat' dir='ltr'>ert</span> <span class='ocrx_word' id='word_1_78' title='bbox 794 1357 967 1436; x_wconf 79' lang='lat' dir='ltr'>volamm</span> <span class='ocrx_word' id='word_1_79' title='bbox 984 1352 1094 1431; x_wconf 77' lang='lat' dir='ltr'>Del?</span> 
     </span>
     <span class='ocr_line' id='line_1_10' title="bbox 509 1465 1946 1588; baseline 0 -26"><span class='ocrx_word' id='word_1_80' title='bbox 509 1559 510 1563; x_wconf 12' lang='lat' dir='ltr'>r</span> <span class='ocrx_word' id='word_1_81' title='bbox 567 1476 699 1560; x_wconf 88' lang='lat' dir='ltr'><strong>XXV.</strong></span> <span class='ocrx_word' id='word_1_82' title='bbox 758 1476 843 1555; x_wconf 89' lang='lat' dir='ltr'>Nec</span> <span class='ocrx_word' id='word_1_83' title='bbox 871 1468 971 1553; x_wconf 90' lang='lat' dir='ltr'>enim</span> <span class='ocrx_word' id='word_1_84' title='bbox 1001 1465 1141 1553; x_wconf 88' lang='lat' dir='ltr'>bellum</span> <span class='ocrx_word' id='word_1_85' title='bbox 1170 1468 1307 1581; x_wconf 83' lang='lat' dir='ltr'>justum</span> <span class='ocrx_word' id='word_1_86' title='bbox 1339 1499 1416 1557; x_wconf 88' lang='lat' dir='ltr'>esse</span> <span class='ocrx_word' id='word_1_87' title='bbox 1446 1493 1629 1585; x_wconf 87' lang='lat' dir='ltr'>putatur,</span> <span class='ocrx_word' id='word_1_88' title='bbox 1648 1469 1760 1588; x_wconf 90' lang='lat' dir='ltr'>quod</span> <span class='ocrx_word' id='word_1_89' title='bbox 1791 1501 1874 1559; x_wconf 91' lang='lat' dir='ltr'>non</span> <span class='ocrx_word' id='word_1_90' title='bbox 1903 1476 1946 1562; x_wconf 89' lang='lat' dir='ltr'>sit</span> 
     </span>
     <span class='ocr_line' id='line_1_11' title="bbox 509 1585 1944 1709; baseline 0.001 -31"><span class='ocrx_word' id='word_1_91' title='bbox 509 1592 717 1709; x_wconf 84' lang='lat' dir='ltr'>principum</span> <span class='ocrx_word' id='word_1_92' title='bbox 734 1612 801 1675; x_wconf 87' lang='lat' dir='ltr'>aut</span> <span class='ocrx_word' id='word_1_93' title='bbox 825 1585 1110 1703; x_wconf 85' lang='lat' dir='ltr'>magistratuum</span> <span class='ocrx_word' id='word_1_94' title='bbox 1133 1591 1355 1675; x_wconf 86' lang='lat' dir='ltr'>auctoritate</span> <span class='ocrx_word' id='word_1_95' title='bbox 1375 1614 1587 1703; x_wconf 85' lang='lat' dir='ltr'>susceptum</span> <span class='ocrx_word' id='word_1_96' title='bbox 1602 1651 1615 1696; x_wconf 97' lang='lat'>,</span> <span class='ocrx_word' id='word_1_97' title='bbox 1628 1618 1700 1674; x_wconf 89' lang='lat' dir='ltr'>nec</span> <span class='ocrx_word' id='word_1_98' title='bbox 1718 1589 1747 1675; x_wconf 91' lang='lat' dir='ltr'>si</span> <span class='ocrx_word' id='word_1_99' title='bbox 1764 1594 1873 1706; x_wconf 92' lang='lat' dir='ltr'>quod</span> <span class='ocrx_word' id='word_1_100' title='bbox 1890 1589 1944 1678; x_wconf 84' lang='lat' dir='ltr'>su·</span> 
     </span>
     <span class='ocr_line' id='line_1_12' title="bbox 506 1704 1948 1823; baseline 0 -26"><span class='ocrx_word' id='word_1_101' title='bbox 506 1712 578 1798; x_wconf 84' lang='lat' dir='ltr'>erit</span> <span class='ocrx_word' id='word_1_102' title='bbox 599 1707 715 1795; x_wconf 87' lang='lat' dir='ltr'>causis</span> <span class='ocrx_word' id='word_1_103' title='bbox 734 1735 859 1822; x_wconf 88' lang='lat' dir='ltr'>neque</span> <span class='ocrx_word' id='word_1_104' title='bbox 886 1704 1113 1810; x_wconf 90' lang='lat' dir='ltr'>necessariis,</span> <span class='ocrx_word' id='word_1_105' title='bbox 1131 1735 1255 1823; x_wconf 90' lang='lat' dir='ltr'>neque</span> <span class='ocrx_word' id='word_1_106' title='bbox 1281 1707 1541 1793; x_wconf 86' lang='lat' dir='ltr'>honestissimis</span> <span class='ocrx_word' id='word_1_107' title='bbox 1557 1709 1716 1823; x_wconf 90' lang='lat' dir='ltr'>,quales</span> <span class='ocrx_word' id='word_1_108' title='bbox 1738 1739 1848 1822; x_wconf 84' lang='lat' dir='ltr'>supra</span> <span class='ocrx_word' id='word_1_109' title='bbox 1873 1740 1948 1797; x_wconf 87' lang='lat' dir='ltr'>me·</span> 
     </span>
     <span class='ocr_line' id='line_1_13' title="bbox 507 1822 1944 1941; baseline 0 -26"><span class='ocrx_word' id='word_1_110' title='bbox 507 1830 764 1932; x_wconf 88' lang='lat' dir='ltr'>moravimus,</span> <span class='ocrx_word' id='word_1_111' title='bbox 780 1822 1014 1941; x_wconf 82' lang='lat' dir='ltr'>quaesitum.</span> <span class='ocrx_word' id='word_1_112' title='bbox 1042 1827 1173 1938; x_wconf 87' lang='lat' dir='ltr'>ltaque</span> <span class='ocrx_word' id='word_1_113' title='bbox 1195 1853 1277 1910; x_wconf 89' lang='lat' dir='ltr'>non</span> <span class='ocrx_word' id='word_1_114' title='bbox 1298 1826 1375 1911; x_wconf 91' lang='lat' dir='ltr'>sine</span> <span class='ocrx_word' id='word_1_115' title='bbox 1394 1854 1537 1941; x_wconf 86' lang='lat' dir='ltr'>magno</span> <span class='ocrx_word' id='word_1_116' title='bbox 1560 1825 1714 1912; x_wconf 91' lang='lat' dir='ltr'>crimine</span> <span class='ocrx_word' id='word_1_117' title='bbox 1729 1826 1866 1912; x_wconf 86' lang='lat' dir='ltr'>bellum</span> <span class='ocrx_word' id='word_1_118' title='bbox 1909 1859 1944 1915; x_wconf 83' lang='lat' dir='ltr'>e·</span> 
     </span>
     <span class='ocr_line' id='line_1_14' title="bbox 507 1859 1949 2061; baseline 0.001 -30"><span class='ocrx_word' id='word_1_119' title='bbox 507 1947 541 2033; x_wconf 95' lang='lat' dir='ltr'>ri</span> <span class='ocrx_word' id='word_1_120' title='bbox 563 1973 657 2061; x_wconf 91' lang='lat' dir='ltr'>puto</span> <span class='ocrx_word' id='word_1_121' title='bbox 686 1946 739 2045; x_wconf 85' lang='lat' dir='ltr'>ab</span> <span class='ocrx_word' id='word_1_122' title='bbox 766 1945 806 2027; x_wconf 92' lang='lat' dir='ltr'>iis</span> <span class='ocrx_word' id='word_1_123' title='bbox 822 2003 834 2046; x_wconf 95' lang='lat'>,</span> <span class='ocrx_word' id='word_1_124' title='bbox 850 1941 916 2057; x_wconf 89' lang='lat' dir='ltr'>qui</span> <span class='ocrx_word' id='word_1_125' title='bbox 940 1964 1073 2026; x_wconf 86' lang='lat' dir='ltr'>contra</span> <span class='ocrx_word' id='word_1_126' title='bbox 1098 1942 1328 2059; x_wconf 80' lang='lat' dir='ltr'>Christianos</span> <span class='ocrx_word' id='word_1_127' title='bbox 1352 1972 1507 2059; x_wconf 89' lang='lat' dir='ltr'>operam</span> <span class='ocrx_word' id='word_1_128' title='bbox 1532 1974 1638 2029; x_wconf 87' lang='lat' dir='ltr'>suam</span> <span class='ocrx_word' id='word_1_129' title='bbox 1666 1944 1860 2032; x_wconf 90' lang='lat' dir='ltr'>militarem</span> <span class='ocrx_word' id='word_1_130' title='bbox 1884 1859 1949 2034; x_wconf 74' lang='lat' dir='ltr'>lo·</span> 
     </span>
     <span class='ocr_line' id='line_1_15' title="bbox 509 2058 1947 2178; baseline 0.001 -28"><span class='ocrx_word' id='word_1_131' title='bbox 509 2089 598 2150; x_wconf 85' lang='lat' dir='ltr'>cant</span> <span class='ocrx_word' id='word_1_132' title='bbox 623 2061 845 2178; x_wconf 89' lang='lat' dir='ltr'>principibus</span> <span class='ocrx_word' id='word_1_133' title='bbox 873 2058 1030 2144; x_wconf 86' lang='lat' dir='ltr'>externis</span> <span class='ocrx_word' id='word_1_134' title='bbox 1045 2121 1059 2166; x_wconf 93' lang='lat'>,</span> <span class='ocrx_word' id='word_1_135' title='bbox 1074 2084 1162 2144; x_wconf 91' lang='lat' dir='ltr'>cum</span> <span class='ocrx_word' id='word_1_136' title='bbox 1188 2062 1326 2176; x_wconf 90' lang='lat' dir='ltr'>quibus</span> <span class='ocrx_word' id='word_1_137' title='bbox 1355 2061 1496 2145; x_wconf 86' lang='lat' dir='ltr'>nullam</span> <span class='ocrx_word' id='word_1_138' title='bbox 1525 2062 1668 2148; x_wconf 89' lang='lat' dir='ltr'>habent</span> <span class='ocrx_word' id='word_1_139' title='bbox 1702 2064 1947 2152; x_wconf 85' lang='lat' dir='ltr'>societatem:</span> 
     </span>
     <span class='ocr_line' id='line_1_16' title="bbox 508 2177 1945 2297; baseline 0.001 -29"><span class='ocrx_word' id='word_1_140' title='bbox 508 2211 634 2296; x_wconf 90' lang='lat' dir='ltr'>eoque</span> <span class='ocrx_word' id='word_1_141' title='bbox 660 2177 805 2296; x_wconf 86' lang='lat' dir='ltr'>magis,</span> <span class='ocrx_word' id='word_1_142' title='bbox 829 2178 859 2262; x_wconf 93' lang='lat' dir='ltr'>si</span> <span class='ocrx_word' id='word_1_143' title='bbox 889 2178 938 2263; x_wconf 91' lang='lat' dir='ltr'>de</span> <span class='ocrx_word' id='word_1_144' title='bbox 962 2204 1093 2262; x_wconf 80' lang='lat' dir='ltr'>carnae</span> <span class='ocrx_word' id='word_1_145' title='bbox 1127 2177 1294 2292; x_wconf 90' lang='lat' dir='ltr'>ipsorum</span> <span class='ocrx_word' id='word_1_146' title='bbox 1328 2181 1555 2283; x_wconf 90' lang='lat' dir='ltr'>honestate,</span> <span class='ocrx_word' id='word_1_147' title='bbox 1586 2181 1692 2297; x_wconf 92' lang='lat' dir='ltr'>quod</span> <span class='ocrx_word' id='word_1_148' title='bbox 1717 2180 1945 2297; x_wconf 86' lang='lat' dir='ltr'>plerumque</span> 
     </span>
     <span class='ocr_line' id='line_1_17' title="bbox 506 2295 1946 2415; baseline 0.001 -33"><span class='ocrx_word' id='word_1_149' title='bbox 506 2299 666 2405; x_wconf 88' lang='lat' dir='ltr'>accidit,</span> <span class='ocrx_word' id='word_1_150' title='bbox 682 2299 891 2415; x_wconf 87' lang='lat' dir='ltr'>ambigatur</span> <span class='ocrx_word' id='word_1_151' title='bbox 908 2327 917 2380; x_wconf 91' lang='lat'>:</span> <span class='ocrx_word' id='word_1_152' title='bbox 942 2296 1033 2381; x_wconf 86' lang='lat' dir='ltr'>tales</span> <span class='ocrx_word' id='word_1_153' title='bbox 1057 2295 1156 2380; x_wconf 91' lang='lat' dir='ltr'>enim</span> <span class='ocrx_word' id='word_1_154' title='bbox 1186 2322 1336 2385; x_wconf 90' lang='lat' dir='ltr'>tantum</span> <span class='ocrx_word' id='word_1_155' title='bbox 1359 2301 1492 2403; x_wconf 89' lang='lat' dir='ltr'>abest,</span> <span class='ocrx_word' id='word_1_156' title='bbox 1509 2323 1553 2384; x_wconf 93' lang='lat' dir='ltr'>ut</span> <span class='ocrx_word' id='word_1_157' title='bbox 1568 2299 1709 2385; x_wconf 90' lang='lat' dir='ltr'>bellum</span> <span class='ocrx_word' id='word_1_158' title='bbox 1724 2326 1854 2415; x_wconf 86' lang='lat' dir='ltr'>gerant</span> <span class='ocrx_word' id='word_1_159' title='bbox 1870 2331 1946 2414; x_wconf 89' lang='lat' dir='ltr'>pa-</span> 
     </span>
     <span class='ocr_line' id='line_1_18' title="bbox 504 2414 1948 2535; baseline -0.001 -30"><span class='ocrx_word' id='word_1_160' title='bbox 504 2447 588 2506; x_wconf 91' lang='lat' dir='ltr'>cem</span> <span class='ocrx_word' id='word_1_161' title='bbox 610 2444 846 2535; x_wconf 84' lang='lat' dir='ltr'>spectantes,</span> <span class='ocrx_word' id='word_1_162' title='bbox 872 2414 938 2530; x_wconf 93' lang='lat' dir='ltr'>qui</span> <span class='ocrx_word' id='word_1_163' title='bbox 962 2414 1107 2499; x_wconf 91' lang='lat' dir='ltr'>animus</span> <span class='ocrx_word' id='word_1_164' title='bbox 1132 2415 1258 2504; x_wconf 88' lang='lat' dir='ltr'>adesse</span> <span class='ocrx_word' id='word_1_165' title='bbox 1278 2417 1392 2504; x_wconf 89' lang='lat' dir='ltr'>debet</span> <span class='ocrx_word' id='word_1_166' title='bbox 1422 2418 1516 2532; x_wconf 83' lang='lat' dir='ltr'>juste</span> <span class='ocrx_word' id='word_1_167' title='bbox 1530 2416 1773 2521; x_wconf 86' lang='lat' dir='ltr'>bellantibus,</span> <span class='ocrx_word' id='word_1_168' title='bbox 1790 2443 1834 2503; x_wconf 92' lang='lat' dir='ltr'>ut</span> <span class='ocrx_word' id='word_1_169' title='bbox 1850 2417 1948 2504; x_wconf 90' lang='lat' dir='ltr'>hanc</span> 
     </span>
     <span class='ocr_line' id='line_1_19' title="bbox 504 2532 1946 2651; baseline 0 -28"><span class='ocrx_word' id='word_1_170' title='bbox 504 2538 606 2623; x_wconf 83' lang='lat' dir='ltr'>exosi</span> <span class='ocrx_word' id='word_1_171' title='bbox 632 2536 785 2651; x_wconf 89' lang='lat' dir='ltr'>cupiant</span> <span class='ocrx_word' id='word_1_172' title='bbox 812 2533 925 2618; x_wconf 90' lang='lat' dir='ltr'>etiam</span> <span class='ocrx_word' id='word_1_173' title='bbox 952 2532 1123 2648; x_wconf 92' lang='lat' dir='ltr'>gentium</span> <span class='ocrx_word' id='word_1_174' title='bbox 1154 2535 1396 2621; x_wconf 88' lang='lat' dir='ltr'>dissensiones</span> <span class='ocrx_word' id='word_1_175' title='bbox 1424 2560 1465 2620; x_wconf 92' lang='lat' dir='ltr'>et</span> <span class='ocrx_word' id='word_1_176' title='bbox 1491 2535 1645 2621; x_wconf 89' lang='lat' dir='ltr'>turbas:</span> <span class='ocrx_word' id='word_1_177' title='bbox 1675 2535 1787 2651; x_wconf 89' lang='lat' dir='ltr'>quod</span> <span class='ocrx_word' id='word_1_178' title='bbox 1820 2560 1877 2622; x_wconf 88' lang='lat' dir='ltr'>est</span> <span class='ocrx_word' id='word_1_179' title='bbox 1906 2568 1946 2624; x_wconf 90' lang='lat' dir='ltr'>o·</span> 
     </span>
     <span class='ocr_line' id='line_1_20' title="bbox 504 2649 1947 2771; baseline 0.001 -31"><span class='ocrx_word' id='word_1_180' title='bbox 504 2657 635 2741; x_wconf 90' lang='lat' dir='ltr'>mnino</span> <span class='ocrx_word' id='word_1_181' title='bbox 663 2678 795 2740; x_wconf 88' lang='lat' dir='ltr'>contra</span> <span class='ocrx_word' id='word_1_182' title='bbox 822 2652 998 2738; x_wconf 90' lang='lat' dir='ltr'>virtutem</span> <span class='ocrx_word' id='word_1_183' title='bbox 1028 2677 1068 2736; x_wconf 91' lang='lat' dir='ltr'>et</span> <span class='ocrx_word' id='word_1_184' title='bbox 1098 2649 1336 2770; x_wconf 88' lang='lat' dir='ltr'>religionem.</span> <span class='ocrx_word' id='word_1_185' title='bbox 1371 2653 1477 2739; x_wconf 82' lang='lat' dir='ltr'>Bello</span> <span class='ocrx_word' id='word_1_186' title='bbox 1510 2679 1638 2741; x_wconf 91' lang='lat' dir='ltr'>autem</span> <span class='ocrx_word' id='word_1_187' title='bbox 1669 2653 1834 2771; x_wconf 87' lang='lat' dir='ltr'>legitime</span> <span class='ocrx_word' id='word_1_188' title='bbox 1866 2684 1947 2742; x_wconf 83' lang='lat' dir='ltr'>sus·</span> 
     </span>
     <span class='ocr_line' id='line_1_21' title="bbox 311 2764 1941 2890; baseline -0.005 -27"><span class='ocrx_word' id='word_1_189' title='bbox 311 2815 378 2870; x_wconf 68' lang='lat' dir='ltr'>nug.</span> <span class='ocrx_word' id='word_1_190' title='bbox 401 2811 429 2857; x_wconf 76' lang='lat' dir='ltr'>n</span> <span class='ocrx_word' id='word_1_191' title='bbox 445 2809 487 2873; x_wconf 67' lang='lat' dir='ltr'>Ja-</span> <span class='ocrx_word' id='word_1_192' title='bbox 503 2799 643 2890; x_wconf 80' lang='lat' dir='ltr'>cepte,</span> <span class='ocrx_word' id='word_1_193' title='bbox 667 2774 717 2859; x_wconf 94' lang='lat' dir='ltr'>ad</span> <span class='ocrx_word' id='word_1_194' title='bbox 743 2769 900 2888; x_wconf 89' lang='lat' dir='ltr'>gloriam</span> <span class='ocrx_word' id='word_1_195' title='bbox 927 2764 1150 2854; x_wconf 85' lang='lat' dir='ltr'>fortitudinis</span> <span class='ocrx_word' id='word_1_196' title='bbox 1178 2772 1316 2886; x_wconf 76' lang='lat' dir='ltr'>ahquid</span> <span class='ocrx_word' id='word_1_197' title='bbox 1334 2771 1412 2876; x_wconf 90' lang='lat' dir='ltr'>,ad</span> <span class='ocrx_word' id='word_1_198' title='bbox 1432 2769 1605 2882; x_wconf 84' lang='lat' dir='ltr'>justitiam</span> <span class='ocrx_word' id='word_1_199' title='bbox 1623 2833 1635 2878; x_wconf 99' lang='lat'>,</span> <span class='ocrx_word' id='word_1_200' title='bbox 1652 2796 1748 2858; x_wconf 89' lang='lat' dir='ltr'>teste</span> <span class='ocrx_word' id='word_1_201' title='bbox 1765 2774 1941 2888; x_wconf 83' lang='lat' dir='ltr'>Augusti-</span> 
     </span>
     <span class='ocr_line' id='line_1_22' title="bbox 311 2883 1941 3005; baseline 0.001 -29"><span class='ocrx_word' id='word_1_202' title='bbox 311 2889 350 2923; x_wconf 79' lang='lat'>⁸&#39;‘&#39;</span> <span class='ocrx_word' id='word_1_203' title='bbox 364 2888 387 2934; x_wconf 73' lang='lat'>⁹·</span> <span class='ocrx_word' id='word_1_204' title='bbox 404 2883 443 2918; x_wconf 71' lang='lat'>¹⁰·</span> <span class='ocrx_word' id='word_1_205' title='bbox 502 2921 585 2998; x_wconf 91' lang='lat' dir='ltr'>no,</span> <span class='ocrx_word' id='word_1_206' title='bbox 612 2890 703 2976; x_wconf 93' lang='lat' dir='ltr'>nihil</span> <span class='ocrx_word' id='word_1_207' title='bbox 726 2890 905 2991; x_wconf 89' lang='lat' dir='ltr'>interest,</span> <span class='ocrx_word' id='word_1_208' title='bbox 934 2910 1061 3001; x_wconf 87' lang='lat' dir='ltr'>aperte</span> <span class='ocrx_word' id='word_1_209' title='bbox 1087 2913 1305 3005; x_wconf 88' lang='lat' dir='ltr'>pugnetur,</span> <span class='ocrx_word' id='word_1_210' title='bbox 1334 2918 1384 2972; x_wconf 88' lang='lat' dir='ltr'>an</span> <span class='ocrx_word' id='word_1_211' title='bbox 1413 2916 1460 2973; x_wconf 89' lang='lat' dir='ltr'>ex</span> <span class='ocrx_word' id='word_1_212' title='bbox 1490 2888 1652 2977; x_wconf 89' lang='lat' dir='ltr'>insidiis:</span> <span class='ocrx_word' id='word_1_213' title='bbox 1683 2916 1730 2976; x_wconf 90' lang='lat' dir='ltr'>ut</span> <span class='ocrx_word' id='word_1_214' title='bbox 1763 2890 1859 2974; x_wconf 91' lang='lat' dir='ltr'>enim</span> <span class='ocrx_word' id='word_1_215' title='bbox 1887 2892 1941 2978; x_wconf 85' lang='lat' dir='ltr'>ait</span> 
     </span>
     <span class='ocr_line' id='line_1_23' title="bbox 310 3007 1944 3124; baseline -0.002 -25"><span class='ocrx_word' id='word_1_216' title='bbox 310 3052 381 3099; x_wconf 62' lang='lat' dir='ltr'>aa.</span> <span class='ocrx_word' id='word_1_217' title='bbox 395 3060 420 3097; x_wconf 71' lang='lat' dir='ltr'>a</span> <span class='ocrx_word' id='word_1_218' title='bbox 502 3017 646 3124; x_wconf 73' lang='lat' dir='ltr'>poeta:</span> <span class='ocrx_word' id='word_1_219' title='bbox 672 3011 821 3111; x_wconf 88' lang='lat' dir='ltr'>Dolus,</span> <span class='ocrx_word' id='word_1_220' title='bbox 838 3032 886 3089; x_wconf 87' lang='lat' dir='ltr'>arr</span> <span class='ocrx_word' id='word_1_221' title='bbox 911 3014 1040 3089; x_wconf 84' lang='lat' dir='ltr'>virtus</span> <span class='ocrx_word' id='word_1_222' title='bbox 1058 3063 1072 3109; x_wconf 91' lang='lat'>,</span> <span class='ocrx_word' id='word_1_223' title='bbox 1088 3017 1174 3111; x_wconf 82' lang='lat' dir='ltr'>quis</span> <span class='ocrx_word' id='word_1_224' title='bbox 1198 3017 1239 3091; x_wconf 83' lang='lat' dir='ltr'>ir</span> <span class='ocrx_word' id='word_1_225' title='bbox 1267 3011 1370 3092; x_wconf 83' lang='lat' dir='ltr'>laste</span> <span class='ocrx_word' id='word_1_226' title='bbox 1393 3016 1593 3114; x_wconf 78' lang='lat' dir='ltr'>requirat?</span> <span class='ocrx_word' id='word_1_227' title='bbox 1620 3008 1782 3122; x_wconf 90' lang='lat' dir='ltr'>quando</span> <span class='ocrx_word' id='word_1_228' title='bbox 1809 3007 1850 3094; x_wconf 92' lang='lat' dir='ltr'>id</span> <span class='ocrx_word' id='word_1_229' title='bbox 1866 3038 1944 3095; x_wconf 92' lang='lat' dir='ltr'>non</span> 
     </span>
     <span class='ocr_line' id='line_1_24' title="bbox 502 3121 1947 3240; baseline 0 -28"><span class='ocrx_word' id='word_1_230' title='bbox 502 3128 624 3215; x_wconf 91' lang='lat' dir='ltr'>modo</span> <span class='ocrx_word' id='word_1_231' title='bbox 653 3129 703 3211; x_wconf 91' lang='lat' dir='ltr'>ab</span> <span class='ocrx_word' id='word_1_232' title='bbox 725 3123 875 3240; x_wconf 91' lang='lat' dir='ltr'>optimis</span> <span class='ocrx_word' id='word_1_233' title='bbox 901 3123 1014 3208; x_wconf 89' lang='lat' dir='ltr'>etiam</span> <span class='ocrx_word' id='word_1_234' title='bbox 1042 3121 1127 3208; x_wconf 92' lang='lat' dir='ltr'>vitis</span> <span class='ocrx_word' id='word_1_235' title='bbox 1159 3125 1265 3210; x_wconf 93' lang='lat' dir='ltr'>omni</span> <span class='ocrx_word' id='word_1_236' title='bbox 1295 3125 1476 3211; x_wconf 88' lang='lat' dir='ltr'>memoria</span> <span class='ocrx_word' id='word_1_237' title='bbox 1508 3123 1718 3213; x_wconf 88' lang='lat' dir='ltr'>factitatum</span> <span class='ocrx_word' id='word_1_238' title='bbox 1746 3155 1826 3212; x_wconf 90' lang='lat' dir='ltr'>esse</span> <span class='ocrx_word' id='word_1_239' title='bbox 1857 3155 1947 3212; x_wconf 87' lang='lat' dir='ltr'>cort·</span> 
     </span>
     <span class='ocr_line' id='line_1_25' title="bbox 501 3240 1946 3358; baseline -0.001 -26"><span class='ocrx_word' id='word_1_240' title='bbox 501 3270 575 3332; x_wconf 87' lang='lat' dir='ltr'>stat</span> <span class='ocrx_word' id='word_1_241' title='bbox 606 3275 695 3331; x_wconf 92' lang='lat' dir='ltr'>curn</span> <span class='ocrx_word' id='word_1_242' title='bbox 727 3240 1001 3358; x_wconf 85' lang='lat' dir='ltr'>approbatione</span> <span class='ocrx_word' id='word_1_243' title='bbox 1031 3242 1230 3358; x_wconf 89' lang='lat' dir='ltr'>gentium,</span> <span class='ocrx_word' id='word_1_244' title='bbox 1255 3244 1320 3329; x_wconf 87' lang='lat' dir='ltr'>sed</span> <span class='ocrx_word' id='word_1_245' title='bbox 1349 3244 1387 3326; x_wconf 90' lang='lat' dir='ltr'>in</span> <span class='ocrx_word' id='word_1_246' title='bbox 1419 3272 1605 3330; x_wconf 87' lang='lat' dir='ltr'>sacrarum</span> <span class='ocrx_word' id='word_1_247' title='bbox 1635 3243 1845 3330; x_wconf 90' lang='lat' dir='ltr'>litterarum</span> <span class='ocrx_word' id='word_1_248' title='bbox 1869 3274 1946 3330; x_wconf 91' lang='lat' dir='ltr'>mo·</span> 
     </span>
     <span class='ocr_line' id='line_1_26' title="bbox 308 3356 1946 3480; baseline -0.004 -24"><span class='ocrx_word' id='word_1_249' title='bbox 308 3407 380 3474; x_wconf 59' lang='grc' dir='ltr'>μη.</span> <span class='ocrx_word' id='word_1_250' title='bbox 394 3405 420 3454; x_wconf 79' lang='lat' dir='ltr'>r.</span> <span class='ocrx_word' id='word_1_251' title='bbox 502 3363 691 3461; x_wconf 81' lang='lat' dir='ltr'>sumentis</span> <span class='ocrx_word' id='word_1_252' title='bbox 717 3362 902 3480; x_wconf 89' lang='lat' dir='ltr'>legimus,</span> <span class='ocrx_word' id='word_1_253' title='bbox 929 3356 1037 3444; x_wconf 85' lang='lat' dir='ltr'>fnisse</span> <span class='ocrx_word' id='word_1_254' title='bbox 1066 3389 1089 3442; x_wconf 88' lang='lat' dir='ltr'>a</span> <span class='ocrx_word' id='word_1_255' title='bbox 1115 3365 1202 3446; x_wconf 90' lang='lat' dir='ltr'>Deo</span> <span class='ocrx_word' id='word_1_256' title='bbox 1226 3361 1449 3474; x_wconf 88' lang='lat' dir='ltr'>imperatum</span> <span class='ocrx_word' id='word_1_257' title='bbox 1484 3363 1602 3474; x_wconf 88' lang='lat' dir='ltr'>Josue</span> <span class='ocrx_word' id='word_1_258' title='bbox 1629 3361 1772 3445; x_wconf 91' lang='lat' dir='ltr'>bellum</span> <span class='ocrx_word' id='word_1_259' title='bbox 1805 3364 1946 3478; x_wconf 85' lang='lat' dir='ltr'>gerenti</span> 
     </span>
     <span class='ocr_line' id='line_1_27' title="bbox 308 3476 1944 3598; baseline -0.006 -22"><span class='ocrx_word' id='word_1_260' title='bbox 308 3528 356 3598; x_wconf 42' lang='lat' dir='ltr'>na,</span> <span class='ocrx_word' id='word_1_261' title='bbox 373 3523 435 3595; x_wconf 59' lang='lat'><strong>4010</strong></span> <span class='ocrx_word' id='word_1_262' title='bbox 464 3512 591 3590; x_wconf 57' lang='lat' dir='ltr'>facum</span> <span class='ocrx_word' id='word_1_263' title='bbox 612 3481 762 3570; x_wconf 81' lang='lat' dir='ltr'>&#39;civitate</span> <span class='ocrx_word' id='word_1_264' title='bbox 787 3478 890 3581; x_wconf 90' lang='lat' dir='ltr'>Hai,</span> <span class='ocrx_word' id='word_1_265' title='bbox 917 3502 962 3564; x_wconf 92' lang='lat' dir='ltr'>ut</span> <span class='ocrx_word' id='word_1_266' title='bbox 990 3476 1136 3563; x_wconf 89' lang='lat' dir='ltr'>insidias</span> <span class='ocrx_word' id='word_1_267' title='bbox 1160 3480 1334 3596; x_wconf 68' lang='lat' dir='ltr'>maderet</span> <span class='ocrx_word' id='word_1_268' title='bbox 1360 3479 1580 3593; x_wconf 87' lang='lat' dir='ltr'>oppidanis.</span> <span class='ocrx_word' id='word_1_269' title='bbox 1612 3484 1747 3594; x_wconf 89' lang='lat' dir='ltr'>ltaque</span> <span class='ocrx_word' id='word_1_270' title='bbox 1770 3477 1858 3566; x_wconf 91' lang='lat' dir='ltr'>licet</span> <span class='ocrx_word' id='word_1_271' title='bbox 1875 3481 1944 3567; x_wconf 88' lang='lat' dir='ltr'>ho·</span> 
     </span>
     <span class='ocr_line' id='line_1_28' title="bbox 308 3585 1948 3713; baseline -0.007 -17"><span class='ocrx_word' id='word_1_272' title='bbox 308 3585 490 3702; x_wconf 57' lang='lat' dir='ltr'>hillen-,¹2¹3</span> <span class='ocrx_word' id='word_1_273' title='bbox 503 3628 575 3690; x_wconf 90' lang='lat' dir='ltr'>stes</span> <span class='ocrx_word' id='word_1_274' title='bbox 604 3597 758 3706; x_wconf 86' lang='lat' dir='ltr'>fallere,</span> <span class='ocrx_word' id='word_1_275' title='bbox 785 3595 942 3683; x_wconf 87' lang='lat' dir='ltr'>insidiati</span> <span class='ocrx_word' id='word_1_276' title='bbox 957 3657 969 3702; x_wconf 99' lang='lat'>,</span> <span class='ocrx_word' id='word_1_277' title='bbox 985 3596 1252 3713; x_wconf 87' lang='lat' dir='ltr'>strategematis</span> <span class='ocrx_word' id='word_1_278' title='bbox 1276 3596 1569 3687; x_wconf 88' lang='lat' dir='ltr'>circumvenite:</span> <span class='ocrx_word' id='word_1_279' title='bbox 1605 3596 1744 3712; x_wconf 82' lang='lat' dir='ltr'>loqum</span> <span class='ocrx_word' id='word_1_280' title='bbox 1772 3596 1877 3705; x_wconf 87' lang='lat' dir='ltr'>enim</span> <span class='ocrx_word' id='word_1_281' title='bbox 1901 3596 1948 3685; x_wconf 85' lang='lat' dir='ltr'>de</span> 
     </span>
     <span class='ocr_line' id='line_1_29' title="bbox 309 3708 1946 3832; baseline -0.002 -26"><span class='ocrx_word' id='word_1_282' title='bbox 309 3708 354 3757; x_wconf 75' lang='lat'>⁵¹⁵·</span> <span class='ocrx_word' id='word_1_283' title='bbox 505 3721 561 3806; x_wconf 92' lang='lat' dir='ltr'>his</span> <span class='ocrx_word' id='word_1_284' title='bbox 582 3718 738 3807; x_wconf 87' lang='lat' dir='ltr'>artificiis</span> <span class='ocrx_word' id='word_1_285' title='bbox 755 3778 768 3823; x_wconf 92' lang='lat'>,</span> <span class='ocrx_word' id='word_1_286' title='bbox 787 3744 887 3831; x_wconf 89' lang='lat' dir='ltr'>quae</span> <span class='ocrx_word' id='word_1_287' title='bbox 913 3743 1020 3800; x_wconf 89' lang='lat' dir='ltr'>more</span> <span class='ocrx_word' id='word_1_288' title='bbox 1046 3713 1245 3802; x_wconf 91' lang='lat' dir='ltr'>hominum</span> <span class='ocrx_word' id='word_1_289' title='bbox 1278 3744 1322 3800; x_wconf 91' lang='lat' dir='ltr'>ac</span> <span class='ocrx_word' id='word_1_290' title='bbox 1352 3715 1430 3824; x_wconf 78' lang='lat' dir='ltr'>iure</span> <span class='ocrx_word' id='word_1_291' title='bbox 1457 3715 1629 3832; x_wconf 91' lang='lat' dir='ltr'>gentium</span> <span class='ocrx_word' id='word_1_292' title='bbox 1662 3714 1946 3830; x_wconf 86' lang='lat' dir='ltr'>permittunnrr,</span> 
     </span>
     <span class='ocr_line' id='line_1_30' title="bbox 504 3830 1947 3952; baseline -0.001 -30"><span class='ocrx_word' id='word_1_293' title='bbox 504 3838 656 3925; x_wconf 91' lang='lat' dir='ltr'>nonde</span> <span class='ocrx_word' id='word_1_294' title='bbox 679 3834 833 3952; x_wconf 85' lang='lat' dir='ltr'>perfidia</span> <span class='ocrx_word' id='word_1_295' title='bbox 859 3857 899 3919; x_wconf 93' lang='lat' dir='ltr'>et</span> <span class='ocrx_word' id='word_1_296' title='bbox 927 3832 1019 3918; x_wconf 92' lang='lat' dir='ltr'>dolo</span> <span class='ocrx_word' id='word_1_297' title='bbox 1039 3833 1163 3918; x_wconf 85' lang='lat' dir='ltr'>malo.</span> <span class='ocrx_word' id='word_1_298' title='bbox 1194 3838 1298 3918; x_wconf 88' lang='lat' dir='ltr'>Nam</span> <span class='ocrx_word' id='word_1_299' title='bbox 1320 3830 1413 3920; x_wconf 89' lang='lat' dir='ltr'>fides</span> <span class='ocrx_word' id='word_1_300' title='bbox 1437 3835 1527 3921; x_wconf 86' lang='lat' dir='ltr'>data</span> <span class='ocrx_word' id='word_1_301' title='bbox 1552 3833 1667 3920; x_wconf 90' lang='lat' dir='ltr'>etiam</span> <span class='ocrx_word' id='word_1_302' title='bbox 1694 3833 1869 3921; x_wconf 87' lang='lat' dir='ltr'>hostibus</span> <span class='ocrx_word' id='word_1_303' title='bbox 1890 3857 1947 3921; x_wconf 88' lang='lat' dir='ltr'>est</span> 
     </span>
     <span class='ocr_line' id='line_1_31' title="bbox 502 3949 1420 4066; baseline -0.008 -25"><span class='ocrx_word' id='word_1_304' title='bbox 502 3957 714 4059; x_wconf 88' lang='lat' dir='ltr'>servanda,</span> <span class='ocrx_word' id='word_1_305' title='bbox 745 3978 785 4038; x_wconf 91' lang='lat' dir='ltr'>et</span> <span class='ocrx_word' id='word_1_306' title='bbox 808 3950 922 4066; x_wconf 89' lang='lat' dir='ltr'>pactis</span> <span class='ocrx_word' id='word_1_307' title='bbox 944 3977 989 4034; x_wconf 86' lang='lat' dir='ltr'>ac</span> <span class='ocrx_word' id='word_1_308' title='bbox 1016 3949 1183 4063; x_wconf 91' lang='lat' dir='ltr'>pollicitis</span> <span class='ocrx_word' id='word_1_309' title='bbox 1213 3951 1420 4037; x_wconf 88' lang='lat' dir='ltr'>standum.</span> 
     </span>
     <span class='ocr_line' id='line_1_32' title="bbox 533 4068 1946 4187; baseline 0 -29"><span class='ocrx_word' id='word_1_310' title='bbox 533 4075 706 4167; x_wconf 80' lang='lat' dir='ltr'>¹¹XXVI.</span> <span class='ocrx_word' id='word_1_311' title='bbox 767 4075 905 4184; x_wconf 90' lang='lat' dir='ltr'>Neque</span> <span class='ocrx_word' id='word_1_312' title='bbox 930 4068 1170 4156; x_wconf 88' lang='lat' dir='ltr'>vetosolum</span> <span class='ocrx_word' id='word_1_313' title='bbox 1193 4083 1281 4155; x_wconf 88' lang='lat' dir='ltr'>cum</span> <span class='ocrx_word' id='word_1_314' title='bbox 1307 4069 1464 4154; x_wconf 87' lang='lat' dir='ltr'>externis</span> <span class='ocrx_word' id='word_1_315' title='bbox 1494 4068 1741 4187; x_wconf 88' lang='lat' dir='ltr'>legitimisque</span> <span class='ocrx_word' id='word_1_316' title='bbox 1774 4069 1946 4158; x_wconf 88' lang='lat' dir='ltr'>hostibus</span> 
     </span>
     <span class='ocr_line' id='line_1_33' title="bbox 309 4181 1949 4306; baseline -0.008 -18"><span class='ocrx_word' id='word_1_317' title='bbox 309 4231 439 4306; x_wconf 58' lang='lat' dir='ltr'>nasein</span> <span class='ocrx_word' id='word_1_318' title='bbox 454 4228 490 4278; x_wconf 75' lang='lat' dir='ltr'>a·</span> <span class='ocrx_word' id='word_1_319' title='bbox 503 4190 598 4305; x_wconf 79' lang='lat' dir='ltr'>justa</span> <span class='ocrx_word' id='word_1_320' title='bbox 626 4191 723 4276; x_wconf 88' lang='lat' dir='ltr'>bella</span> <span class='ocrx_word' id='word_1_321' title='bbox 748 4181 875 4305; x_wconf 74' lang='lat' dir='ltr'>gere&#39;re</span> <span class='ocrx_word' id='word_1_322' title='bbox 899 4186 1118 4272; x_wconf 90' lang='lat' dir='ltr'>conceditur</span> <span class='ocrx_word' id='word_1_323' title='bbox 1134 4186 1376 4290; x_wconf 66' lang='lat' dir='ltr'>Christianis,</span> <span class='ocrx_word' id='word_1_324' title='bbox 1397 4188 1462 4273; x_wconf 91' lang='lat' dir='ltr'>sed</span> <span class='ocrx_word' id='word_1_325' title='bbox 1489 4188 1603 4273; x_wconf 89' lang='lat' dir='ltr'>etiam</span> <span class='ocrx_word' id='word_1_326' title='bbox 1620 4217 1709 4274; x_wconf 90' lang='lat' dir='ltr'>cum</span> <span class='ocrx_word' id='word_1_327' title='bbox 1736 4188 1872 4275; x_wconf 89' lang='lat' dir='ltr'>scelere</span> <span class='ocrx_word' id='word_1_328' title='bbox 1887 4190 1949 4275; x_wconf 84' lang='lat' dir='ltr'>im·</span> 
     </span>
     <span class='ocr_line' id='line_1_34' title="bbox 310 4291 1946 4424; baseline -0.01 -16"><span class='ocrx_word' id='word_1_329' title='bbox 310 4299 428 4408; x_wconf 55' lang='lat' dir='ltr'>illidi?</span> <span class='ocrx_word' id='word_1_330' title='bbox 431 4305 441 4339; x_wconf 72' lang='lat'>¹</span> <span class='ocrx_word' id='word_1_331' title='bbox 453 4291 491 4339; x_wconf 61' lang='lat'>¹⁰⁸</span> <span class='ocrx_word' id='word_1_332' title='bbox 503 4312 711 4424; x_wconf 87' lang='lat' dir='ltr'>proborum</span> <span class='ocrx_word' id='word_1_333' title='bbox 738 4307 937 4392; x_wconf 91' lang='lat' dir='ltr'>hominum</span> <span class='ocrx_word' id='word_1_334' title='bbox 963 4303 1200 4418; x_wconf 89' lang='lat' dir='ltr'>tyrannidem</span> <span class='ocrx_word' id='word_1_335' title='bbox 1230 4303 1516 4410; x_wconf 85' lang='lat' dir='ltr'>affectantium,</span> <span class='ocrx_word' id='word_1_336' title='bbox 1542 4332 1609 4391; x_wconf 87' lang='lat' dir='ltr'>aut</span> <span class='ocrx_word' id='word_1_337' title='bbox 1635 4304 1738 4391; x_wconf 89' lang='lat' dir='ltr'>aliud</span> <span class='ocrx_word' id='word_1_338' title='bbox 1768 4307 1946 4422; x_wconf 84' lang='lat' dir='ltr'>reipubli-</span> 
     </span>
     <span class='ocr_line' id='line_1_35' title="bbox 503 4422 1989 4541; baseline 0.001 -31"><span class='ocrx_word' id='word_1_339' title='bbox 503 4454 570 4510; x_wconf 88' lang='lat' dir='ltr'>cae</span> <span class='ocrx_word' id='word_1_340' title='bbox 599 4455 781 4541; x_wconf 90' lang='lat' dir='ltr'>magnum</span> <span class='ocrx_word' id='word_1_341' title='bbox 811 4425 950 4508; x_wconf 90' lang='lat' dir='ltr'>malum</span> <span class='ocrx_word' id='word_1_342' title='bbox 985 4422 1046 4510; x_wconf 92' lang='lat' dir='ltr'>vel</span> <span class='ocrx_word' id='word_1_343' title='bbox 1074 4422 1271 4537; x_wconf 89' lang='lat' dir='ltr'>perniciem</span> <span class='ocrx_word' id='word_1_344' title='bbox 1295 4423 1559 4530; x_wconf 90' lang='lat' dir='ltr'>molientium,</span> <span class='ocrx_word' id='word_1_345' title='bbox 1586 4423 1681 4508; x_wconf 87' lang='lat' dir='ltr'>bella</span> <span class='ocrx_word' id='word_1_346' title='bbox 1709 4422 1831 4509; x_wconf 89' lang='lat' dir='ltr'>civilia</span> <span class='ocrx_word' id='word_1_347' title='bbox 1855 4425 1945 4511; x_wconf 81' lang='lat' dir='ltr'>exsi-</span> <span class='ocrx_word' id='word_1_348' title='bbox 1974 4449 1989 4484; x_wconf 85' lang='lat'><strong>·</strong></span> 
     </span>
     <span class='ocr_line' id='line_1_36' title="bbox 503 4540 1944 4657; baseline -0.001 -27"><span class='ocrx_word' id='word_1_349' title='bbox 503 4569 609 4630; x_wconf 91' lang='lat' dir='ltr'>stunt</span> <span class='ocrx_word' id='word_1_350' title='bbox 624 4605 637 4647; x_wconf 97' lang='lat'>,</span> <span class='ocrx_word' id='word_1_351' title='bbox 653 4541 787 4657; x_wconf 89' lang='lat' dir='ltr'>optimi</span> <span class='ocrx_word' id='word_1_352' title='bbox 808 4565 847 4626; x_wconf 91' lang='lat' dir='ltr'>et</span> <span class='ocrx_word' id='word_1_353' title='bbox 871 4540 1028 4655; x_wconf 86' lang='lat' dir='ltr'>religiosi</span> <span class='ocrx_word' id='word_1_354' title='bbox 1041 4540 1130 4628; x_wconf 88' lang='lat' dir='ltr'>civis</span> <span class='ocrx_word' id='word_1_355' title='bbox 1145 4565 1224 4643; x_wconf 92' lang='lat' dir='ltr'>est,</span> <span class='ocrx_word' id='word_1_356' title='bbox 1243 4542 1371 4627; x_wconf 89' lang='lat' dir='ltr'>sumtis</span> <span class='ocrx_word' id='word_1_357' title='bbox 1392 4541 1531 4646; x_wconf 86' lang='lat' dir='ltr'>armis,</span> <span class='ocrx_word' id='word_1_358' title='bbox 1549 4541 1578 4626; x_wconf 91' lang='lat' dir='ltr'>si</span> <span class='ocrx_word' id='word_1_359' title='bbox 1599 4541 1702 4626; x_wconf 90' lang='lat' dir='ltr'>aliter</span> <span class='ocrx_word' id='word_1_360' title='bbox 1717 4570 1801 4626; x_wconf 94' lang='lat' dir='ltr'>non</span> <span class='ocrx_word' id='word_1_361' title='bbox 1820 4544 1944 4649; x_wconf 79' lang='lat' dir='ltr'>datast,</span> 
     </span>
     <span class='ocr_line' id='line_1_37' title="bbox 501 4657 1945 4778; baseline 0 -32"><span class='ocrx_word' id='word_1_362' title='bbox 501 4660 619 4774; x_wconf 88' lang='lat' dir='ltr'>impiis</span> <span class='ocrx_word' id='word_1_363' title='bbox 641 4660 903 4746; x_wconf 88' lang='lat' dir='ltr'>sceleratorum</span> <span class='ocrx_word' id='word_1_364' title='bbox 927 4657 1065 4744; x_wconf 89' lang='lat' dir='ltr'>civium</span> <span class='ocrx_word' id='word_1_365' title='bbox 1095 4658 1289 4747; x_wconf 90' lang='lat' dir='ltr'>conatibus</span> <span class='ocrx_word' id='word_1_366' title='bbox 1315 4658 1516 4745; x_wconf 90' lang='lat' dir='ltr'>obsistere:</span> <span class='ocrx_word' id='word_1_367' title='bbox 1542 4658 1665 4745; x_wconf 87' lang='lat' dir='ltr'>inertis</span> <span class='ocrx_word' id='word_1_368' title='bbox 1697 4657 1799 4744; x_wconf 92' lang='lat' dir='ltr'>enim</span> <span class='ocrx_word' id='word_1_369' title='bbox 1828 4687 1945 4778; x_wconf 87' lang='lat' dir='ltr'>atque</span> 
     </span>
     <span class='ocr_line' id='line_1_38' title="bbox 503 4775 1947 4893; baseline 0.001 -28"><span class='ocrx_word' id='word_1_370' title='bbox 503 4780 603 4875; x_wconf 85' lang='lat' dir='ltr'>adeo</span> <span class='ocrx_word' id='word_1_371' title='bbox 630 4781 692 4867; x_wconf 86' lang='lat' dir='ltr'>vix</span> <span class='ocrx_word' id='word_1_372' title='bbox 716 4775 877 4862; x_wconf 88' lang='lat' dir='ltr'>hominis</span> <span class='ocrx_word' id='word_1_373' title='bbox 908 4799 1027 4880; x_wconf 88' lang='lat' dir='ltr'>esset,</span> <span class='ocrx_word' id='word_1_374' title='bbox 1042 4777 1249 4863; x_wconf 91' lang='lat' dir='ltr'>domestico</span> <span class='ocrx_word' id='word_1_375' title='bbox 1275 4778 1377 4864; x_wconf 89' lang='lat' dir='ltr'>malo</span> <span class='ocrx_word' id='word_1_376' title='bbox 1401 4777 1619 4893; x_wconf 89' lang='lat' dir='ltr'>reipubhcae</span> <span class='ocrx_word' id='word_1_377' title='bbox 1648 4778 1837 4864; x_wconf 87' lang='lat' dir='ltr'>laboranti</span> <span class='ocrx_word' id='word_1_378' title='bbox 1862 4811 1947 4867; x_wconf 90' lang='lat' dir='ltr'>non</span> 
     </span>
     <span class='ocr_line' id='line_1_39' title="bbox 325 4895 1949 5019; baseline 0 -33"><span class='ocrx_word' id='word_1_379' title='bbox 325 4988 327 4995; x_wconf 80' lang='grc'>,</span> <span class='ocrx_word' id='word_1_380' title='bbox 442 4967 446 4975; x_wconf 84' lang='grc'><strong>.</strong></span> <span class='ocrx_word' id='word_1_381' title='bbox 501 4897 645 4986; x_wconf 88' lang='lat' dir='ltr'>cunctis</span> <span class='ocrx_word' id='word_1_382' title='bbox 672 4896 807 5016; x_wconf 89' lang='lat' dir='ltr'>opibus</span> <span class='ocrx_word' id='word_1_383' title='bbox 832 4895 1030 4988; x_wconf 85' lang='lat' dir='ltr'>subvenite</span> <span class='ocrx_word' id='word_1_384' title='bbox 1045 4956 1061 5019; x_wconf 80' lang='lat'>,</span> <span class='ocrx_word' id='word_1_385' title='bbox 1076 4897 1143 4988; x_wconf 90' lang='lat' dir='ltr'>sed</span> <span class='ocrx_word' id='word_1_386' title='bbox 1169 4896 1297 4993; x_wconf 77' lang='lat' dir='ltr'>ceteris</span> <span class='ocrx_word' id='word_1_387' title='bbox 1318 4897 1370 4992; x_wconf 83' lang='lat' dir='ltr'>dc</span> <span class='ocrx_word' id='word_1_388' title='bbox 1392 4921 1492 4995; x_wconf 76' lang='lat' dir='ltr'>statu</span> <span class='ocrx_word' id='word_1_389' title='bbox 1519 4926 1645 4991; x_wconf 86' lang='lat' dir='ltr'>terum</span> <span class='ocrx_word' id='word_1_390' title='bbox 1667 4895 1949 5004; x_wconf 64' lang='lat' dir='ltr'>adcantus,</span> 
     </span>
     <span class='ocr_line' id='line_1_40' title="bbox 1883 5048 1952 5107; baseline 0 0"><span class='ocrx_word' id='word_1_391' title='bbox 1883 5048 1952 5107; x_wconf 76' lang='lat' dir='ltr'>so-</span> 
     </span>
    </p>
   </div>
   <div class='ocr_carea' id='block_1_2' title="bbox 0 0 2030 5858">
    <p class='ocr_par' dir='ltr' id='par_1_2' title="bbox 0 0 2030 5858">
     <span class='ocr_line' id='line_1_41' title="bbox 0 0 2030 5858; baseline 0 5"><span class='ocrx_word' id='word_1_392' title='bbox 0 0 2030 5858; x_wconf 95' lang='lat' dir='ltr'> </span> 
     </span>
    </p>
   </div>
  </div>
 </body>
</html>
