4034 5858
516 376 585 451 ,m
979 347 1452 426 Demochares

483 505 618 564 eorum
650 476 845 566 bonorum
878 476 1080 566 maximam
1108 502 1255 596 partem
1289 505 1313 562 a
1339 468 1592 562 sacerdotibus
1617 469 1658 559 in
1684 501 1773 560 usus
1793 496 1940 589 paupe·

485 625 572 685 rum
589 596 778 684 distribui:
811 622 955 686 ceteros
981 599 1080 685 enim
1105 600 1204 687 cives
1227 596 1341 684 etiam
1357 593 1491 684 divitiis
1518 590 1738 700 affluentes,
1755 592 1887 680 timide
1901 622 1938 682 et

485 744 573 801 cum
594 718 742 831 pudore
756 716 957 834 quisquam
980 717 1161 836 sanguine
1182 716 1442 835 proximorum
1464 743 1600 851 rogare
1621 713 1778 800 sustinet
1794 775 1807 819 ,
1825 738 1867 797 ut
1881 713 1938 800 ali

487 831 581 950 quid
607 835 673 921 sibi
701 834 828 951 inopia
851 836 1037 925 laboranti
1059 837 1291 954 impartiatur
1321 836 1371 922 de
1401 863 1546 951 magnas
1570 832 1730 950 opibus,
1748 833 1800 919 ad
1828 829 1938 920 filiam

486 954 645 1070 exempli
675 955 794 1071 gratia
820 956 1082 1044 collocandam
1097 1018 1110 1062 ,
1127 982 1194 1045 aut
1222 956 1308 1042 alias
1334 954 1434 1043 vitae
1459 954 1689 1040 necessitates
1710 951 1936 1061 tolerandas,

487 1099 538 1159 ne
567 1072 672 1188 quasi
705 1071 783 1160 filiis
813 1102 879 1162 aut
908 1076 1108 1192 nepotibus
1124 1137 1137 1182 ,
1153 1106 1321 1194 quorum
1353 1098 1409 1160 est
1432 1074 1488 1187 jus
1516 1070 1813 1178 hereditarium,
1840 1070 1934 1183 iniu-

486 1190 579 1277 riam
608 1189 782 1278 facientes
804 1194 1049 1312 repellantur:
1075 1228 1098 1282 a
1128 1194 1380 1283 sacerdotibus
1409 1217 1539 1279 autem
1566 1221 1647 1278 non
1672 1191 1798 1278 solum
1814 1183 1937 1278 fratres

487 1335 527 1396 et
549 1341 720 1417 sorores,
736 1312 801 1397 sed
817 1313 956 1400 horum
978 1316 1091 1402 etiam
1115 1312 1178 1400 filii
1205 1312 1392 1430 ceterique
1415 1309 1683 1430 consanguinei
1706 1335 1788 1397 tam
1812 1308 1935 1397 incam-

476 1453 631 1517 ⁴ctanter
658 1430 840 1542 juvarise
868 1459 1003 1550 petunt
1019 1496 1031 1542 ,
1047 1460 1092 1522 ut
1116 1464 1197 1522 non
1226 1433 1365 1550 precari
1380 1493 1394 1538 ,
1410 1432 1476 1518 sed
1502 1432 1650 1548 optimo
1672 1460 1744 1516 suo
1769 1427 1851 1541 jure
1866 1462 1936 1546 po-

485 1549 622 1634 stulare
639 1550 857 1636 videantur.
890 1556 1021 1668 ltaque
1044 1553 1158 1660 velis,
1174 1553 1269 1639 nolis
1285 1613 1298 1661 ,
1315 1548 1485 1639 dandum
1504 1576 1560 1638 est
1576 1613 1588 1657 ,
1606 1574 1856 1665 opportune,
1872 1549 1935 1635 im·

486 1692 652 1784 portune
674 1668 928 1785 flagitantibus
944 1732 957 1778 ,
973 1696 1014 1757 et
1039 1672 1223 1759 rationem
1239 1672 1488 1789 plerumque,
1505 1670 1534 1756 si
1558 1693 1666 1754 tuam
1692 1668 1936 1788 indigentiam

485 1814 635 1874 excuses
651 1850 664 1891 ,
680 1791 821 1903 accepti
850 1818 889 1877 et
923 1793 1072 1906 expensi
1094 1792 1398 1910 reposcentibus.
1427 1795 1485 1875 Ita
1504 1786 1576 1893 fit,
1592 1813 1637 1874 ut
1669 1790 1828 1874 maxima
1850 1818 1934 1903 pars

483 1934 614 1992 census
637 1908 687 1993 ad
709 1937 890 2023 pauperes
918 1911 1131 2024 praesertim
1158 1910 1459 2028 consanguineos
1487 1907 1710 2023 perveniat,
1727 1909 1834 1995 salvo
1855 1905 1935 2020 jure

484 2025 668 2129 caritatis,
684 2053 784 2139 quae
809 2027 993 2114 rationem
1020 2031 1186 2146 sequitur
1211 2027 1526 2115 necessitudinum
1551 2024 1804 2112 naturalium.

544 2146 668 2229 XXll·
728 2145 852 2236 Quod
882 2177 976 2237 vero
1003 2147 1125 2260 aiebas
1141 2212 1154 2257 ,
1171 2149 1350 2237 virtutem
1384 2146 1496 2232 etiam
1524 2144 1602 2231 sinc
1633 2175 1747 2261 opere
1773 2170 1933 2233 consta·

485 2291 528 2352 rc
542 2325 555 2369 ,
571 2288 766 2381 propterea
792 2264 901 2381 quod
917 2266 1061 2354 virtutis
1085 2271 1206 2374 ratio,
1225 2263 1553 2387 quemadmodum
1570 2264 1746 2355 vitiorum
1764 2326 1777 2368 ,
1792 2290 1878 2351 tota
1894 2265 1938 2352 in

487 2382 616 2470 animo
632 2410 671 2468 et
693 2382 891 2472 voluntate
917 2387 1037 2502 posita
1060 2389 1103 2474 sit
1124 2387 1221 2495 ,tibi
1243 2387 1487 2477 vehementer
1513 2384 1692 2472 assentior
1709 2384 1766 2491 ,si
1790 2386 1868 2469 hoc
1883 2382 1939 2469 di·

480 2502 536 2588 cis
552 2564 564 2609 ,
583 2504 762 2589 hactenus
784 2506 972 2622 quodque
987 2506 1127 2593 crimini
1144 2507 1238 2597 verti
1254 2569 1267 2615 ,
1284 2530 1350 2593 aut
1367 2504 1496 2593 virtuti
1519 2504 1629 2592 tribui
1645 2567 1658 2612 ,
1677 2527 1867 2621 quatenus
1882 2525 1936 2590 est

486 2620 770 2708 voluntarium:
801 2623 905 2709 aliter
929 2627 1029 2710 enim
1053 2626 1187 2712 nullius
1211 2625 1353 2712 factum
1376 2653 1501 2741 neque
1528 2624 1594 2727 vi,
1611 2653 1737 2741 neque
1761 2624 1771 2641 '
1828 2653 1938 2710 oran·

486 2739 539 2823 tia
562 2763 816 2846 excusaretur.
849 2739 921 2826 Sed
948 2742 1153 2831 voluntatis
1181 2770 1237 2830 est
1252 2806 1265 2853 ,
1281 2773 1363 2830 non
1386 2744 1509 2829 solum
1538 2742 1687 2860 agenda
1716 2771 1765 2830 ve
1790 2772 1840 2848 e,
1869 2741 1938 2829 sed

389 2947 393 2955 ,
486 2880 532 2944 ut
560 2855 653 2943 liant
669 2918 681 2963 ,
699 2857 828 2943 ceteris
857 2861 1033 2974 potentiis
1057 2863 1236 2979 imperare
1250 2925 1264 2970 ,
1280 2860 1391 2980 quod
1408 2862 1630 2977 plerumque
1657 2859 1766 2948 simul
1788 2858 1830 2945 fit
1847 2920 1861 2964 ,
1876 2885 1937 2946 at-

486 3004 565 3092 que
589 2977 727 3062 eodem
755 3002 895 3084 motu,
911 3008 1028 3095 quem
1053 2982 1266 3098 philosophi
1289 2981 1479 3097 juniores,
1503 2981 1629 3067 donec
1653 2979 1784 3066 animo
1809 3003 1848 3064 et
1864 3008 1938 3064 vo·

486 3092 632 3181 luntate
658 3093 899 3204 continetur,
920 3115 1043 3183 amum
1072 3107 1235 3186 elicitum
1262 3099 1471 3218 appellant.
1504 3104 1641 3207 Nam,
1666 3100 1695 3186 si
1726 3095 1936 3189 voluntatis

484 3210 643 3327 imperio
669 3237 815 3300 ceterae
839 3218 1032 3332 potentiae
1055 3246 1210 3335 pareant
1226 3281 1238 3326 ,
1254 3246 1293 3308 et
1320 3249 1457 3306 munus
1488 3245 1771 3336 exsequantur,
1796 3217 1932 3302 harum

482 3359 645 3448 quoquc
674 3361 772 3446 opus
803 3336 854 3421 ad
884 3336 1122 3426 voluntatem
1147 3337 1333 3444 refertur,
1350 3338 1458 3454 quasi
1481 3338 1532 3424 ad
1554 3335 1703 3424 fontem
1730 3360 1772 3421 et
1804 3358 1940 3420 aucto-

485 3479 566 3538 rem
581 3458 847 3567 ,vocaturque
875 3471 986 3539 actus
1009 3464 1215 3541 voluntatis
1242 3467 1451 3568 imperatus
1468 3514 1482 3562 ,
1498 3480 1538 3540 et
1566 3482 1726 3570 uterque
1760 3482 1844 3538 uno
1872 3482 1941 3537 no-

486 3568 589 3654 mine
616 3567 749 3655 dicitur
774 3575 953 3657 humanus
977 3590 1085 3659 actus
1101 3636 1114 3684 ,
1132 3602 1330 3693 propterea
1345 3574 1455 3691 quod
1479 3574 1631 3682 homo,
1655 3596 1848 3689 quatenus
1871 3570 1940 3656 ho

488 3717 557 3774 nro
585 3713 642 3774 est
668 3688 925 3806 particepsque
953 3693 1104 3780 rationis
1119 3755 1132 3799 ,
1150 3724 1215 3810 per
1238 3695 1396 3781 liberum
1423 3691 1616 3779 arbitrium
1635 3691 1772 3807 ,quod
1804 3689 1942 3780 volun·

490 3829 609 3891 tatem
639 3810 904 3897 consuevimus
927 3811 1111 3927 appellare
1128 3874 1140 3919 ,
1158 3813 1350 3930 utriusque
1381 3810 1602 3928 principium
1629 3810 1793 3899 exsistit.
1827 3812 1943 3894 Cere·

491 3953 578 4009 runs
604 3924 686 4010 talis
715 3927 814 4014 actio
841 3957 923 4015 non
950 3929 1074 4017 solum
1103 3932 1218 4020 habet
1254 3961 1319 4049 per
1346 3957 1385 4016 se
1406 3928 1619 4046 quidquam
1646 3927 1850 4016 honestatis
1877 3921 1942 4013 vel

493 4040 759 4157 turpitudinis,
780 4045 847 4133 sed
872 4072 1033 4164 utraque
1053 4079 1094 4136 re
1118 4051 1234 4139 vincit
1256 4050 1370 4137 etiarn
1392 4047 1638 4135 electionem.
1670 4053 1728 4135 Ut
1750 4046 1848 4134 enim
1862 4042 1947 4143 vel-

491 4159 529 4247 le
545 4223 558 4267 ,
576 4161 626 4246 sic
649 4161 761 4250 eriam
788 4194 899 4284 agere
933 4166 1094 4253 hominis
1118 4197 1195 4255 esse
1219 4165 1300 4254 finis
1324 4167 1525 4272 statuitur,
1543 4198 1632 4254 cum
1654 4167 1736 4254 finis
1762 4163 1946 4279 cuiusque

304 4271 548 4364 ⁸·‘'¹⁰·⁸''·rei
575 4280 621 4366 sit
652 4282 802 4399 propria
833 4285 942 4399 ipsius
970 4287 1169 4401 operatio:
1194 4312 1240 4372 ut
1266 4285 1348 4374 finis
1378 4288 1467 4403 equi
1498 4316 1554 4375 est
1586 4314 1733 4374 currere
1753 4281 1944 4400 ,pecuari

494 4397 595 4483 canis
623 4429 781 4514 pecusa
809 4402 980 4491 maleficis
1006 4403 1227 4493 animalibus
1254 4405 1440 4494 custodire
1456 4437 1466 4491 ι
1483 4431 1522 4492 et
1549 4431 1649 4522 quot
1673 4404 1944 4519 operationes,

495 4541 556 4604 tot
581 4516 674 4604 fines
691 4519 901 4606 habeantur
917 4583 929 4629 ,
945 4552 1112 4639 quorum
1130 4523 1387 4640 ,philosopho
1412 4547 1536 4629 reste,
1565 4552 1615 4610 eo
1634 4523 1796 4639 quisque
1817 4520 1944 4634 potior

494 4660 552 4723 est
567 4696 580 4744 ,
596 4665 679 4753 quo
703 4634 899 4755 perfectior
917 4669 926 4725 :
944 4664 999 4725 est
1024 4669 1151 4728 autem
1171 4637 1368 4758 perfectior
1391 4672 1438 4729 ex
1458 4642 1610 4728 duobus
1635 4642 1664 4726 is
1681 4702 1692 4747 ,
1709 4640 1779 4756 qui
1799 4640 1831 4724 si
1858 4666 1943 4724 con·

494 4753 646 4872 tingat,
663 4756 757 4844 alter
786 4786 866 4844 non
895 4757 1155 4871 desideretur3
1180 4758 1430 4878 imperfectior
1457 4786 1622 4866 contra,
1643 4782 1729 4876 post
1756 4788 1879 4873 quem
1901 4751 1944 4839 al

296 4861 620 4994 &blatteum
637 4900 830 4995 praeterea
856 4876 1097 4999 requirimus.
1126 4883 1184 4980 Ut
1205 4881 1236 4969 si
1257 4881 1352 4972 adsit
1372 4879 1509 4998 justitia
1530 4879 1643 5004 (utar
1660 4877 1762 4968 enim
1776 4874 1953 5085 ‘imdffi
