4192 5880
353 424 383 488 ,
476 387 613 460 nne.
648 381 1053 458 nrnonrtorrs
1088 387 1198 457 r1n.
1223 389 1252 456 1.
1520 413 1565 480 29

143 584 171 637 „
185 518 328 612 vissima
344 515 394 604 de
412 544 462 603 eo
475 509 650 630 supplicia
665 531 902 613 sumturum3
922 537 993 594 nec
1019 511 1119 596 enim
1135 509 1308 629 ignorare
1326 575 1340 621 ,
1355 543 1471 630 quam
1496 521 1594 610 male

148 667 333 756 „semper
349 635 407 722 ille
438 634 486 721 de
519 627 669 716 ecclesia
686 631 860 713 Romana
891 628 1043 716 meritus
1068 627 1212 716 fuisset.
1246 635 1320 719 Sed
1338 664 1425 721 cum
1459 639 1626 755 suppli-f

145 759 283 871 „cium
299 759 348 844 de
371 782 421 841 eo
429 774 601 838 sumtum
617 808 629 854 ,
644 747 711 862 qui
727 775 764 832 se
781 775 925 861 suaque
949 747 988 832 in
1006 748 1235 836 deditionem
1252 750 1338 839 fidei
1370 784 1414 841 ac
1430 783 1592 870 potesta·

143 878 212 989 „ti
238 874 409 962 ecclesiae
426 866 667 986 permisisset,
682 890 893 951 ceterorum
918 886 1169 982 tyrannorum
1193 870 1385 958 animosa
1414 876 1595 964 Pontifice

144 1061 172 1108 ‚,
183 1024 428 1097 aversurum,
449 990 573 1076 honor
600 983 747 1070 habitus
762 985 813 1070 ad
828 1013 959 1100 pacem
974 987 1198 1102 impulsurus
1214 990 1312 1076 visus
1345 1016 1463 1100 esset,
1479 1025 1595 1084 omne

140 1114 317 1226 „odium
336 1105 690 1226 &indignationem
713 1102 883 1220 publicae
897 1135 942 1190 ac
965 1105 1094 1220 majori
1121 1105 1267 1194 utilitati
1290 1110 1596 1223 posthabendum

144 1296 171 1345 „
190 1257 360 1348 putasse.
393 1228 637 1343 Imperatores
662 1222 877 1310 clarissimos
893 1254 1036 1342 magno
1051 1255 1122 1312 usu
1138 1226 1177 1311 id
1197 1228 1390 1315 consilium
1419 1262 1595 1351 usurpas·
1625 1248 1787 1359 ffi‘ffil‘

144 1380 225 1461 „se
257 1368 549 1437 commemorat.
583 1340 809 1429 Annibalem
840 1342 1045 1457 inprimis,
1062 1342 1257 1430 hominem
1273 1346 1439 1463 alioquin
1463 1323 1733 1441 crude-{xenia

139 1533 172 1582 ,‚,
190 1467 364 1555 lissimum
382 1527 395 1572 ,
412 1465 559 1580 dequo
584 1462 633 1547 sic
649 1460 777 1564 Livius
798 1461 971 1548 scriberet
987 1524 1000 1568 ,
1015 1461 1054 1548 in
1071 1463 1240 1578 captivos
1268 1494 1317 1552 ex
1330 1468 1470 1556 tradito
1485 1488 1595 1587 prae·
1656 1525 1658 1528 ·
1792 1520 1793 1523 κ

146 1651 175 1698 „
188 1587 308 1695 sidio,
325 1609 370 1671 ut
382 1581 483 1668 fama
500 1580 717 1690 clementiae
733 1579 772 1664 in
786 1581 965 1696 principio
983 1610 1107 1667 rerum
1131 1582 1391 1702 colligeretur,
1408 1588 1498 1676 nihil
1518 1622 1599 1680 sae-

146 1769 173 1816 „
185 1705 306 1794 vitum
327 1728 404 1790 est:
421 1701 567 1818 etqui,
583 1723 669 1814 post
692 1699 887 1786 victoriam
911 1700 962 1787 ad
974 1701 1234 1788 Trasimenum
1251 1705 1299 1789 de
1316 1709 1496 1795 Romanis
1512 1742 1596 1827 par·
1661 1789 1662 1792 t

146 1889 172 1934 „
186 1849 295 1930 tam,
326 1821 497 1937 captivos
516 1817 677 1903 nominis
705 1816 827 1903 latini
852 1819 929 1904 sine
953 1821 1073 1934 pretio
1095 1820 1306 1908 dimisisset.
1334 1826 1531 1915 Caesarem
1557 1832 1598 1917 in

50 2000 53 2004 -
145 1942 286 2053 „bello
304 1940 476 2043 Gallico,
492 1937 748 2023 Alexandrum
765 1939 1021 2024 Macedonem
1041 1939 1080 2025 in
1108 1940 1343 2058 subjuganda
1361 1945 1448 2031 Asia
1474 1949 1597 2037 multo

147 2061 269 2175 „plus
289 2057 484 2145 clementia
507 2053 748 2141 indedititios
765 2117 777 2161 ‚
793 2086 910 2171 quam
927 2059 1163 2174 pugnando,
1181 2060 1208 2144 si
1225 2089 1315 2149 vera
1327 2090 1449 2151 essent
1475 2067 1597 2156 histo·

147 2179 324 2289 „riarum
350 2176 610 2280 monimenta,
626 2169 841 2289 profecisse.
871 2180 1064 2263 Praeterea
1074 2178 1263 2292 Joannem
1281 2178 1418 2270 Vicum
1433 2186 1596 2275 multum

147 2362 175 2411 „
189 2295 428 2384 allinitatibus
452 2293 908 2410 consanguinitatibusque
935 2295 1057 2382 valere
1071 2358 1083 2401 ,
1098 2298 1239 2412 quippe
1268 2298 1371 2413 cujus
1399 2301 1529 2392 aflines
1553 2337 1598 2394 ac

150 2416 392 2532 „propinqui
409 2413 622 2530 plusquam
635 2411 785 2529 triginta
802 2413 947 2529 oppidis
964 2415 1168 2500 multarum
1183 2416 1318 2503 virium
1344 2419 1596 2534 imperarent,

147 2535 369 2648 „praesenti
397 2532 474 2646 ejus
498 2529 719 2618 conditione
749 2532 1001 2645 quiescentes.
1033 2534 1146 2630 Quos
1174 2559 1328 2643 tamen,
1346 2536 1598 2658 siquidquam

148 2715 175 2763 „
187 2655 335 2768 gravius
350 2651 489 2766 Joanni
506 2649 605 2734 Vico
630 2672 764 2734 contra
793 2647 906 2735 fidem
932 2649 1060 2758 datam
1085 2678 1309 2740 statueretur
1326 2717 1338 2760 ,
1354 2688 1487 2746 omnes
1514 2693 1598 2753 suas

148 2834 175 2881 ‚,
191 2800 284 2885 opes
298 2771 474 2878 adversus
498 2767 685 2854 ecclesiam
702 2765 880 2854 collatum
895 2768 947 2854 ire
964 2830 976 2875 ,
994 2770 1132 2880 nemini
1161 2773 1319 2858 dubium
1338 2805 1414 2861 esse
1441 2779 1597 2892 debere,

148 2951 175 2999 „
187 2917 274 2974 cum
291 2888 329 2975 in
345 2886 547 3005 propinqui
571 2884 807 3002 simulatque
825 2887 931 2972 amici
955 2888 1137 2974 ultionem
1154 2952 1167 2996 ,
1183 2915 1265 2976 tum
1282 2921 1374 2979 vero
1404 2920 1446 2981 ut
1460 2928 1532 2988 sea
1545 2903 1599 2988 si·

148 3070 176 3118 „
189 3008 264 3092 mili
290 3006 418 3121 injuria
445 3028 661 3093 tuerentur.
695 3011 790 3090 Non
805 3034 881 3091 esse
908 3007 1249 3114 committendum,
1284 3035 1327 3097 ut
1352 3041 1398 3097 ea
1428 3014 1605 3110 hostibus.

147 3124 408 3242 „imponatur
432 3123 652 3228 necessitas,
669 3147 713 3209 ut
742 3124 1038 3239 desperationem
1071 3125 1110 3210 in
1143 3126 1320 3217 virtutem
1349 3158 1595 3227 convertant.

146 3305 174 3353 ,‚
191 3248 281 3329 Huc
297 3243 470 3330 accedere
489 3241 715 3357 periculum,
732 3269 781 3326 ne
796 3245 1007 3329 Cornetum
1022 3305 1034 3350 ,
1050 3269 1089 3330 et
1104 3245 1222 3333 mrrlta
1235 3247 1303 3332 alia
1314 3252 1453 3363 oppida
1467 3317 1482 3359 ,
1496 3287 1597 3373 quae

149 3359 359 3474 „factionis
375 3360 583 3447 Gibellinae
598 3420 610 3465 ,
625 3383 666 3444 et
693 3360 828 3444 summi
852 3361 890 3444 in
905 3361 1094 3474 Joannem
1111 3363 1249 3450 Vicum
1269 3369 1379 3452 studii
1390 3431 1406 3473 ,
1416 3371 1502 3482 ejus,
1525 3407 1605 3464 vo.

149 3541 177 3590 „
191 3480 335 3568 luntate
350 3477 502 3565 fuissent
518 3502 679 3593 recepta,
700 3507 780 3564 non
793 3505 938 3566 servata
953 3480 1018 3596 ipsi
1030 3479 1125 3585 fide,
1142 3482 1209 3568 sibi
1228 3483 1267 3569 in
1282 3484 1471 3575 ecclesiam
1486 3482 1605 3581 rebel

150 3660 177 3707 „
193 3599 269 3686 lare
286 3600 392 3686 licere
415 3621 611 3714 putarent.
637 3601 740 3681 Nam
755 3598 863 3714 quod
888 3599 937 3683 de
951 3597 1192 3710 Joannislide
1220 3603 1366 3689 timeret
1384 3667 1396 3710 ,
1412 3635 1493 3695 non
1516 3640 1596 3701 esse

148 3715 439 3827 „dubitandum
456 3778 469 3824 ‚
487 3717 582 3803 datis
602 3713 776 3801 obsidum
805 3715 891 3801 loco
917 3717 1101 3803 carissimis
1122 3715 1265 3822 liberis,
1289 3721 1382 3836 quin
1406 3723 1466 3811 ille
1491 3728 1594 3818 tdtro

149 3835 281 3943 „nihil
297 3867 478 3951 umquam
503 3859 596 3941 esset
613 3859 805 3929 moturus.
836 3840 965 3950 Atque
980 3865 1044 3921 eas
1056 3834 1288 3951 potissimum
1313 3869 1391 3928 esse
1408 3846 1594 3958 rationes,

148 3955 327 4069 „quibus
348 3954 452 4063 initio
470 3953 659 4065 Joannem
675 3953 813 4038 Vicum
842 3952 1079 4071 indulgenter
1103 3955 1320 4045 iubendum
1337 3984 1530 4072 putasset,
1552 3994 1601 4055 et,

144 4130 173 4180 „
184 4096 277 4158 nanc
289 4072 381 4159 nihil
392 4075 571 4162 adversus
586 4073 624 4159 id
640 4066 780 4157 lactum
790 4072 1052 4159 innovandum
1068 4098 1245 4160 censeret.
1272 4077 1384 4170 Quae
1397 4079 1429 4172 si
1442 4085 1593 4176 Pontifi.

108 4283 110 4289 .
145 4249 173 4298 „
186 4189 221 4274 ci
235 4220 316 4278 non
333 4191 427 4278 tanti
443 4218 588 4299 essent,
603 4215 647 4277 ut
663 4192 854 4304 Joannem
867 4191 1004 4276 Vicum
1029 4222 1078 4277 eo
1094 4216 1193 4279 statu
1209 4192 1356 4300 vivere,
1369 4226 1499 4314 aequo
1510 4192 1600 4306 ani?

144 4338 253 4416 „mo
277 4334 490 4425 pateretur,
511 4313 625 4396 abeo
640 4334 766 4425 petere
782 4372 795 4415 ,
809 4337 852 4394 ac
878 4340 943 4424 per
954 4316 1082 4396 Deum
1102 4312 1295 4400 obsecrare
1312 4375 1324 4422 ,
1339 4343 1388 4403 ne
1416 4348 1455 4404 se
1482 4322 1588 4410 mini·

145 4483 173 4533 „
186 4448 267 4511 stro
288 4429 440 4514 adeum
456 4428 707 4515 ulciscendum
720 4453 885 4514 uteretur
898 4490 911 4534 ,
926 4430 992 4545 qui
1015 4460 1123 4532 atum
1136 4427 1249 4519 fidem
1265 4459 1438 4546 secunus,
1454 4468 1494 4526 se
1505 4471 1586 4531 stra

143 4572 260 4661 „que
273 4547 469 4636 Romanae
500 4549 671 4638 ecclesiae
690 4547 979 4657 commisisset.“
