4140 5872
394 428 489 502 ²188
899 426 1327 506 GONsnLUs

394 577 475 643 tam
500 559 648 676 egregia
666 574 754 645 usos
772 557 911 648 vittute
926 621 939 666 ,
954 584 1044 644 cum
1066 557 1152 645 abas
1166 585 1303 674 saepe,
1320 544 1406 647 tuni
1431 544 1591 643 maxime
1605 554 1647 640 in
1663 548 1767 642 bello
1783 583 1861 672 po

397 701 536 763 stremo
567 677 851 794 propulsando,
874 710 964 765 cum
987 677 1143 765 tandem
1176 703 1265 763 sunt
1296 707 1320 761 a
1360 676 1473 763 nobis
1501 674 1717 792 subjugati,
1737 675 1859 789 quod

397 820 533 881 contra
555 796 742 883 universas
769 797 874 884 vires·
892 821 1035 883 nostras
1061 796 1099 880 in
1116 794 1342 886 decennium
1365 795 1571 883 extraxere.
1597 797 1730 890 Quare
1750 820 1848 881 cum

398 912 496 998 bella
515 924 690 1031 'gererem
712 945 800 1001 cum
814 917 952 1002 horum
967 913 1203 1033 quibuspiam
1220 977 1233 1020 ,
1248 915 1299 1001 ita
1314 944 1430 1019 etam.
1443 913 1650 1018 animatus,
1672 938 1719 998 ut
1734 912 1851 1000 nobis

401 1056 528 1130 nostra
554 1032 733 1119 industria
760 1059 799 1120 et
820 1034 986 1140 virtute,
1012 1064 1093 1119 non
1114 1033 1279 1120 hostium
1300 1032 1449 1150 ignavia
1469 1031 1706 1120 'vincendum
1722 1056 1844 1144 puta-

402 1163 505 1266 rem.
535 1155 590 1234 lta
609 1151 716 1267 siqua
744 1178 871 1238 nostra
895 1152 1006 1267 culpa
1032 1177 1087 1237 est
1103 1214 1115 1257 ‚
1133 1153 1281 1238 hostem
1297 1175 1377 1237 tam
1393 1151 1458 1236 diu
1478 1152 1517 1236 in
1532 1147 1736 1264 Hispaniae
1757 1178 1846 1265 par·

402 1291 444 1353 te
472 1297 671 1384 regnasse,
701 1270 860 1377 sediti0,
887 1296 931 1357 ut
953 1297 1041 1355 ante
1075 1270 1178 1376 dixi,
1202 1262 1412 1385 principum
1439 1263 1509 1354 fuit
1532 1268 1572 1352 in
1603 1295 1739 1352 causa.
1779 1269 1846 1355 Ab

402 1384 468 1471 illo
500 1388 599 1470 enim
624 1412 822 1504 tempore,
843 1417 925 1505 quo
937 1392 1066 1473 Petrus
1082 1449 1094 1492 ,
1111 1389 1178 1503 qui
1201 1416 1251 1472 ex
1263 1383 1366 1472 factis
1381 1384 1552 1473 Crudelis
1574 1410 1628 1471 est
1647 1388 1852 1503 cognomi·

404 1528 543 1610 natus,
560 1505 654 1618 patri
670 1503 829 1620 Alfonso
845 1505 940 1622 Regi
970 1505 1126 1619 optimo¹
1148 1505 1401 1609 dissimillimm
1429 1503 1624 1609 successit,
1647 1533 1734 1589 curn
1750 1502 1843 1613 ille,

388 1622 508 1708 ‘victo
524 1622 785 1709 Aimohaceno
806 1619 1037 1709 Bellamarini
1053 1628 1185 1739 Rege,
1202 1623 1267 1738 qui
1284 1625 1512 1708 Maurorum
1526 1618 1708 1728 infinitum
1734 1648 1847 1708 exer·

317 1808 320 1815 .
406 1739 521 1852 citum
537 1740 575 1823 in
589 1740 776 1827 Baeticam
792 1734 1002 1854 trajecerat,
1019 1764 1057 1825 et
1070 1742 1224 1855 receptis
1241 1740 1416 1858 Algeziris,
1431 1740 1584 1825 urbibus
1597 1800 1609 1842 ,
1622 1738 1841 1828 Gibraltare

389 1857 580 1942 *obsidens
610 1860 782 1961 obiisset;
811 1872 873 1946 tot'
897 1857 1071 1944 intestinis
1087 1859 1292 1973 principum
1313 1858 1552 1944 seditionibus
1577 1885 1696 1971 paene
1721 1858 1847 1944 conti·

391 2001 540 2059 nenter
554 1977 715 2061 Castella
739 1975 872 2088 jactata
892 2000 978 2082 est,
1004 2001 1049 2061 ut
1072 1976 1227 2061 externis
1252 1974 1353 2060 bellis
1380 1974 1552 2092 gerendis
1579 1975 1701 2058 nullus
1724 1975 1848 2092 longo

392 2113 578 2207 tempore
596 2092 700 2178 locus
715 2089 847 2182 fuerit.
882 2099 984 2180 Nam
1016 2123 1104 2178 cum
1127 2118 1183 2180 est
1207 2092 1256 2179 ab
1281 2092 1337 2177 his
1352 2091 1539 2178 discordiis
1565 2115 1741 2179 vacarum
1754 2155 1771 2198 ,
1784 2123 1847 2178 ar·

393 2206 471 2293 ma
494 2209 610 2295 nostri
637 2212 674 2295 in
705 2211 807 2296 hunc
827 2213 980 2298 {hostem
1012 2210 1283 2297 convertebant
1298 2270 1311 2314 ,
1325 2233 1371 2295 ut
1397 2211 1578 2328 regnante
1600 2211 1746 2322 Joanne
1771 2215 1846 2295 Se·

407 2328 538 2412 cundo
554 2390 566 2432 ,
581 2356 670 2414 cum
701 2355 837 2416 coacto
865 2326 1028 2416 exercitu
1049 2328 1246 2445 octoginta
1278 2327 1432 2413 millium
1461 2351 1692 2413 armatorum
1705 2388 1718 2432 ,
1731 2329 1848 2440 quod

405 2470 463 2532 est
487 2449 646 2531 aMena
668 2447 750 2536 cive
773 2446 904 2535 nostro
930 2446 1092 2532 carmine
1108 2445 1301 2560 proditum
1318 2505 1331 2549 ,
1347 2445 1488 2531 bellum
1513 2443 1584 2530 fuit
1598 2446 1850 2531 Granatensi·

405 2561 476 2646 bus
503 2563 671 2649 illatum.
702 2565 775 2650 Sed
798 2564 893 2680 quid
923 2589 1071 2652 nostros
1094 2593 1134 2653 te
1151 2560 1287 2650 infecta
1313 2563 1363 2649 ab
1391 2563 1450 2650 iila
1476 2562 1711 2680 expeditione
1732 2592 1848 2653 reto

405 2681 579 2780 caverit,
606 2711 687 2766 non
714 2682 916 2798 ignoratis.
941 2765 943 2769 ,
994 2720 996 2748 ³
1048 2794 1050 2801 ῃ
1159 2714 1161 2720 ’

395 2852 399 2863 -
464 2803 524 2882 111.
564 2799 646 2910 Jrc.
661 2799 843 2887 Alvarum
858 2807 1006 2886 Lunam
1020 2797 1167 2911 ferunt,
1183 2802 1285 2918 cujus
1301 2804 1455 2891 consilio
1466 2808 1547 2890 Rex
1562 2802 1720 2889 maxima
1733 2830 1848 2918 quae-

394 2922 481 3030 -que
503 2916 806 3025 administrabat,
831 2913 942 3006 tantis
970 2923 1166 3009 conatibus
1190 2915 1391 3009 obstitisse.
1420 2924 1493 3009 Sed
1524 2920 1582 3008 ille
1613 2950 1704 3008 suae
1728 2918 1848 3035 perfi-

379 3051 393 3119 ·,
404 3033 488 3118 diae
508 3034 661 3120 tandem
684 3038 830 3122 meritas
852 3066 994 3152 poenas
1022 3040 1141 3157 capite
1164 3040 1254 3126 luit.
1313 3047 1435 3127 Gous.
1451 3046 1587 3126 Ferunt
1603 3065 1642 3126 et
1655 3039 1726 3124 alia
1746 3097 1760 3142 ,
1777 3038 1848 3125 sed

402 3148 471 3234 ista
497 3148 568 3238 fuit
587 3155 814 3240 constantior
838 3155 1036 3242 hominum
1066 3157 1195 3273 opinio
1212 3220 1224 3265 ,
1241 3159 1409 3244 hostibus
1429 3157 1572 3275 ingenti
1599 3154 1848 3273 pecuniarum

395 3268 442 3354 rvi
471 3269 610 3355 bellum
634 3272 913 3387 deprecantibus
944 3275 1128 3362 Alvarum
1157 3273 1265 3362 fuisse
1287 3273 1555 3394 suffragatum.
1580 3276 1653 3361 Sed
1685 3299 1728 3360 ut
1759 3305 1849 3360 me-

402 3385 523 3471 moria
551 3388 610 3474 illa
637 3391 744 3508 unius
767 3390 982 3505 improbitas
1009 3398 1154 3510 Regem
1171 3396 1361 3507 Joannem
1387 3424 1411 3479 a
1437 3393 1581 3511 magnis
1609 3390 1762 3506 inceptis
1782 3421 1846 3478 re·

394 3504 553 3592 vocavit
571 3565 585 3610 ,
602 3508 651 3592 sic
671 3532 798 3594 nostra
813 3512 1048 3596 Fernandum
1073 3510 1309 3598 tortissinum
1331 3538 1369 3599 er
1384 3513 1458 3599 alta
1474 3536 1599 3597 mente
1614 3508 1847 3627 praeditum,

382 3635 439 3706 let
469 3622 675 3740 viraginem
706 3627 805 3712 illam
832 3624 1118 3745 exemplumque
1145 3631 1341 3745 pudicitiae
1369 3631 1559 3716 Isabellam
1581 3628 1750 3746 reginam
1769 3689 1782 3733 ,
1801 3627 1848 3714 in

398 3738 502 3852 cujus
527 3738 689 3828 femineo
716 3773 875 3860 corpore
906 3747 1046 3832 virilem
1062 3748 1227 3832 animum
1245 3810 1257 3854 ,
1274 3748 1509 3863 prudentiam
1530 3776 1649 3863 prope
1674 3746 1848 3833 divinam

395 3878 439 3940 et
462 3857 674 3974 plusquam
700 3862 839 3980 regiam
854 3864 1077 3979 gravitatem
1101 3865 1209 3950 amici
1227 3866 1392 3954 venerati
1408 3892 1520 3971 sunt,
1535 3865 1660 3951 hostes
1677 3863 1766 3948 mite
1782 3893 1850 3949 re·

397 3967 645 4066 formidarunt
662 4040 674 4084 ,
689 4002 792 4065 totus
814 3980 914 4069 orbis
938 4007 992 4068 est
1009 3984 1237 4089 demiratus,
1259 3984 1463 4070 multorum
1491 3982 1584 4069 fides
1600 3980 1847 4100 magnitudo·

395 4119 473 4206 que
504 4093 616 4180 animi
648 4096 698 4181 ad
726 4098 1005 4184 sacratissimum
1023 4101 1166 4186 bellum
1193 4104 1493 4217 persequendum
1517 4102 1686 4189 invitasse
1702 4159 1716 4204 ,
1730 4099 1848 4186 vide·

395 4209 426 4342 ri
452 4238 632 4323 possunt.
663 4213 720 4298 Sic
746 4217 845 4302 enim
875 4215 964 4301 mihi
980 4220 1218 4332 persuadeo,
1244 4220 1344 4304 nulla
1360 4245 1446 4335 post
1468 4220 1668 4305 hominum
1692 4247 1845 4304 memo-

395 4352 487 4410 nam
503 4354 624 4415 aetate
640 4354 699 4416 tot
722 4334 829 4419 simul
844 4335 1022 4450 principes
1047 4337 1146 4424 viros
1161 4333 1377 4424 fortissimos
1396 4400 1408 4444 ,
1424 4363 1594 4423 strenuos
1610 4362 1648 4423 et
1676 4338 1725 4422 ad
1741 4335 1844 4421 bella

393 4446 560 4558 gerenda
579 4470 688 4532 natos
703 4509 716 4552 ,
731 4451 949 4565 Hispaniam
974 4454 1141 4540 virorum
1158 4455 1324 4569 alioquin
1356 4453 1613 4542 feracissimam
1629 4453 1844 4570 protulisse.

391 4562 544 4647 Etenim
573 4564 743 4651 Roderici
765 4568 944 4656 Gaditani
959 4573 1189 4657 Marchionis
1203 4634 1215 4677 ,
1230 4573 1296 4685 qui
1320 4574 1522 4659 Albanum
1544 4573 1583 4658 in
1607 4572 1738 4658 medio
1770 4571 1846 4657 ho·

392 4680 503 4763 stium
533 4685 786 4799 expugnavit,
803 4686 918 4773 virtus
949 4719 1064 4802 quem
1093 4718 1173 4774 non
1204 4687 1275 4775 fuit
1301 4692 1352 4776 ad
1377 4692 1516 4776 bellum
1534 4689 1846 4805 persequendum

389 4793 611 4884 incitatura?
642 4803 771 4897 Quem
798 4833 878 4889 non
903 4807 964 4918 Jo.
993 4807 1163 4893 Metinae
1186 4807 1359 4894 Sidoniae
1382 4812 1506 4915 Dux,
1528 4809 1595 4924 qui
1616 4806 1845 4923 capitalium

388 4916 565 5008 odiorum
583 4920 755 5032 oblitus,
772 4923 876 5011 hunc
898 4924 1133 5014 laborantem
1156 4926 1305 5015 maximi
1331 4927 1512 5018 exercitus
1536 4925 1738 5017 obsidone
1764 4928 1845 5014 soi

393 5100 394 5103 κ
432 5102 436 5106 Α
1027 5082 1029 5086 ’
1768 5071 1845 5155 vn,
