4192 5880
482 383 619 456 AEG.
655 381 1065 457 ALBORNOTII
1100 384 1210 456 LIB.
1235 385 1300 457 11.
1547 409 1596 478 49

156 516 260 593 extra
275 498 435 590 moenia
450 501 711 619 conspicanu,
727 524 900 615 paratum
925 499 1065 615 praelio
1081 503 1278 592 decernere
1295 569 1306 612 ,
1326 506 1386 595 vix
1412 507 1528 596 oculis
1551 496 1619 599 'ha-

158 623 233 709 bita
262 620 364 728 lide,
397 651 484 706 suos
504 647 543 706 et
575 620 652 734 ipse
676 621 872 723 hortatus,
890 645 1082 733 partarum
1107 622 1344 712 victoriarum
1375 652 1415 713 et
1445 627 1618 743 pristinae

156 741 324 855 ipsorum
342 739 486 827 virtutis
506 739 740 841 admonens,
766 737 968 822 inhostem
994 735 1130 823 fiducia
1161 740 1292 856 plenus
1317 744 1443 832 irruit:
1462 778 1614 864 pugna-

153 882 316 975 tumque
331 883 387 946 est
404 858 472 944 diu
488 886 634 942 summa
647 855 893 942 contentione
909 915 921 960 ,
939 855 1006 942 sed
1036 856 1191 943 demum
1215 860 1341 947 hostes
1369 890 1474 982 terga
1491 893 1612 955 verte·

151 1006 214 1086 te,
230 1004 269 1064 et
290 1007 328 1064 se
345 978 384 1062 in
400 974 585 1091 oppidum
602 1003 790 1090 recepere.
824 975 920 1070 Quo
935 972 976 1058 in
990 975 1128 1089 praelio
1158 1007 1237 1063 non
1254 980 1380 1095 paucis
1404 984 1613 1073 ecclesiasti.

133 1095 203 1182 ¹cis
221 1096 417 1211 ,pluribus
432 1124 479 1180 ex
506 1093 674 1180 hostibus
690 1091 905 1179 desideratis
922 1152 935 1196 ,
951 1117 1080 1207 captus
1097 1118 1152 1180 est
1184 1095 1279 1182 inter
1300 1124 1442 1186 ceteros
1457 1102 1512 1188 vir
1525 1105 1613 1219 qui·

152 1215 244 1300 dam
261 1242 342 1300 non
359 1216 520 1299 obscuro
550 1211 637 1297 loco
653 1236 762 1296 natus
778 1270 790 1314 ,
807 1210 871 1295 sed
888 1208 965 1320 ejus
994 1238 1135 1297 nomen
1150 1242 1230 1299 non
1247 1240 1302 1302 est
1326 1220 1526 1324 traditum,
1544 1252 1606 1310 cu«

150 1329 208 1442 jus
232 1331 386 1418 consilio
402 1330 560 1416 maxime
581 1327 637 1414 uri
652 1328 802 1415 solitum
815 1356 891 1413 esse
910 1328 1098 1439 Joannem
1116 1331 1361 1420 Mansredum
1388 1340 1600 1426 constabat.

151 1452 271 1535 Hunc
292 1450 342 1534 ad
365 1478 404 1534 se
418 1447 595 1564 Aegidius
612 1447 810 1553 ,nuntiata
843 1445 1024 1549 victoria,
1041 1448 1179 1533 adduci
1203 1449 1332 1564 jubet,
1348 1482 1418 1539 nec
1446 1457 1607 1546 hominis

21 1571 27 1581 ’
152 1567 402 1654 conveniendi
417 1566 580 1682 cuipiam
603 1561 819 1651 facultatem
832 1561 937 1669 fieri,
960 1592 1048 1651 eum
1066 1592 1186 1672 vero,
1203 1570 1269 1684 qui
1297 1572 1417 1685 ipsum
1433 1574 1606 1691 cepisset,

150 1711 307 1772 centum
324 1686 464 1772 ducatis
482 1685 629 1770 donari.

210 1806 392 1889 XXVIII.
453 1809 515 1889 Eo
548 1801 687 1917 praelio
717 1796 854 1886 fractus
869 1802 1033 1913 Joannes
1050 1797 1274 1891 Manfredus
1304 1808 1355 1893 ad
1377 1809 1607 1925 Episcopum

153 1919 368 2032 hujusmodi
392 1918 621 2037 legationem
647 1918 787 2004 mittit:
807 1921 883 2023 „Si
908 1918 1016 2004 liceat
1041 1920 1106 2004 sibi
1122 1982 1135 2027 ,
1153 1922 1258 2009 salvis
1278 1926 1413 2040 opibus
1436 1928 1607 2041 privaris,

150 2099 178 2145 „
191 2039 240 2123 ab
263 2039 368 2125 omni
384 2038 542 2153 publico*
552 2065 706 2124 munere
721 2035 921 2121 faventiae
949 2037 1165 2123 abdicatum
1180 2039 1296 2126 vitam
1324 2043 1461 2129 ducere
1488 2046 1606 2160 priva·

150 2217 178 2263 „
191 2181 299 2263 tam,
329 2157 514 2272 oppidum
543 2185 581 2241 se
609 2154 770 2271 Aegidio
800 2153 1027 2242 dediturum.
1040 2161 1067 2206 “
1095 2155 1226 2260 Quam
1257 2158 1484 2275 legationem
1517 2191 1606 2251 cum

148 2276 200 2361 ad
217 2274 422 2392 Aegidium
453 2273 631 2361 retulisset
648 2274 879 2386 Episcopus,
894 2270 970 2356 hoc
985 2270 1096 2358 abeo
1119 2301 1339 2388 responsum
1354 2279 1462 2364 tulit·
1487 2282 1601 2384 „Qui

151 2455 180 2501 „
195 2393 280 2477 talia
315 2392 544 2497 retulissent,
567 2420 632 2476 eos
660 2415 793 2505 putare
815 2417 853 2474 se
880 2417 945 2502 per
969 2390 1127 2502 speciem
1152 2390 1345 2508 legationis
1372 2395 1607 2511 exploratum

145 2511 234 2620 „in
262 2533 380 2595 castra
412 2512 579 2597 venisse.
616 2507 763 2592 Eadem
794 2506 894 2591 enim
911 2506 1098 2617 Joannem
1115 2505 1362 2597 Manfredum
1392 2511 1481 2598 ante
1505 2513 1606 2603 illam

150 2688 180 2737 „
193 2629 386 2715 victoriam
414 2625 548 2713 frustra
569 2624 827 2711 contendisse.
857 2623 1019 2709 Proinde
1047 2624 1190 2740 legatos
1215 2626 1359 2738 juberet
1385 2659 1503 2746 quam
1530 2633 1604 2747 pri-

149 2806 177 2852 „
190 2776 297 2830 mum
332 2745 455 2831 castris
471 2744 646 2831 excedere
662 2775 671 2827 ι
689 2766 753 2847 et,
772 2739 879 2856 siqui
902 2768 1091 2857 praeterea
1116 2746 1310 2851 venerint,
1340 2775 1388 2832 ne
1415 2774 1604 2865 pateretur

149 2863 259 2969 „diu
290 2864 541 2965 commorari;
559 2860 778 2974 interimque
800 2886 955 2943 suorum
985 2857 1234 2947 fidelissimum
1252 2893 1442 2979 quemque
1467 2894 1601 2954 eorum

150 3040 178 3087 „
194 2980 297 3066 lateri
313 2982 512 3066 adhaerere
529 2980 684 3091 juberet,
701 2977 766 3092 qui
783 2976 930 3062 occulta
945 3002 984 3061 et
1000 2977 1204 3094 perniciosa
1220 2981 1406 3097 colloquia
1420 2981 1497 3066 fieri
1513 3013 1598 3098 pro·

148 3158 175 3204 „
190 3097 335 3183 hiberet
348 3128 360 3202 3
375 3101 451 3212 ipse
470 3087 563 3186 vero
578 3096 794 3183 Fauentiam
812 3122 1034 3209 oppugnare
1060 3123 1242 3213 pergeret.
1254 3104 1280 3150 “
1312 3099 1599 3216 legatisitaque

149 3243 189 3299 re
205 3212 341 3301 infecta
360 3215 625 3319 redeuntibus,
648 3213 855 3327 Episcopus
869 3214 993 3325 coepit
1008 3215 1226 3300 Faventiam
1242 3246 1487 3332 oppugnare.
1518 3221 1597 3304 Cu-

148 3329 204 3445 jus
228 3362 315 3416 cum
331 3358 474 3447 partem
490 3334 585 3418 muri
608 3355 883 3416 tormentorum
899 3329 1029 3415 ictibus
1043 3328 1204 3415 dirutam
1224 3334 1595 3448 conspexissetJoan-
1717 3357 1728 3414 ε

149 3476 215 3535 nes
230 3448 479 3556 Manfredus,
503 3475 543 3535 et
572 3477 690 3565 prope
713 3474 789 3532 esse
804 3509 816 3553 ,
834 3471 877 3532 ut
898 3447 1124 3532 ecclesiastici
1155 3448 1342 3556 subirent,
1356 3450 1492 3565 quibus
1521 3452 1599 3566 ipse

150 3580 236 3651 cum
253 3570 377 3682 paucis
402 3568 575 3654 militibus
604 3566 767 3651 resistere
796 3593 874 3649 non
891 3589 1065 3678 poterat,
1082 3563 1309 3682 legationem
1335 3568 1448 3652 mittit
1478 3568 1527 3651 de
1559 3574 1605 3653 se'

150 3684 353 3792 dedendo,
371 3711 409 3773 et
436 3713 566 3801 pacem
580 3683 635 3768 lais
659 3680 932 3766 conditionibus
961 3684 1198 3795 impetravit:
1215 3709 1259 3769 ut
1291 3685 1366 3797 ipse
1382 3683 1597 3771 Faventiam

146 3825 187 3886 et
217 3828 337 3888 cetera
363 3803 503 3920 oppida
533 3803 710 3915 vicosque
732 3825 771 3885 et
800 3799 944 3884 castella
962 3797 1111 3884 ditionis
1124 3801 1407 3907 ecclesiasticae,
1432 3828 1533 3915 quae
1550 3803 1600 3885 ab

145 3917 227 4032 ipso
249 3917 402 4006 fuissent
426 3920 600 4035 occupati
617 3917 764 4024 ,statim
780 3915 941 4033 Aegidio
963 3918 1148 4022 traderet,
1167 3944 1206 4003 et
1224 3917 1318 4002 intra
1334 3920 1431 4034 duos
1457 3947 1600 4004 menses

146 4038 364 4151 proximos,
389 4037 603 4155 compositis
627 4037 737 4121 rebus
769 4035 870 4136 suis,
901 4057 985 4117 tota
1009 4031 1299 4120 Manfredorum
1328 4032 1465 4118 familia
1493 4065 1596 4121 num·

147 4184 263 4288 quam
283 4185 499 4263 reversura,
518 4153 694 4243 Faventia
710 4154 840 4264 eteius
857 4149 991 4238 linibus
1007 4152 1223 4236 excederet.
1253 4157 1397 4237 Interea
1411 4152 1540 4237 obside
1555 4151 1597 4237 li-

144 4269 197 4355 bo
229 4274 320 4358 dato
336 4336 348 4378 ,
363 4274 412 4360 de
438 4273 656 4360 excedendo
688 4272 783 4356 intra
811 4267 1069 4383 praestitutum
1094 4295 1242 4382 tempus
1271 4293 1419 4359 caveret
1444 4299 1455 4352 t
1481 4292 1523 4354 et
1549 4269 1599 4357 ad
1671 4269 1696 4363 *fi

144 4387 250 4475 hunc
268 4392 426 4478 modum
440 4391 618 4479 Faventia
637 4391 677 4474 in
694 4385 840 4503 Aegidii
856 4411 1081 4502 potestatem
1097 4385 1278 4500 pervenit.

110 4550 113 4553 ·
207 4508 354 4592 XXIX.
399 4516 560 4614 ‚merea
590 4539 613 4592 a
641 4505 804 4619 Jordane
833 4501 1022 4619 praefecto
1038 4504 1248 4609 Umbriae,
1277 4527 1317 4589 et
1339 4534 1362 4588 a
1388 4499 1597 4608 bonifacio,

145 4651 261 4737 quem
290 4649 424 4711 contra
438 4630 625 4739 Joannem
638 4622 775 4709 Vicum
802 4624 952 4708 missum
974 4620 1081 4707 fuisse
1107 4623 1469 4723 demonstravimus,
1487 4620 1598 4737 Aegi·

147 4742 213 4827 dio
236 4741 378 4832 litterae
394 4743 620 4853 afferuntur,
636 4765 784 4830 vastato
804 4768 898 4858 agro
914 4744 1155 4843 Cornetano,
1176 4766 1291 4856 atque
1316 4741 1469 4825 obsesso
1491 4739 1599 4854 oppi-

200 4860 388 4947 Tom.lV.
669 4962 674 4973 .
1108 4863 1149 4946 G
1532 4857 1599 4962 do,
