4034 5858
501 409 569 503 308
961 404 1433 481 DEMOCRATES

474 532 512 622 le
528 594 541 639 ,
557 555 597 619 et
618 528 724 618 initio
741 593 753 638 ,
769 557 809 620 et
825 531 882 641 ,si
898 531 1094 620 meministi
1110 596 1122 641 ,
1140 530 1214 646 jam
1240 560 1349 649 saepe
1376 560 1459 616 sum
1477 524 1661 646 professus
1678 593 1687 612 .
1721 533 1828 614 Dan.
1840 526 1926 613 Seio

476 661 575 769 q'uos
603 650 796 766 scrupulos
821 652 920 738 dicas
937 715 949 757 ,
968 653 1225 767 memoriaque
1248 678 1485 767 teneoz‘ego
1510 679 1602 735 vero
1626 649 1674 734 de
1700 645 1924 735 fortitudine

479 797 519 856 et
541 769 844 886 magnanimitate
866 771 981 887 paulo
1006 771 1209 858 accuratius
1233 767 1547 863 edisserensnihil
1574 767 1676 852 aliud
1700 767 1763 883 egi
1779 827 1792 868 ,
1808 794 1923 880 quam

480 912 525 974 ut
550 886 739 973 altioribus
768 887 868 999 jactis
898 886 1183 998 fundamentis,
1207 887 1364 1003 querelis
1394 886 1470 971 istis
1494 885 1708 971 militaribus
1742 879 1923 967 satisr‘ace-

360 1072 363 1078 ,
481 1035 588 1094 rem:
614 1030 657 1090 ut
685 1004 796 1121 igitur
822 1008 991 1121 quaestio
1014 1007 1254 1094 commodius
1285 1005 1484 1122 explicetur
1503 1062 1517 1110 ,
1535 1031 1583 1087 ne
1612 1027 1651 1088 te
1684 1002 1815 1118 pigeat
1830 1059 1844 1107 ,
1859 1000 1922 1086 ob

482 1153 587 1208 secro
603 1184 618 1226 ,
632 1151 740 1237 saepe
756 1184 768 1226 ,
784 1148 828 1207 ur
842 1125 916 1231 ais,
932 1150 1065 1212 testata
1087 1127 1193 1212 brevi
1217 1153 1318 1210 nunc
1348 1123 1519 1208 oratione
1550 1116 1712 1209 referre.
1749 1124 1840 1204 Ars.
1860 1123 1922 1201 Pa·

482 1241 578 1326 ciam
600 1269 693 1326 vero
717 1240 938 1355 perlubens.
968 1242 1080 1328 Miles
1105 1244 1195 1329 mibi
1213 1272 1296 1328 non
1325 1240 1475 1329 videtur
1502 1267 1609 1352 posse
1637 1236 1809 1354 religioni
1825 1235 1922 1322 Chri

484 1360 624 1444 asianae
648 1359 756 1442 simul
778 1383 817 1443 et
832 1356 957 1445 officio
985 1360 1128 1445 militari
1152 1358 1373 1477 quibusdam
1396 1359 1435 1442 in
1462 1356 1551 1440 locis
1576 1353 1808 1440 satisfacere.
1828 1360 1926 1439 Dru.

484 1483 542 1563 At
556 1477 698 1588 Jo'anni
719 1476 907 1591 Baptistae
921 1477 1117 1565 videbatur
1133 1539 1146 1583 ,
1161 1479 1228 1593 qui
1253 1501 1408 1594 rogatus
1435 1505 1457 1558 a
1487 1473 1659 1559 militibus
1676 1536 1689 1580 ‚
1705 1471 1802 1588 quid
1820 1501 1858 1557 se
1876 1468 1926 1556 fa·

295 1618 371 1667 aum
385 1625 409 1673 a·
486 1621 573 1678 oete
597 1617 790 1706 oporteret
805 1652 821 1700 ,
835 1596 1052 1712 respondit:
1078 1598 1271 1682 Neminem
1286 1600 1507 1679 concutiatis
1523 1653 1536 1697 ,
1552 1618 1618 1675 nec
1634 1598 1856 1674 calumniam
1863 1587 1929 1694 fa

486 1719 636 1813 araris,
652 1726 689 1793 et
705 1723 863 1798 nomenti
890 1728 1006 1798 estote
1029 1723 1179 1797 vestris·
1204 1717 1424 1823 stipendiis.
1456 1708 1547 1794 Sed
1557 1708 1691 1824 quibus
1713 1709 1870 1794 tandem
1888 1707 1926 1790 in

296 1827 581 1922 1maed¹m0nt=l0cis
605 1826 643 1912 id
665 1828 737 1913 tibi
760 1858 841 1914 non
867 1859 975 1946 posse
1000 1831 1175 1917 videtur?
1204 1835 1294 1917 An.
1320 1830 1486 1915 Primum
1514 1829 1579 1911 ubi
1594 1832 1797 1912 'certamen
1814 1851 1868 1910 est
1882 1825 1927 1910 de

298 1911 421 1960 bellorum
431 1923 477 1957 mt-

297 1985 356 2078 pp,
373 1970 441 2075 ustie
466 1943 593 2031 alama
607 1975 621 2052 ς
636 1945 726 2060 quia
748 1946 907 2062 gloriam
923 1949 1154 2034 mundanam
1178 1972 1355 2069 appetere
1375 1946 1612 2035 criminosum
1637 1970 1694 2030 est
1719 1943 1931 2028 hominibus

297 2042 737 2168 salililbtcntstimim
762 2067 935 2151 eamdem
959 2067 1100 2152 cunctis
1126 2065 1327 2151 rationibus
1357 2092 1536 2181 quaerere
1553 2126 1567 2168 ,
1582 2062 1632 2147 ad
1661 2062 1814 2147 laudem
1840 2059 1933 2144 mili·

487 2206 615 2267 -tarem
629 2180 825 2293 pertinere
853 2177 1006 2298 putatur
1023 2216 1032 2269 :
1050 2185 1186 2270 deinde
1209 2184 1247 2268 in
1276 2211 1387 2268 causa
1419 2181 1633 2292 iniuriarum
1649 2209 1661 2285 3
1676 2179 1854 2296 quoniam
1878 2177 1933 2260 in

494 2297 602 2411 jurias
631 2298 800 2413 persequi
817 2361 829 2405 ,
845 2325 884 2386 et
908 2301 1073 2388 inimicos
1097 2298 1241 2387 fortiter
1271 2301 1393 2386 ulcisci
1409 2361 1422 2403 ,
1438 2298 1546 2413 quod
1567 2300 1616 2383 ab
1646 2299 1791 2413 optimo
1817 2292 1935 2380 milite

377 2463 380 2477 ι
494 2439 752 2530 exspectatur,
778 2417 942 2503 alienum
978 2444 1033 2505 est
1064 2420 1206 2534 legibus
1234 2418 1475 2503 Christianis.
1508 2422 1643 2531 ltaque
1666 2414 1796 2529 injuria
1819 2411 1935 2527 paulo

495 2534 668 2649 graviore
683 2533 889 2619 lacessitum
912 2536 952 2619 in
976 2536 1163 2652 singulare
1176 2561 1362 2621 certamen
1386 2534 1573 2619 inimicum
1590 2561 1825 2649 provocare,
1841 2531 1935 2646 opti·

495 2651 548 2735 mi
570 2680 609 2736 et
628 2652 797 2766 generosi
828 2652 948 2737 militis
977 2682 1053 2738 esse
1085 2654 1241 2757 diomt3
1272 2651 1470 2737 Christiani
1502 2677 1541 2737 et
1565 2651 1753 2769 religiosi,
1771 2672 1938 2765 negant:

495 2768 710 2881 eodemque
742 2770 862 2854 modo
890 2795 1140 2899 provocatum
1164 2800 1334 2887 pugnam·
1357 2800 1437 2855 non
1464 2767 1697 2875 detrectare,
1717 2767 1823 2884 quod
1852 2795 1940 2880 per·

496 2883 592 2971 tinet
622 2886 671 2970 ad
706 2884 856 2970 laudem
884 2887 1140 2975 lottitudinis.
1180 2895 1280 2974 Dan.
1313 2892 1430 2974 Recte
1460 2912 1504 2972 tu
1534 2888 1719 3002 quidem,
1752 2880 1937 2988 Alfonse,

360 3065 363 3073 .
496 3001 703 3116 paucisque
726 3028 893 3088 veterem
923 3006 1196 3119 querimoniam
1226 3004 1410 3120 explicasti
1427 3037 1441 3089 :v
1458 3004 1699 3120 respondebo
1731 3002 1842 3119 igitur
1874 3029 1941 3085 or-

498 3116 615 3222 dine,
643 3118 671 3204 si
702 3120 801 3234 prius
826 3147 954 3206 tamen
980 3123 1221 3239 explicueris,
1248 3123 1341 3239 quid
1374 3123 1532 3253 gloriam
1559 3123 1794 3207 mundanam
1818 3117 1942 3233 appel

496 3232 580 3320 les.
628 3241 714 3323 An.
749 3239 870 3323 Haud
902 3241 1078 3354 equidem
1110 3270 1223 3346 eam,
1254 3270 1338 3357 qua
1367 3242 1439 3326 lrui
1469 3241 1673 3326 creduntur
1706 3238 1824 3351 irasci,
1856 3265 1938 3322 cum

499 3367 546 3436 ex
573 3351 644 3437 hac
675 3353 752 3440 vita
781 3357 1050 3471 migraverint,
1077 3358 1250 3444 eamdem
1281 3359 1380 3445 enim
1412 3360 1485 3471 jam
1511 3357 1700 3474 gloriam,
1723 3355 1800 3468 jam
1828 3352 1942 3440 beati·

423 3520 427 3525 *
494 3469 793 3577 stammam
812 3473 930 3560 vitam
957 3501 1147 3562 aeternam
1170 3506 1194 3559 a
1217 3476 1303 3563 viris
1329 3475 1503 3593 religiosis
1526 3475 1700 3592 appellari
1715 3472 1835 3559 video
1852 3505 1861 3556 :
1879 3469 1941 3555 scd

306 3584 451 3706 ffissgff?
459 3586 490 3635 ³⁶
499 3587 660 3704 gloriam
682 3590 915 3676 mundanam
940 3594 1089 3710 appello
1105 3655 1117 3699 ,
1134 3623 1233 3708 quae
1257 3593 1428 3678 homines
1449 3593 1587 3680 virtute
1623 3615 1853 3707 praestantes
1877 3619 1944 3673 no·

496 3706 620 3792 -bilitat
647 3707 687 3791 in
714 3707 790 3794 hoc
816 3709 964 3794 mundo
980 3773 992 3816 ,
1009 3737 1046 3797 et
1073 3710 1199 3796 illustri
1224 3712 1378 3796 nomine
1408 3712 1562 3797 decorat
1580 3770 1593 3815 ,
1610 3739 1708 3825 quae
1735 3739 1759 3792 a
1783 3705 1946 3793 nonnul·

425 3879 429 3886 -
499 3821 543 3912 lis
568 3824 674 3909 bona
703 3819 832 3932 fama,
855 3828 906 3912 ab
939 3827 1014 3913 aliis
1045 3828 1175 3914 honor
1201 3828 1314 3914 etiam
1343 3828 1581 3943 appellatur,
1615 3852 1817 3944 pmpterea
1838 3823 1947 3940 quod

498 3940 548 4027 sit
579 3971 662 4054 pars
682 3942 850 4029 'honoris
872 3946 1078 4059 potissima.
1117 3952 1221 4030 Nam
1242 3976 1330 4031 cum
1361 3945 1465 4060 ejus,
1483 3947 1550 4061 qui
1573 3946 1811 4048 honoratur,
1828 3940 1945 4027 excel·

499 4056 635 4144 lentiae
655 4060 915 4177 testimonium
947 4064 1072 4149 honor
1094 4093 1170 4149 esse
1194 4065 1449 4181 intelligatur,
1479 4065 1554 4149 hoc
1587 4063 1754 4160 nullate
1779 4088 1860 4147 tarn
1890 4060 1951 4145 lo..

501 4176 625 4290 cuples
641 4177 855 4265 hominibus
879 4181 1093 4298 contingit,
1111 4212 1226 4296 quam
1254 4182 1446 4268 bonorum
1474 4183 1730 4269 consentiente
1753 4179 1867 4264 laude
1883 4239 1896 4284 ,
1911 4202 1949 4263 et

501 4291 639 4402 judicio
655 4296 703 4382 de
720 4323 930 4410 praestante
958 4301 1121 4405 virtute,
1142 4301 1218 4385 hoc
1234 4325 1315 4406 est,
1335 4299 1453 4417 gloria
1469 4298 1550 4406 ,sic
1576 4300 1676 4386 enim
1701 4300 1796 4384 haec
1826 4328 1851 4381 a
1874 4296 1946 4411 plri-

500 4407 666 4523 losophis
692 4412 893 4500 definitur.
922 4422 1022 4502 Dan.
1040 4423 1136 4501 Rem
1155 4417 1241 4502 dicis
1257 4418 1541 4530 pulcherrimam
1559 4482 1571 4524 ,
1586 4445 1628 4505 et
1639 4447 1757 4534 quam
1775 4445 1855 4533 ego
1873 4441 1950 4500 non

495 4525 672 4613 dubitem
701 4532 830 4615 ceteris
852 4534 1027 4620 omnibus
1053 4536 1210 4621 extemis
1244 4536 1352 4627 bonis
1375 4532 1558 4621 anteferre
1575 4566 1584 4620 ε
1604 4538 1669 4623 sed
1695 4559 1742 4620 tu
1765 4532 1952 4650 quamob

499 4673 580 4731 tem
611 4647 799 4732 existimas,
819 4649 1033 4761 hujusmodi
1063 4652 1203 4770 gloriae
1230 4634 1484 4766 appetentiam
1517 4682 1595 4738 esse
1625 4653 1849 4738 Christianis
1875 4651 1950 4735 ho·

496 4762 660 4873 minibus
691 4766 949 4851 interdictam?
982 4775 1068 4854 Am.
1101 4771 1298 4865 Quoniam
1324 4770 1436 4857 video
1461 4771 1611 4856 inanem
1629 4769 1787 4886 gloriam
1808 4796 1952 4888 magno

498 4907 687 5001 consensu.
698 4913 726 4969 a.
737 4885 869 4971 nostris
884 4885 1112 5001 philosophis
1131 4888 1323 4994 damnari.
1357 4893 1460 4973 Dan.
1483 4889 1604 4995 Quasi
1618 4917 1751 4977 veroa
1771 4886 1952 5018 Christia-

519 5044 520 5047 ‘
1864 5021 1870 5032 ·
1894 5031 1952 5087 rus
