4034 5858
391 387 394 391 ’
490 378 541 453 nt
567 376 726 480 causis
750 374 961 448 occurs.
989 379 1182 453 carum.
1440 405 1504 478 397

88 533 156 597 tan
184 511 284 596 enim
299 532 435 595 natura
451 533 530 589 non
547 502 687 618 patitur
709 528 835 586 rerum
850 496 1113 615 agendarum,
1136 524 1181 587 ut
1208 497 1266 588 lex
1290 498 1418 619 aliqua
1445 505 1529 590 sim·

86 629 171 744 plear
198 653 237 714 et
252 625 509 717 universalisa
533 628 781 737 quocumque
812 617 927 703 etiam
943 619 992 703 ab
1019 618 1098 734 ipsa
1113 644 1249 706 natura
1276 621 1339 707 vel
1361 626 1448 708 Deo
1474 620 1526 710 fe-

84 771 186 831 ratur
202 807 215 852 ,
232 776 333 864 quae
357 743 506 862 singulis
521 739 665 830 eventis
679 763 718 824 et
742 735 951 822 actionibus
974 767 1120 853 semper
1135 738 1185 823 sic
1202 741 1526 852 accommodetur,

82 889 127 950 ut
143 865 235 950 nihil
250 866 417 952 accidere
444 860 586 978 possit,
616 860 655 943 in
680 887 762 973 quo
781 856 915 943 eadem
940 856 1124 943 desideret
1147 856 1303 972 aliquod
1326 884 1449 946 rectae
1470 892 1529 947 ra·

80 983 191 1070 tionis
207 984 453 1071 moderamen
482 1009 548 1067 seu
563 978 945 1092 interpretationem,
974 1005 1045 1061 nec
1074 975 1115 1061 id
1146 974 1273 1062 latoris
1300 975 1433 1093 culpae
1462 982 1527 1069 tri·
1556 1062 1581 1110 ῃ

1584 1073 1625 1111 ato
1641 1060 1666 1110 in
1680 1065 1719 1115 ci·

80 1102 278 1189 buendum
295 1128 373 1209 est,
390 1125 456 1186 aut
470 1096 728 1219 ignorantiae,
754 1094 820 1181 sed
835 1093 903 1209 ipsi
917 1119 1076 1183 naturae
1091 1123 1237 1202 rerum,
1253 1099 1595 1212 quaeralrsest,vi¹1·
1609 1124 1716 1176 utstot·

80 1246 126 1308 ut
141 1221 263 1308 modo
279 1222 535 1326 dicebam,et
549 1215 692 1302 docent
708 1213 1023 1330 philosophorum
1040 1212 1203 1299 maximi.
1574 1185 1595 1234 E

91 1348 93 1350 ’
140 1346 186 1426 ll.
245 1343 360 1439 Quae
385 1367 474 1425 cum
493 1337 545 1425 ita
560 1335 661 1443 sint,
684 1332 813 1451 religio
841 1332 1200 1419 tameuChristiana'
1219 1333 1404 1448 quasdam
1423 1334 1525 1458 leges

78 1455 224 1546 divinas
240 1483 319 1545 tam
341 1486 439 1545 ratas
461 1481 501 1543 et
516 1481 660 1541 sanctas
688 1481 765 1538 esse
780 1449 903 1540 voluit
920 1513 933 1558 ,
949 1476 993 1537 ut
1009 1452 1115 1538 nullo
1131 1481 1318 1568 umquam
1350 1478 1525 1571 tempore
1606 1462 1607 1465 ‘

1598 1186 1642 1234 titi.
1658 1199 1683 1247 5.

77 1576 291 1663 Christiano
308 1577 416 1664 liceat
438 1575 487 1660 ab
508 1574 671 1691 ipsarum
696 1570 833 1686 scripto
858 1569 1046 1657 discedere
1071 1632 1083 1676 ,
1112 1594 1376 1689 praeterquam
1400 1604 1438 1659 ιιι
1463 1576 1525 1683 iis,

75 1723 177 1811 quae
189 1720 313 1782 rectae
340 1694 493 1782 rationis
508 1690 766 1808 interpretatio
783 1690 833 1775 ab
847 1689 996 1776 ecclesia
1015 1688 1164 1805 publice
1186 1690 1260 1802 jam
1276 1717 1456 1808 recepta,
1486 1720 1527 1783 et

72 1814 323 1930 prudentium
364 1843 413 1899 ac-
443 1812 593 1928 piorum
608 1837 811 1898 consensus
827 1808 999 1923 excepit,
1021 1837 1103 1894 non
1118 1809 1147 1894 si
1166 1808 1226 1897 vel
1242 1810 1405 1896 maxima
1420 1842 1526 1900 com·

75 1933 194 2021 moda
210 1959 277 2021 aut
303 1931 548 2019 incommoda
565 1929 710 2046 privata
732 1927 796 2016 vel
819 1927 968 2042 publica
993 1927 1186 2016 adhortari
1211 1927 1413 2016 videantur
1430 1993 1443 2038 ,
1460 1961 1554 2039 seu,

75 2049 233 2139 vicissim
260 2049 479 2154 dehortari,
504 2072 571 2134 aut
586 2047 615 2134 si
637 2049 722 2165 quis
746 2047 854 2132 locus
877 2046 989 2132 etiam
1012 2077 1116 2133 nunc
1140 2075 1217 2134 esse
1246 2072 1372 2163 potest
1400 2048 1528 2140 novae

72 2165 398 2286 interpretationi,
429 2168 480 2254 rei
513 2195 651 2285 genere
668 2195 712 2252 ac
738 2165 1000 2282 magnitudine
1030 2166 1246 2282 postulante
1277 2228 1291 2274 ,
1323 2195 1409 2254 eam
1443 2199 1527 2258 non

74 2285 227 2405 singulis
242 2288 451 2404 quamlibet
467 2286 587 2372 doctis
604 2285 690 2373 viris
706 2283 955 2399 permittitur,
982 2286 1049 2372 sed
1065 2284 1262 2373 universae
1285 2286 1462 2375 ecclesiae
1493 2319 1529 2377 e·

72 2403 182 2519 jusve
212 2403 402 2521 praefecto
418 2403 591 2491 Pontifici
619 2402 784 2488 maximo
803 2427 1024 2490 reservatur.
1058 2408 1146 2489 Hae
1179 2404 1273 2492 vero
1305 2404 1405 2522 leges
1438 2435 1528 2498 sunt

72 2550 274 2641 praecepta
290 2523 367 2638 ipsa
384 2521 554 2640 decalogi
571 2521 672 2607 ineo
686 2521 876 2607 intellectu
893 2583 905 2629 ,
929 2550 1010 2637 quo
1027 2549 1113 2609 sunt
1142 2523 1192 2608 ab
1221 2521 1374 2609 ecclesia
1400 2525 1529 2611 decla·

72 2666 185 2751 rata,
211 2643 387 2760 aquibus
402 2641 508 2731 velut
542 2636 709 2727 fontibus
741 2664 898 2727 manant
923 2640 1087 2756 reliquae
1101 2670 1236 2728 omnes
1263 2642 1380 2756 justae
1396 2641 1527 2762 leges,

71 2788 176 2876 quae
190 2789 315 2848 mores
330 2761 555 2878 attingunt,
585 2783 670 2844 rum
686 2756 900 2874 pontificiae
944 2759 1006 2847 vel
1032 2758 1184 2865 civiles,
1216 2785 1299 2847 tum
1318 2761 1432 2846 etiam
1461 2793 1528 2850 na·

72 2880 211 2967 rurales
228 2943 241 2988 ,
261 2909 357 2998 quas
371 2902 415 2966 ut
430 2876 674 2994 prudentium
691 2876 891 2963 hominum
918 2878 1095 2964 naturalis
1110 2878 1208 2964 ratio
1234 2878 1446 2986 derivavit,
1476 2884 1535 2975 sic¹

72 2999 209 3085 eadem
225 3027 336 3116 saepe
359 2999 399 3084 in
423 2995 601 3086 varietate
629 3025 755 3085 rerum
771 2996 1023 3084 exsistentium
1047 2997 1278 3113 exponendo
1292 2999 1526 3090 moderatur.

70 3116 223 3203 Harum
258 3118 370 3236 igitur
399 3115 651 3232 posteriorum
680 3113 809 3231 legum
833 3114 945 3200 etiam
979 3115 1205 3203 naturalium
1233 3144 1315 3201 non
1340 3146 1385 3202 ea
1406 3118 1462 3205 vis
1486 3147 1525 3209 et

70 3235 272 3322 auctoritas
287 3260 375 3343 est,
402 3260 446 3322 ut
477 3234 619 3352 possint
635 3234 703 3321 aut
734 3232 899 3321 debeant
915 3261 1003 3320 cunr
1019 3233 1085 3320 illis
1106 3230 1178 3321 suis
1207 3234 1313 3350 quasi
1342 3235 1524 3350 capitibus

69 3356 281 3470 comparari
300 3387 310 3441 ι
340 3352 634 3472 quamobrem'si
650 3351 821 3441 venerint
834 3352 873 3438 in
885 3353 1195 3461 contentionem,
1213 3353 1319 3440 nullo
1335 3384 1523 3471 umquam

70 3493 246 3589 tempore
261 3497 317 3561 est
334 3503 356 3559 a
373 3472 536 3589 principe
554 3470 935 3588 legediscedendum.
967 3473 1042 3559 Sed
1057 3473 1086 3558 si
1101 3472 1258 3589 quando
1284 3473 1384 3560 duae
1401 3498 1440 3560 te
1456 3507 1528 3590 po·

69 3591 232 3679 sterioris
246 3591 386 3680 ordinis
402 3591 502 3708 leges
516 3588 566 3674 sic
590 3589 631 3673 in
661 3589 805 3678 diversa
833 3589 1150 3698 distraxerint,ut
1166 3591 1273 3678 simul
1290 3593 1440 3709 utrique
1465 3622 1535 3694 sas

69 3706 238 3796 tisfacere
254 3740 335 3797 non
362 3739 472 3826 posse
495 3706 678 3798 videaris:
707 3734 918 3824 numquam
948 3710 1107 3817 errabis,
1133 3710 1161 3796 si
1187 3735 1324 3828 quote
1355 3740 1522 3827 cumque

68 3826 218 3918 duxerit
247 3855 348 3917 recta
373 3828 498 3933 ratio,
521 3826 598 3911 huc
623 3825 815 3942 sequeris,
841 3829 1016 3945 quamvis
1041 3828 1220 3944 scriptum
1253 3829 1402 3915 alterius
1429 3831 1520 3950 legis

68 3945 242 4036 videatur
258 3949 298 4034 in
314 3949 503 4039 diversum
521 3972 700 4035 revocare
718 3977 728 4030 ι
759 3947 868 4062 quod
883 3944 970 4035 facit
983 3950 1050 4066 qui
1071 3948 1167 4036 celat
1182 3949 1309 4062 potius
1323 3949 1518 4036 occultum

69 4066 159 4150 socii
174 4069 345 4175 crimen,
375 4094 493 4186 quarn
513 4089 643 4180 pareat
658 4062 783 4177 judicis
800 4063 956 4180 imperio
981 4068 1114 4183 injuste
1128 4097 1239 4154 suum
1256 4099 1396 4154 munus
1417 4081 1521 4158 exse·
1530 4149 1612 4199 Rom
1642 4148 1677 4196 m.

68 4185 242 4299 quentis,
263 4187 439 4308 quamvis
454 4182 605 4304 simplici
619 4183 702 4305 lege
716 4183 761 4272 sit
777 4208 955 4297 cautrun,
976 4212 1021 4274 ut
1034 4183 1228 4306 praefectis
1245 4215 1456 4304 pareamus.
1532 4161 1645 4266 rocol.
1673 4174 1713 4210 ‘m
