4006 5850
501 349 573 437 ,ιο
840 351 908 419 ιιι
931 353 983 422 ιιι
967 347 1052 419 ιτιι
1075 347 1214 421 uum.
1237 349 1304 419 ur
1327 346 1523 420 ιιιειιιιε.

480 473 750 577 continentur,
772 475 811 557 ει
826 474 911 558 sunt
926 471 1061 588 partim
1074 471 1143 585 ipsi
1169 497 1325 558 naturae
1339 498 1644 576 consentaneae,
1676 471 1757 555 sine
1772 497 1917 555 summa

482 619 593 675 causa
608 591 919 706 dispensationem
935 620 1015 675 non
1031 614 1275 705 paterentur,
1304 615 1520 705 paterentur
1536 615 1666 676 tamen
1682 585 1915 694 fortassis,
1892 619 1920 673 st

386 747 393 760 ·
484 739 629 794 summa
644 711 835 794 necessitas
857 709 1090 823 postularet,
1117 709 1236 824 qualis
1256 736 1343 792 cum
1370 739 1392 791 a
1417 715 1504 793 Deo
1521 733 1577 794 est
1605 710 1642 792 in
1660 706 1746 820 ipsis
1773 708 1922 819 dispen

484 852 617 913 satum.
654 832 724 911 Fac
739 827 839 912 enim
853 826 1042 912 alluvione
1059 829 1246 931 maxima,
1275 827 1394 941 qualis
1409 831 1498 910 Νοὲ
1523 825 1761 960 temporibus
1775 824 1921 927 accidit,

483 974 601 1060 genus
621 944 831 1030 humanum
850 971 996 1059 praeter
1011 943 1138 1029 1ιιιιεε
1155 971 1194 1030 ει
1210 974 1354 1031 εοιοιεε
1378 942 1576 1058 pontilicis
1595 943 1774 1059 periisse:
1810 971 1914 1057 nega·

486 1065 641 1148 bisne
602 1087 692 1152 tunc
707 1064 812 1147 licere
829 1060 1025 1176 pontifici,
1050 1088 1093 1146 ut
1121 1063 1398 1149 matrimonium
1424 1058 1593 1147 fratribus
1614 1091 1705 1146 cum
1731 1061 1915 1146 sororibus

297 1234 390 1272 sensae
412 1176 459 1329 iq
463 1234 473 1268 t
431 1174 734 1328 er'dispensando
761 1180 1017 1295 permitteret?
1042 1187 1135 1314 'Ego
1163 1210 1256 1266 vero
1273 1181 1376 1265 haud
1405 1180 1508 1285 scio,
1534 1209 1584 1263 an
1614 1206 1709 1264 tunc
1735 1178 1802 1264 vel
1830 1179 1916 1292 patri

296 1341 432 1400 ngr
412 1283 572 1389 Sdsicum
590 1298 691 1402 lilia,
718 1299 778 1386 vel
794 1361 806 1402 ,
824 1300 931 1413 quod
948 1298 1095 1413 gravius
1110 1322 1194 1402 est,
1210 1297 1286 1382 lilio
1301 1326 1388 1382 cum
1407 1324 1525 1382 matre
1541 1295 1827 1382 matrimonium
1843 1325 1917 1409 per-

297 1412 385 1510 ἓὲἕῶῗ·
364 1402 443 1450 99
436 1416 475 1451 ¹¹¹
486 1418 582 1502 mitti
600 1442 755 1532 posset,
782 1419 905 1502 sinon
937 1416 1039 1519 aliter
1056 1441 1180 1531 posset
1206 1445 1324 1532 genus
1347 1415 1557 1500 humanum
1573 1414 1750 1529 reparari.
1782 1419 1840 1499 At
1849 1415 1919 1498 hoc

486 1537 626 1620 malum
643 1561 766 1637 esset,
790 1558 829 1619 ει
845 1515 1033 1618 humanae
1050 1561 1205 1620 naturae
1221 1533 1472 1619 contrarium:
1508 1535 1649 1617 malum
1676 1532 1865 1647 quidem,
1892 1533 1918 1615 si

487 1683 567 1740 non
588 1680 680 1739 esset
700 1651 789 1736 illud
806 1653 927 1736 multo
951 1651 1053 1766 pejus
1076 1679 1114 1738 et
1131 1678 1285 1736 naturae
1301 1651 1564 1767 perniciosius,
1582 1675 1706 1737 totam
1725 1652 1844 1784 ipsam
1857 1678 1926 1732 na-

485 1796 608 1857 turam
625 1773 828 1856 humanam
844 1770 961 1885 perire
982 1772 1088 1883 pati,
1113 1769 1354 1854 inciviliores
1346 1799 1384 1852 m
1409 1799 1458 1853 eo
1474 1770 1583 1854 rebus
1599 1769 1714 1853 etiam
1745 1767 1919 1851 inanima·

488 1890 555 1976 tis:
586 1920 632 1975 ex
659 1890 793 2004 quibus
823 1916 980 2003 graves,
1013 1915 1175 2000 quarum
1201 1912 1255 1972 est
1271 1886 1420 2001 propria
1444 1912 1578 1972 natura
1604 1886 1861 1989 descendere,
1872 1884 1926 1971 ad

489 2037 652 2091 vacuum
697 2004 932 2119 replendum
964 2007 1162 2090 ascendere
1191 2030 1397 2108 notamus,
1437 2027 1476 2089 et
1506 2032 1610 2089 suam
1645 2001 1841 2106 oblivisci,
1877 2025 1918 2087 ut

490 2123 685 2209 communi
712 2147 866 2207 naturae
907 2122 1091 2209 serviant.
1135 2123 1257 2256 Quod
1295 2151 1436 2236 magno
1468 2145 1697 2239 argumento
1727 2145 1819 2224 est,
1848 2123 1916 2204 bo-

491 2269 584 2345 num
610 2243 648 2325 in
674 2241 784 2326 rebus
815 2239 984 2375 cunctis,
1020 2269 1100 2354 quo
1116 2238 1232 2355 magis
1260 2240 1419 2352 pertinet
1449 2241 1499 2324 ad
1528 2268 1717 2324 summam
1752 2236 1913 2352 reipubli-

491 2386 587 2464 cae,
604 2360 677 2444 hoc
693 2356 840 2473 longius
857 2358 965 2442 unius
994 2382 1060 2441 aut
1092 2386 1300 2471 paucorum
1326 2357 1658 2443 commoditatibus
1675 2384 1759 2441 esse
1786 2352 1919 2471 pracfe-

491 2419 650 2562 rendum
668 2475 750 2591 lege
765 2501 933 2560 naturae.
961 2479 1065 2558 Nam
1075 2504 1147 2608 qur
1136 2471 1306 2559 factum
1323 2475 1505 2561 damnant
1521 2472 1678 2558 filiarum
1700 2479 1781 2558 Iot
1796 2535 1808 2578 ,
1825 2502 1918 2588 quae

492 2594 635 2710 generis
663 2592 842 2698 humani,
851 2592 982 2724 'quod
1008 2592 1152 2706 periisse
1184 2593 1398 2725 putabant,
1433 2593 1628 2706 reparandi
1661 2592 1784 2707 gratia
1814 2592 1921 2725 patris

492 2710 712 2796 concubitus
737 2738 803 2823 per
827 2709 904 2821 eius
927 2709 1143 2795 ebrietatem
1170 2708 1477 2824 quaesiverunt,
1505 2709 1832 2794 hicredulitatem
1856 2709 1921 2822 pri·

493 2858 600 2913 mum
616 2826 917 2940 levitatemque
907 2855 1069 2939 tpsarum
1100 2850 1274 2911 accusant
1289 2827 1435 2942 ,quod
1458 2856 1596 2941 parvae
1620 2826 1785 2942 regionis
1814 2853 1928 2943 gente

402 3022 408 3033 ι
494 2944 646 3048 deleta,
675 2972 806 3029 omnes
833 2944 1004 3029 homines
1028 2973 1067 3029 se
1089 2944 1247 3059 exceptis
1278 2946 1471 3030 absumtos
1501 2945 1719 3060 putaverint
1750 2976 1761 3028 :
1790 2945 1923 3029 demde

494 3063 582 3178 quia
607 3062 689 3148 licet
713 3090 843 3149 vetum
860 3087 981 3167 esset,
1004 3061 1111 3175 quod
1133 3063 1347 3175 putabant,
1371 3089 1498 3148 tamen
1521 3092 1602 3147 non
1617 3062 1837 3149 inconsulto
1863 3093 1923 3175 pa·

494 3202 552 3266 tre
574 3180 729 3293 ipsoque
757 3184 845 3264 Deo
867 3178 1067 3293 procedere
1097 3179 1315 3284 debebant,
1347 3209 1428 3293 quo
1460 3205 1615 3265 naturae
1636 3179 1749 3264 simul
1771 3206 1810 3266 et
1839 3180 1925 3265 divi

493 3325 543 3381 na
562 3296 645 3412 lege
662 3297 896 3383 vetabantur.
929 3300 1109 3397 Ceterum
1125 3297 1205 3410 quis
1229 3323 1370 3431 neget,
1403 3304 1478 3382 Iot
1507 3298 1627 3386 virum
1659 3298 1921 3384 sanctissimum

494 3439 533 3500 et
547 3412 905 3527 prudentissimum
896 3442 935 3496 m
960 3413 1072 3498 tantis
1102 3414 1277 3530 angustiis
1295 3443 1423 3529 gersen
1412 3415 1611 3501 humano
1631 3416 1837 3527 pereunti,
1868 3441 1932 3500 ut·.

494 3559 658 3647 cumque
674 3531 862 3638 dabatur,
886 3531 1172 3638 consulturum,
1207 3557 1245 3616 et
1262 3557 1304 3615 ut
1320 3533 1508 3617 liberos
1478 3561 1568 3619 cttra
1593 3557 1793 3646 peccatum
1818 3562 1864 3617 ειι
1885 3531 1928 3616 fr

495 3648 610 3734 liabus
628 3672 862 3761 procrearet,
891 3675 1016 3733 secum
1032 3648 1353 3783 dispensaturum,
1383 3650 1509 3754 idest,
1529 3678 1608 3735 non
1625 3648 1664 3734 id
1679 3674 1848 3754 contra,
1864 3651 1930 3743 ted

495 3766 546 3851 ad
562 3791 715 3850 naturae
730 3766 877 3879 Deique
892 3764 1013 3881 legem
1036 3762 1142 3850 fore
1133 3773 1488 3879 interpretaturum
1477 3835 1484 3849 .
1506 3767 1720 3883 praesertim
1736 3791 1826 3854 cum
1843 3773 1930 3853 Λιι,

495 3883 659 3968 brosium
674 3907 866 3968 auctorem
882 3883 1113 3986 habeamus,
1139 3885 1242 3994 cujus
1258 3913 1303 3968 ea
1320 3887 1434 3971 verba
1451 3915 1538 3971 sum
1562 3885 1603 3969 in
1624 3883 1722 3971 libro
1740 3887 1789 3973 de
1819 3881 1922 3998 parri·

495 4002 640 4085 archis:
670 4003 840 4107 Denique
868 4015 906 4082 et
937 4000 1013 4084 Lot
1039 4011 1164 4084 sancti
1184 3999 1296 4098 filiae
1321 4005 1416 4096 hanc
1440 4032 1592 4087 causam
1612 4008 1841 4109 quaerendae
1861 4020 1928 4110 po

493 4126 683 4204 ueritatis
698 4119 930 4221 habuerunt,
962 4143 1133 4226 tegerus
1159 4118 1334 4217 deficeret
1362 4123 1582 4226 humanum,
1604 4136 1642 4202 et
1673 4126 1760 4205 ideo
1784 4121 1931 4229 publici

495 4245 656 4320 muneris
681 4243 813 4343 gratia
830 4244 1030 4343 privatam
1046 4243 1190 4344 culpam
1208 4246 1447 4345 praetexuit.
1480 4244 1535 4351 Ita
1551 4238 1683 4354 quod
1675 4268 1714 4322 m
1729 4240 1809 4322 boc
1835 4264 1933 4323 statu

406 4400 408 4402 v
492 4380 618 4437 terum
647 4353 706 4438 vel
731 4379 904 4465 appetere
930 4349 1251 4467 flagitiosissimum
1281 4379 1336 4440 est
1369 4382 1408 4441 et
1431 4381 1563 4441 contra
1578 4378 1752 4442 naturam
1787 4415 1804 4460 ,
1831 4356 1906 4442 td
1896 4385 1933 4440 ιιι

492 4471 604 4556 tantis
619 4498 742 4554 rerum
759 4466 1033 4554 difficultatibus
1050 4470 1249 4554 honestum
1280 4498 1373 4559 esset
1394 4501 1434 4559 et
1451 4474 1644 4576 naturale,
1670 4473 1697 4557 si
1734 4502 1830 4562 non
1852 4504 1928 4589 pro

492 4588 571 4702 pria
588 4587 830 4699 privataque,
860 4610 959 4668 certe
980 4587 1125 4699 publica
1142 4612 1300 4671 natura:
1325 4616 1368 4674 ιιι
1380 4592 1515 4704 gravia
1536 4617 1670 4676 contra
1701 4622 1843 4697 suam,
1871 4592 1932 4677 sed

490 4707 541 4791 ad
557 4733 799 4789 communem
816 4727 987 4787 naturam
1005 4734 1137 4818 ,quae
1153 4704 1263 4818 pluris
1278 4732 1356 4811 est,
1381 4711 1621 4812 ascendunt,
1644 4732 1690 4793 ιιι
1716 4740 1812 4797 mox
1846 4709 1934 4798 dixi

489 4853 573 4911 mus
588 4881 602 4930 ,
618 4821 761 4938 nequid
774 4820 918 4909 exsistat
936 4820 1047 4908 inane
1063 4880 1079 4927 ,
1094 4824 1201 4939 quod
1216 4825 1352 4938 respuit
1368 4827 1538 4916 universa
1555 4849 1709 4914 natura.

1834 4952 1932 5037 Por·
