4034 5858
520 373 587 466 386
793 368 860 441 DE
884 367 1107 444 RATIONE
1131 369 1339 443 DICENDI
1362 367 1623 443 TESTIMON.

488 523 545 582 rer
560 494 861 610 interpretantur.
891 496 1014 591 Quod
1031 524 1124 613 ergo
1139 495 1299 581 dubium
1312 520 1370 583 est
1386 555 1398 601 ‚
1416 496 1620 611 quomodo
1636 494 1791 616 intelligi
1809 522 1848 586 et
1874 524 1935 585 ac·

489 613 560 728 cipi
577 614 713 700 debeat
732 616 771 699 in
791 644 932 733 magna
947 614 1213 708 sententiarum
1229 638 1267 700 er
1284 615 1567 702 enarrationum
1578 617 1760 703 varietate
1776 679 1789 723 ,
1803 615 1936 703 hancb-

491 757 662 818 mentum
688 729 898 841 faciemus,
925 763 1006 851 quo
1032 729 1204 820 fulciatur
1221 762 1267 820 ea
1290 732 1504 840 sententia,
1530 763 1647 850 quam
1675 735 1776 820 tueri
1805 737 1937 822 molia-

491 880 575 936 mur
589 875 723 939 contra
747 877 919 964 veterum
946 879 986 940 et
1008 882 1242 938 summorum
1270 851 1541 968 theologorum
1562 854 1853 940 auctoritatem?
1881 861 1936 941 Et

489 970 687 1085 scripturae
700 1001 824 1058 sacrae
840 1000 885 1058 ac
901 971 1148 1088 responsionis
1162 970 1301 1057 Christi
1315 971 1537 1083 mysterium
1553 1031 1568 1078 ,
1583 973 1671 1078 vel,
1688 973 1936 1090 quemadmo-

490 1089 584 1175 dum
600 1090 833 1207 Augustinus
849 1092 928 1197 ait,
958 1115 1231 1177 sacramentum
1250 1148 1265 1196 ‚
1294 1090 1333 1174 in
1348 1089 1452 1202 cujus
1468 1090 1711 1209 intelligentia
1736 1117 1935 1207 tantopere

332 1274 340 1291 ,
391 1282 424 1288 ,γ
488 1207 558 1295 viri
575 1208 776 1296 doctissimi
788 1210 984 1316 laborant,
1003 1209 1112 1297 variis
1129 1208 1252 1296 modis
1276 1209 1590 1323 interpretantes,
1621 1211 1938 1297 sustinebimusin

489 1325 608 1428 vitam
625 1358 870 1415 communem
891 1329 941 1415 ad
973 1327 1177 1443 cujuspiam
1202 1326 1408 1444 quamlibet
1424 1327 1554 1444 magni
1576 1329 1644 1415 viri
1661 1330 1936 1416 enarrationem

433 1502 435 1504 -
489 1443 707 1534 transferre:
743 1476 868 1563 eoque
898 1446 1056 1533 nitentes
1086 1445 1300 1563 quidquam
1330 1471 1465 1532 contra
1498 1474 1579 1532 non
1613 1448 1736 1534 modo
1760 1474 1939 1536 ‘veterum

490 1589 530 1652 et
559 1566 862 1681 gravissimorum
894 1566 1143 1674 doctorum,
1179 1564 1247 1653 sed
1275 1592 1520 1652 communem
1554 1565 1760 1655 hominum
1791 1595 1940 1655 ¹sensum

409 1777 410 1781 p
492 1685 600 1802 quasi
629 1684 753 1805 legem
782 1685 987 1774 inducere?

1019 1922 1261 2010 carun
1319 1882 1434 2007 ru

1087 2156 1353 2245 Summarium.

532 2353 736 2432 Explicantur
745 2354 896 2431 rationes,
906 2371 959 2414 cur
973 2353 1123 2412 sacerdota·
1138 2353 1317 2432 simpliciter
1327 2350 1462 2428 inficiari
1473 2350 1581 2432 liceat,
1594 2373 1667 2434 quae
1681 2348 1902 2434 novtrper'con-

564 2436 748 2515 sessionem:
768 2453 822 2495 non
833 2448 927 2497 autem
941 2437 1047 2512 etquis
1059 2433 1153 2496 aliter
1165 2434 1281 2496 occulta
1291 2436 1416 2495 crimino
1424 2437 1552 2496 noverit.

492 2548 634 2721 Pura.
665 2641 717 2722 Er
732 2636 824 2752 quid
841 2635 1016 2749 prohibet
1036 2634 1173 2720 occulti
1198 2634 1353 2720 criminis
1375 2659 1478 2722 extra
1507 2632 1786 2724 confessionem
1806 2635 1937 2755 cogniti

494 2753 695 2868 simplicem
723 2752 986 2840 inficiationem
1009 2753 1073 2840 tali
1103 2752 1403 2839 Christianorum
1432 2782 1617 2840 consensu
1640 2756 1801 2842 similem
1833 2757 1938 2839 habe·

495 2899 536 2956 re
566 2871 872 2989 intelligentiam
903 2897 948 2958 ut
980 2872 1110 2989 negari
1138 2872 1245 2986 quasi
1272 2870 1440 2986 pluribus
1470 2874 1670 2989 cognitum
1695 2873 1937 2990 intelligatur3

496 3017 535 3074 et
548 3013 744 3106 tamquam
760 2991 1008 3103 respondisset
1022 2989 1222 3094 conscius,
1248 3016 1287 3074 se
1318 2989 1408 3075 nihil
1441 2990 1560 3095 scire,
1585 2993 1695 3107 quod
1723 2991 1877 3107 quidem
1890 2989 1939 3073 in·

497 3106 620 3193 dicare
637 3108 795 3194 debeat?
812 3115 932 3193 Tmo.
947 3107 1052 3192 Nihil
1064 3131 1165 3194 certe
1183 3109 1237 3215 ‚si
1252 3106 1301 3193 de
1316 3108 1392 3194 hoc
1407 3108 1561 3222 perinde
1583 3112 1825 3196 consentiant
1837 3107 1940 3194 Chri·

495 3225 615 3311 riani:
638 3227 704 3313 sed
721 3255 801 3312 non
813 3225 1084 3333 consentiunt,
1105 3254 1175 3311 nec
1193 3255 1260 3341 par
1275 3253 1331 3311 est
1345 3227 1603 3313 consentiendi
1618 3227 1732 3314 ratio.
1746 3233 1851 3312 Pam.
1879 3229 1939 3311 Sa·

497 3343 541 3429 tis
556 3346 821 3451 consentiunt,
852 3374 940 3432 cum
963 3344 1022 3431 lex
1048 3343 1224 3430 omnibus
1258 3345 1417 3457 probata
1434 3344 1485 3429 sic
1513 3345 1640 3458 judicis
1668 3344 1941 3460 simpliciterto

498 3462 619 3577 gantis
634 3464 802 3548 animum
815 3463 1079 3578 interpretatur
1096 3521 1111 3568 ,
1138 3487 1182 3548 ut
1196 3462 1247 3548 de
1263 3491 1344 3548 non
1360 3461 1512 3547 occultis
1538 3462 1657 3550 videri
1683 3463 1825 3549 debeat
1838 3464 1941 3547 inter·

498 3608 657 3697 rogare:
684 3609 783 3697 quae
808 3579 1065 3697 interpretatio
1080 3581 1218 3667 eodem
1242 3581 1321 3694 jure
1345 3579 1555 3695 simpliciter
1581 3580 1845 3696 respondentis
1868 3577 1943 3664 ioh

496 3697 646 3785 ciationi
670 3699 996 3786 accommodatur.
1025 3704 1147 3787 Tuto.
1168 3704 1221 3784 Et
1238 3727 1339 3813 quae
1352 3699 1508 3785 tandem
1526 3698 1585 3785 lex
1615 3697 1743 3811 judicis
1756 3701 1943 3805 animum,

499 3842 567 3904 aut
581 3818 693 3906 talem
703 3818 780 3931 ejus
794 3817 1005 3904 orationem
1020 3816 1304 3933 interpretatur?
1319 3816 1690 3924 Pronlllavidelicet,
1712 3845 1828 3934 quae,
1844 3844 1942 3924 prac-

311 3979 490 4047 mpparfm
503 3936 635 4053 scripta
650 3933 814 4023 formula
828 3938 990 4054 rogandi
1015 3961 1149 4043 testes,
1168 3933 1347 4047 judicibus
1362 3935 1567 4043 interdicit,
1584 3963 1634 4023 ne
1657 3960 1801 4023 temere
1816 3939 1862 4022 de
1876 3934 1944 4018 cri-

310 4047 492 4105 ‘¹³⁸⁰‘¹¹⁵·⁶¹·¹·
503 4056 663 4142 minibus
679 4055 834 4142 occultis
862 4055 1064 4171 inquirant.
1096 4060 1219 4139 Tmo.
1240 4053 1341 4139 Vide
1362 4080 1552 4169 quanmm
1583 4054 1765 4170 opinione
1790 4051 1945 4139 fallaris.

502 4181 579 4261 Iex
594 4176 660 4260 illa·
670 4173 784 4260 docet
801 4174 927 4289 potius
941 4175 1057 4261 verba
1072 4172 1224 4287 judicis,
1241 4172 1377 4288 quibus
1393 4198 1506 4260 testes
1528 4199 1742 4291 rogantur,
1761 4202 1846 4261 non
1872 4201 1951 4259 esse.

503 4294 680 4379 subtiliter
694 4293 1001 4408 interpretanda,
1030 4292 1096 4378 sed
1111 4292 1264 4406 perinde
1284 4316 1327 4377 ut
1342 4317 1510 4396 sonant,
1534 4318 1575 4387 et
1602 4295 1816 4381 senmdum
1846 4321 1943 4379 com·

504 4439 660 4495 munem
675 4410 954 4527 intelligentiam
969 4410 1210 4528 accipienda3
1238 4410 1333 4498 dum
1347 4409 1398 4495 sic
1419 4407 1622 4499 formulam
1650 4412 1869 4528 praesmibit
1883 4441 1942 4497 ro-

500 4529 616 4645 gandi
631 4552 769 4634 testes,
797 4553 841 4614 ut
858 4529 1012 4644 explicet
1033 4528 1271 4616 occultorum
1298 4528 1496 4615 criminum
1521 4533 1820 4647 exceptionem:
1851 4557 1943 4648 quac

498 4647 907 4763 supervacaneavideri
927 4671 1104 4761 poterat,
1133 4648 1160 4734 si
1175 4646 1339 4764 legitima
1353 4673 1449 4734 esser
1464 4649 1545 4736 talis
1562 4650 1846 4765 interpretatio.
1877 4655 1944 4734 Ista

497 4765 610 4883 igitur
626 4768 689 4854 lex·
707 4766 773 4851 tibi
788 4764 878 4850 nihil
905 4762 1153 4883 suffragatur:
1181 4794 1225 4851 ac
1241 4767 1372 4853 obstat
1380 4767 1506 4882 potius
1523 4830 1536 4875 ‚
1564 4768 1630 4854 nisi
1648 4769 1821 4885 siquam
1837 4768 1946 4855 aliam

494 4884 635 4995 habes,
663 4914 782 5005 quam
809 4883 954 4973 nullam
977 4913 1053 4971 esse
1069 4914 1154 4974 reor
1169 4884 1298 5002 ,cujus
1325 4887 1548 4986 auctoritate
1574 4886 1701 5005 justius
1718 4888 1946 5008 interpreta-

1722 5075 1726 5082 -
1869 5034 1943 5098 no·
