4034 5858
501 373 582 466 ,366
871 369 943 440 vDE
967 371 1120 440 BELLO
1143 368 1352 442 CONTRA
1373 367 1570 442 TURCAS

491 491 690 610 pulsasse,
737 497 799 583 sed
823 488 963 581 bellum
988 493 1100 578 etiam
1133 493 1325 578 intulisse?
1358 492 1601 607 Justissimam
1634 492 1859 578 arbitrantes
1887 520 1941 577 ex·

492 558 753 749 peditionein,
778 641 1041 748 quaecumque
1058 613 1095 696 in
1121 612 1273 746 impios·
1272 636 1311 696 et
1335 639 1468 699 aveto
1494 612 1567 697 Dei
1598 613 1704 698 cultu
1736 613 1942 697 abhorren-

479 755 549 816 -tes
564 733 816 848 susciperetur.
849 733 950 816 Hinc
974 732 1075 816 enim
1092 731 1210 816 clarus
1238 729 1393 819 virtute
1392 761 1437 816 ac
1463 731 1657 817 sanctitate
1678 734 1838 869 ]οςιιι,
1860 730 1943 816 hinc

492 851 701 965 complures
715 915 727 958 ,
743 884 811 968 qur
799 851 983 966 Judiees
992 851 1117 936 vocati
1134 874 1253 954 sunt,
1271 849 1360 934 hinc
1390 856 1540 966 Regum
1557 850 1690 966 optimi
1707 850 1853 985 quique
1867 879 1936 936 no

480 968 642 1056 -bilitatiz
663 1001 829 1087 quorum
852 968 943 1055 ⁴Saul
958 969 1101 1055 tamdiu
1117 975 1200 1055 Rex
1227 968 1392 1083 optimus
1415 975 1580 1084 Deoque
1596 968 1864 1104 acceptissimus
1882 995 1941 1055 est

490 1087 640 1175 habitus
657 1151 670 1196 ,
686 1089 869 1207 quamdiu
885 1117 972 1173 cum
988 1089 1105 1203 imptis
1131 1089 1365 1201 Judaeotum
1395 1089 1564 1175 hostibus
1588 1089 1771 1174 acerrime
1798 1118 1934 1205 pugna-

479 1207 573 1312 -vit,
598 1233 690 1294 tunc
718 1229 811 1297 uero
833 1237 953 1324 regno
971 1207 1096 1322 pulsus
1118 1207 1273 1341 jubente
1296 1211 1416 1313 Deo,
1446 1235 1535 1292 cum
1563 1236 1697 1322 patum
1724 1236 1855 1294 severe
1868 1234 1936 1293 tta·

476 1352 623 1412 *crasset
640 1330 757 1445 Agag
772 1334 916 1462 Regem
936 1326 1142 1431 Amalech,
1168 1324 1228 1410 cui
1243 1323 1382 1411 civitati
1371 1325 1535 1441 ,quod
1566 1326 1838 1412 excedentibus
1867 1328 1938 1412 Ae·

491 1469 616 1559 gypto
644 1448 795 1559 Judaeis
811 1444 1042 1532 obstitisset
1033 1474 1071 1528 ιιι
1103 1445 1190 1549 via,
1218 1443 1359 1528 crimini
1389 1446 1579 1549 dabatur3
1607 1475 1849 1561 quamquam
1877 1475 1940 1560 po·

480 1564 623 1676 pulum
639 1565 852 1651 universum
880 1564 966 1651 ad
957 1565 1249 1649 internecionem
1266 1563 1484 1670 cecidisset,
1510 1588 1548 1650 et
1580 1569 1727 1680 Regem
1751 1563 1939 1679 captivum

493 1682 664 1770 durium.
696 1690 798 1770 Nam
814 1682 942 1770 David
958 1684 1160 1768 maximum
1177 1707 1216 1768 et
1242 1686 1388 1799 Regem
1404 1709 1443 1769 et
1459 1676 1690 1799 Prophetam
1706 1741 1721 1789 ,
1742 1710 1860 1769 nemo
1875 1706 1939 1789 est,

491 1802 557 1916 qui
574 1803 709 1888 nesciat
735 1806 787 1889 ob
801 1802 990 1920 egregiam
1009 1803 1184 1890 virtutem
1199 1830 1348 1916 ,quam
1362 1803 1540 1890 adversus
1556 1801 1804 1888 Philisthaeos
1821 1827 1860 1888 et
1886 1830 1940 1888 ct·

491 1945 592 2005 teros
615 1951 725 2007 verae
742 1922 926 2038 religionis
951 1922 1076 2006 hostes
1092 1864 1270 2005 dimicans
1302 1921 1535 2025 ostentavit,
1565 1949 1587 2005 e
1617 1945 1773 2037 pastore
1805 1917 1941 2006 factum

493 2066 570 2123 esse
585 2043 758 2156 Regem,
787 2065 825 2125 et
841 2039 880 2122 ιιι
907 2038 1024 2125 Saulis
1040 2039 1128 2124 loco
1143 2039 1418 2156 subrogatum,
1448 2064 1633 2154 tantoque
1659 2040 1791 2126 ceteris
1805 2064 1848 2125 ct
1864 2067 1942 2124 san-

493 2155 649 2241 ctiorem
666 2183 706 2243 et
728 2157 919 2243 clariorem
937 2156 1108 2242 habitum
1126 2215 1140 2262 ,
1166 2184 1313 2273 quanto
1343 2157 1465 2273 plures
1489 2158 1662 2246 victorias
1695 2159 1743 2244 de
1771 2157 1941 2243 hostibus

494 2274 700 2362 retulisset:
732 2294 774 2363 ut
798 2276 937 2389 Judam
970 2276 1248 2361 Machabaeum
1263 2277 1507 2389 ,Jonatham
1535 2302 1574 2363 et
1604 2276 1829 2363 Eleazantm
1840 2303 1943 2362 oete·

497 2422 637 2510 rosque
663 2395 847 2481 israelitici
863 2394 993 2510 populi
1024 2394 1269 2480 sanctissimos
1285 2423 1329 2478 ae
1358 2395 1602 2481 nobilissimos
1629 2395 1746 2482 duces
1761 2395 1941 2502 omittam,

382 2611 387 2624 ι
493 2543 592 2628 quos
609 2515 722 2602 tradit
750 2514 928 2629 scriptura
942 2512 1097 2617 divina,
1131 2513 1270 2598 nullam
1289 2543 1473 2629 umquam
1500 2519 1588 2599 Deo
1615 2515 1736 2632 magis
1752 2537 1939 2629 acceptam

484 2659 671 2718 ¹mactasse
689 2633 908 2737 victimam,
937 2660 1052 2746 quam
1070 2659 1157 2716 cum
1182 2632 1307 2718 hostes
1332 2661 1421 2717 suae
1436 2632 1621 2764 religionis
1644 2633 1939 2748 quamplurimos

485 2749 742 2856 occidissent,
763 2752 859 2837 duce
875 2754 962 2834 Deo
980 2749 1112 2867 ,qui,
1136 2752 1245 2864 quod
1273 2779 1344 2836 suo
1362 2749 1531 2865 populo
1523 2776 1615 2862 Juste
1642 2751 1800 2839 bellanti
1816 2751 1943 2837 vindex

496 2897 641 2986 semper
657 2812 887 2989 adiutorque
904 2812 1000 2959 adsit
1017 2931 1030 2977 ,
1045 2870 1171 2952 Deus
1187 2877 1331 2956 exercit
1332 2898 1415 2953 uum
1432 2869 1471 2956 ιιι
1487 2869 1593 2957 saeris
1608 2870 1866 2957 monumentis
1876 2899 1942 2957 vo

487 2987 643 3075 vcitatur.

489 3111 640 3195 XII.
698 3114 817 3197 Porto
834 3110 1076 3225 Principum
1067 3110 1254 3225 tmperi0,
1288 3136 1331 3198 ut
1362 3109 1491 3196 ceteris
1515 3109 1554 3195 in
1582 3113 1728 3215 rebus,
1753 3111 1802 3196 sic
1828 3105 1920 3196 vel
1910 3135 1943 3191 ιιι

496 3224 620 3339 primis
636 3229 673 3314 in
689 3228 814 3316 bello
806 3255 898 3341 Juste
920 3227 1089 3362 gerendo
1106 3229 1339 3316 Christianos
1353 3231 1615 3345 obtemperare
1630 3225 1685 3314 fas
1700 3258 1804 3364 esse,
1821 3249 1942 3312 auctor

489 3370 554 3430 est
582 3350 711 3433 Petrus
728 3349 999 3463 Apostolorum
1018 3347 1216 3462 princeps,
1243 3347 1309 3462 qui
1337 3343 1439 3457 lRegi
1468 3376 1597 3462 parere
1624 3349 1816 3465 praecepit
1842 3353 1944 3452 quasi

490 3473 815 3573 praeexcellenti:
848 3470 1003 3551 ducibus
1026 3472 1214 3574 tamquam
1242 3494 1267 3549 a
1293 3469 1378 3551 Deo
1395 3474 1523 3549 missis
1539 3471 1592 3550 ad
1604 3471 1819 3551 vindictam
1842 3470 1947 3546 malc-

484 3581 682 3722 fractorum
699 3602 736 3670 et
763 3588 937 3671 bonorum
963 3587 1132 3669 laudem:
1162 3610 1201 3671 et
1230 3585 1371 3671 Paulus
1404 3585 1541 3670 doctor
1570 3586 1770 3703 gentium:
1809 3585 1947 3687 Omnis,

302 3709 480 3829 ᾗιξιξῇιῐῦ·
497 3703 647 3818 inquit,
666 3713 790 3788 anima
809 3705 1166 3816 potestatibusl
1079 3705 1166 3788 subl
1163 3706 1359 3789 imiort'bus
1373 3699 1526 3790 subdita
1541 3714 1622 3788 sit.
1662 3706 1756 3788 Non
1780 3720 1842 3788 est
1858 3711 1947 3785 enim

491 3838 664 3931 potestas
682 3833 757 3908 nisi
784 3826 956 3929 aDeo,
981 3847 1020 3908 et
1045 3822 1230 3908 admonet
1259 3829 1342 3907 illos
1365 3825 1608 3934 principibus
1634 3839 1674 3908 et
1695 3823 1947 3932 potestatibus

497 3942 665 4030 subditos
693 3970 797 4078 esse,
829 3947 931 4027 dicto
942 3882 1108 4026 ’‘obedirc
1126 3957 1326 4050 ,paratos
1354 3968 1435 4026 esse
1465 3946 1520 4026 ιιιΙ
1548 3943 1805 4028 omnebonum
1840 3958 1948 4048 opus.

496 4063 637 4198 Neque
670 4062 769 4146 enim
787 4061 908 4147 minus
927 4057 1093 4146 officium
1124 4003 1278 4146 inilitare
1293 4061 1461 4197 Regibus
1483 4061 1659 4175 praestari
1687 4061 1840 4148 debera
1866 4058 1950 4163 suis,

418 4187 612 4293 'quam
628 4180 810 4268 tributum
828 4243 841 4288 ,
857 4181 968 4297 quod
980 4179 1150 4265 Christus
1165 4204 1204 4265 et
1222 4178 1406 4267 Paulus
1375 4208 1426 4266 ers
1441 4179 1668 4294 suppeditati
1683 4179 1818 4291 jubet:
1846 4178 1951 4312 quod

333 4270 444 4422 {Jahn
431 4326 470 4360 2²·
494 4320 624 4387 tamen
641 4295 850 4385 officium
825 4328 874 4386 stc
890 4300 1113 4387 obeundum
1128 4322 1209 4404 cst,
1234 4323 1279 4384 ut
1294 4298 1407 4384 ah
1359 4299 1496 4411 injuriis
1511 4326 1551 4384 ct
1577 4296 1788 4384 maleficio
1778 4328 1820 4383 tn
1839 4297 1951 4382 sou'os

336 4432 377 4482 ⁴¹⁴³
391 4431 436 4483 ³⁸1
445 4445 468 4491 ³
496 4441 535 4502 ct
552 4442 703 4531 pacatos
720 4419 947 4504 abstineatur
964 4481 976 4524 ,
1004 4443 1205 4533 praecepto
1230 4419 1388 4531 Joannis
1404 4417 1593 4534 Baptistae
1610 4480 1622 4523 ,
1655 4417 1754 4532 qui,
1782 4442 1831 4502 ut
1848 4416 1951 4503 estin

495 4535 722 4652 evangelio,
745 4536 902 4621 militurn
933 4534 1080 4644 ordini,
1111 4537 1205 4652 quid
1248 4567 1286 4624 se
1311 4532 1432 4623 facere
1459 4560 1679 4651 oporteret,
1712 4535 1947 4639 consulenti,

347 4669 444 4738 tva-a
493 4655 659 4742 militiam
692 4655 840 4744 civilem
871 4599 1151 4856 legitimamque
1182 4658 1389 4770 probans,
1421 4655 1471 4742 sic
1503 4653 1723 4772 respondit:
1755 4656 1951 4738 Neminem

492 4783 739 4879 concutiatis,
779 4800 890 4882 neque
907 4781 1126 4859 calumniam
1140 4773 1341 4880 famatis,
1372 4791 1411 4859 et
1426 4785 1587 4862 conteuti
1603 4790 1718 4859 estote
1749 4777 1953 4886 stipendiis

302 3412 484 3476 Epi-matres.

490 4903 649 4981 vestris.
682 4897 794 4998 Haec
810 4923 900 4995 cum
916 4893 967 4980 ita
983 4892 1081 5002 sint,
1117 4894 1380 5009 sapientissime
1408 4899 1615 5013 Imperator
1632 4957 1645 5002 ,
1664 4917 1830 5010 potesne
1847 4892 1954 4982 dubi·

1897 5034 1951 5096 ta·
