4034 5858
503 397 584 489 ,ta
978 385 1435 463 Demochares

482 520 611 612 Orsua
638 510 821 631 patrueles
838 506 995 615 fratres,
1013 510 1082 597 viri
1104 512 1259 598 illustres
1275 573 1288 618 ,
1303 507 1666 626 deprincipatulbis
1686 508 1847 599 civitatis
1862 543 1937 601 am·

480 635 672 751 bigent'es.
708 636 811 714 Nam
838 659 926 715 cum
954 630 1075 716 verbis
1102 630 1307 746 disceptare
1323 629 1445 744 Scipio
1461 627 1575 717 vellet
1592 690 1604 735 ,
1622 659 1668 714 ac
1696 633 1828 718 sedare
1857 633 1935 740 iras,

482 775 720 869 negaverunt
750 750 866 833 ambo
883 810 895 853 ,
912 747 1027 832 alium
1057 778 1096 834 se
1127 755 1300 835 Deorum
1324 749 1602 854 hominumve,
1619 779 1738 866 quarn
1774 753 1937 838 Martem

482 869 645 984 judicem
671 867 892 953 habituros.
925 872 1057 982 ltaque
1089 869 1137 954 ab
1161 866 1336 982 Hispanis
1365 867 1416 954 ad
1444 864 1557 953 ltalos
1582 892 1622 952 et
1644 873 1819 954 Graecos
1845 871 1937 956 haec

482 987 679 1106 pugnandi
693 986 933 1073 consuetudo
955 983 1074 1072 videri
1095 986 1245 1102 poterat
1262 988 1348 1101 post
1368 983 1632 1071 labefacutun
1659 987 1858 1102 imperium
1871 989 1938 1073 tei-

482 1110 655 1220 publicae
670 1111 869 1191 Romanae
897 1106 1164 1220 permanasse,
1184 1105 1252 1190 nisi
1268 1103 1428 1190 Carolus
1444 1104 1562 1218 Pipini
1588 1100 1682 1190 lilius
1705 1111 1936 1194 Francorum

482 1229 593 1333 Rex,
611 1252 650 1310 et
673 1224 775 1310 idem
806 1228 1071 1310 Romanorum
1100 1231 1334 1341 Imperator,
1351 1223 1435 1341 lege
1450 1221 1709 1339 Longobatda
1741 1253 1933 1341 nuncupa·

482 1367 553 1450 ta,
573 1344 723 1430 etitem
739 1343 850 1428 Otho
866 1347 1072 1455 Imperator
1088 1401 1100 1447 ,
1118 1370 1163 1427 ac
1183 1343 1273 1428 Rex
1299 1340 1425 1428 ltaliae
1447 1366 1525 1426 tam
1548 1341 1668 1457 longo
1693 1366 1785 1455 post
1798 1342 1935 1458 Scipio

480 1489 571 1546 nem
600 1490 772 1576 tempore
797 1459 1026 1566 sanxissent,
1055 1485 1100 1546 ut
1127 1457 1318 1576 quaedam
1346 1487 1480 1545 causae
1510 1458 1585 1545 hoc
1611 1486 1752 1575 genere
1786 1491 1936 1578 pugnae

480 1580 637 1664 testibus
669 1609 749 1663 non
780 1578 1064 1692 suppetentibus
1094 1576 1413 1692 dijudicarentur.
1444 1578 1596 1674 Quibus
1627 1602 1758 1663 tamen
1791 1581 1935 1696 legibus

482 1697 684 1813 antiquatis
709 1696 788 1809 jure
811 1694 1008 1811 pontificio
1025 1756 1038 1802 ,
1056 1694 1253 1814 tamquam
1279 1693 1504 1787 immanibus
1529 1720 1569 1782 et
1593 1694 1661 1808 juri
1678 1695 1816 1782 divino
1848 1727 1936 1785 con·

483 1817 628 1923 trariis,
644 1816 884 1902 consuetudo
909 1812 1014 1900 omni
1037 1816 1276 1932 philosophia
1298 1841 1339 1902 et
1362 1842 1465 1902 recta
1493 1813 1637 1900 ratione
1655 1813 1841 1901 damnata
1855 1846 1933 1930 pet·

482 1961 629 2022 severat
653 1934 750 2020 inter
779 1932 909 2019 milites
929 1934 1143 2047 praesertim
1171 1934 1285 2020 Italos
1300 1994 1313 2039 ,
1329 1931 1520 2049 Hispanos
1534 1958 1574 2019 et
1589 1937 1761 2019 Graecos
1777 1996 1789 2039 ,
1806 1964 1937 2020 aemu-

481 2049 630 2138 lationis
661 2053 722 2139 vel
749 2050 965 2162 injuriatum
994 2079 1105 2138 causa
1130 2051 1383 2139 decernendi:
1414 2081 1515 2167 quae
1549 2049 1703 2137 rationis
1731 2076 1771 2137 et
1802 2053 1940 2137 huma·

482 2167 608 2255 saltatis
631 2169 827 2254 minimum
846 2230 858 2274 ,
875 2169 1092 2257 ambitiosae
1115 2167 1265 2257 feritatis
1291 2167 1494 2286 plurimum
1510 2164 1656 2255 habet.
1684 2172 1942 2256 laterculos

482 2288 608 2392 enim,
625 2287 867 2394 Pannonios,
885 2287 1110 2394 Britannos,
1125 2282 1343 2379 Germanos
1357 2314 1575 2402 ceterasque
1589 2283 1854 2401 Septemtrioni
1869 2291 1940 2375 ad·

482 2402 643 2519 jacentes
672 2407 872 2512 nationes,
896 2405 1120 2492 rarissimum
1149 2433 1207 2493 est
1239 2406 1327 2492 talia
1356 2407 1559 2491 certamina
1588 2432 1753 2521 spectare
1770 2468 1783 2510 ,
1798 2435 1939 2520 quam·

480 2534 600 2639 quam
632 2524 704 2610 sint
736 2524 902 2639 alioquin
933 2525 1065 2640 gentes
1096 2520 1370 2628 ferocissimae,
1403 2547 1444 2608 et
1472 2521 1578 2607 lac'ile
1609 2528 1773 2609 mortem
1803 2551 1941 2612 conte·

483 2666 655 2728 mnentes
671 2704 684 2748 ,
701 2643 834 2727 scilicet
859 2642 1043 2757 quoniam
1069 2639 1125 2727 his
1152 2664 1287 2729 natura
1315 2640 1589 2727 inimicitiarum
1618 2641 1835 2756 irarumque
1862 2675 1941 2730 mo·

483 2760 578 2846 dum
608 2760 796 2874 imponit.
824 2764 909 2844 Nos
923 2757 1020 2875 ,qui
1043 2757 1172 2845 ceteris
1202 2757 1423 2846 mortalibus
1452 2757 1693 2846 humaniores
1708 2790 1785 2846 esse
1799 2761 1939 2877 gloria·

484 2907 570 2964 mur
585 2941 598 2985 ,
614 2879 764 2965 easdem
789 2906 898 2995 saepe
925 2877 1047 2993 pravis
1066 2876 1309 2995 opinionibus
1336 2875 1468 2964 alimus
1483 2940 1496 2985 ,
1513 2910 1540 2963 a
1557 2876 1711 2966 levitate
1729 2941 1741 2984 ,
1756 2878 1782 2964 si
1796 2907 1936 2966 verum

484 2997 697 3112 quaerimus
713 3057 726 3103 ,
742 2996 1022 3113 ambitioneque
1052 2993 1252 3112 profectis.
1285 2999 1404 3112 Saepe
1427 2999 1596 3115 namque
1622 3027 1754 3084 sumus
1785 2996 1839 3084 ad
1871 3026 1942 3084 no·

486 3139 580 3203 stras
606 3115 851 3202 contumelias
874 3115 1086 3234 ingeniosi.

545 3236 729 3320 XXXVI.
788 3234 919 3330 Quam
950 3231 1227 3349 perversitatem
1252 3230 1437 3321 damnans
1454 3232 1645 3321 Gonsalus
1670 3232 1729 3318 ille
1745 3236 1938 3351 Magnus,

486 3379 603 3467 quem
636 3381 711 3469 ego
742 3382 871 3467 parem
892 3352 1046 3438 summis
1074 3353 1253 3468 cujusque
1281 3353 1487 3439 memoriae
1517 3351 1605 3439 viris
1636 3382 1784 3465 semper
1820 3353 1941 3439 caristi-

487 3469 588 3556 'mavi
604 3529 617 3575 ,
634 3470 754 3556 dicere
787 3468 956 3575 solebat,
980 3495 1126 3554 stamen
1148 3468 1302 3557 honoris
1319 3496 1513 3589 generoso
1540 3468 1644 3555 militi
1677 3467 1835 3557 crassius
1866 3499 1941 3557 esse

486 3588 657 3674 nendum
685 3620 694 3673 :
723 3587 864 3674 docens
896 3587 1067 3674 videlicet
1094 3588 1209 3704 paulo
1237 3587 1456 3676 duriuscula
1488 3587 1762 3693 translatione,
1796 3588 1942 3704 siquid

487 3703 527 3789 in
556 3735 627 3792 nos
666 3705 810 3791 dictum
839 3702 951 3790 fuerit
964 3766 977 3811 ,
992 3703 1076 3791 'aut'
1102 3703 1244 3792 factum
1269 3702 1392 3824 ‘paulo
1418 3705 1566 3793 liberius
1596 3706 1664 3794 =trel
1690 3709 1943 3795 contumelio·

488 3821 561 3907 sius
577 3885 589 3928 ,
607 3824 646 3909 id
674 3852 855 3909 essenon
880 3851 1006 3908 amare
1030 3825 1265 3940 querimonia
1294 3825 1513 3942 ingeniosa,
1543 3825 1609 3912 sed
1632 3853 1785 3931 crassa,
1810 3854 1857 3911 ut
1884 3827 1945 3912 di·

489 3939 617 4046 citur,
643 3942 821 4029 Minerva
836 3942 1035 4056 „humane
1051 4003 1065 4046 ,
1082 3967 1121 4028 et
1151 3969 1339 4060 quantum
1369 3974 1426 4031 res
1458 3942 1599 4060 patitur
1629 4005 1641 4050 ,
1672 3943 1943 4032 dissimulanter

488 4058 838 4172 interpretandum:
865 4088 915 4146 ne
939 4059 1083 4147 levibus
1115 4089 1161 4146 ex
1190 4063 1307 4148 causis
1336 4085 1478 4149 temere
1508 4063 1559 4148 ad
1588 4061 1759 4178 capitalia
1780 4062 1944 4169 dissidia,

489 4201 528 4264 ct
553 4176 640 4262 talia
664 4178 868 4264 certamina
895 4178 1206 4295 progrediamur:
1231 4208 1332 4301 quae
1368 4179 1502 4287 facile,
1526 4209 1598 4267 nec
1623 4182 1702 4267 sine
1734 4180 1945 4298 principum

491 4322 629 4409 magna
660 4297 771 4411 culpa
802 4295 858 4381 his
885 4297 1117 4412 temporibus
1134 4300 1204 4405 ,in
1236 4298 1339 4387 ltalia
1368 4299 1612 4417 praesertim,
1641 4301 1944 4417 permittuntur,

439 4425 442 4431 ’
490 4436 635 4524 praeter
660 4438 854 4520 veterem,
873 4442 917 4501 ut
946 4416 1050 4523 dixi,
1080 4421 1317 4506 Graecorum
1346 4446 1387 4506 et
1416 4426 1682 4507 Romanorum
1713 4419 1944 4536 disciplinam

491 4528 715 4617 militatem:
741 4561 806 4645 per
834 4561 951 4647 quam
981 4535 1074 4621 olim
1104 4565 1314 4652 provocare
1345 4537 1480 4625 licebat
1511 4568 1557 4625 ex
1584 4537 1755 4625 hostibus
1782 4541 1943 4656 aliquem

489 4647 541 4733 ad
563 4648 786 4765 singularem
802 4679 995 4767 pugnam,
1013 4678 1052 4740 et
1069 4679 1236 4774 utroque
1260 4657 1423 4744 exercitu
1444 4651 1635 4771 spectante
1652 4685 1851 4772 superare,
1867 4654 1943 4773 pul·

490 4765 715 4853 cherrimum
741 4768 1022 4887 gloriosumque
1036 4771 1271 4861 habebatur.
1303 4774 1361 4860 Sic
1385 4766 1433 4862 in
1449 4776 1550 4862 bello
1565 4776 1737 4888 Trojano
1755 4778 1859 4863 Paris
1883 4803 1946 4891 pu·

493 4886 628 5000 gnavit
648 4915 737 4977 cum
753 4888 962 5009 Menelao,
977 4893 1228 4994 Hectoreum
1245 4892 1360 4988 Aiace
1375 4956 1391 5018 ,
1405 4896 1649 5030 iuThcbano
1664 4896 1843 4987 Eteocles
1858 4920 1946 5104 epm

1901 5039 1943 5098 o·
