4034 5858
504 355 569 467 ,aa
840 355 907 425 oa
931 353 1083 425 nasto
1105 354 1314 426 CONTRA
1340 349 1533 426 roncas

477 486 697 599 Aegypurm
714 499 752 568 e't
767 486 933 569 Pontum
949 482 1105 595 parebat
1122 543 1135 584 ,
1152 481 1355 568 exercitum
1372 481 1636 597 quinquennio
1665 500 1935 599 comparatum

477 603 798 720 septingentorum
817 601 970 688 millium
984 601 1032 686 de
1042 630 1176 718 regno,
1190 602 1238 687 de
1254 600 1485 687 auxiliaribus
1497 625 1755 689 trecentorum
1777 601 1933 689 millium

479 746 722 826 armatorum,
738 751 784 807 ex
796 721 834 805 iis
852 720 1021 804 videlicet
1039 720 1224 837 gentibus,
1237 719 1438 835 exquibus
1449 720 1650 836 plurimum
1663 738 1818 806 constat
1835 749 1935 806 nunc

284 832 463 940 ξ’ξίξζξωλξξῖ
478 845 686 925 Turcarum
700 839 877 926 exercitus
896 899 908 942 ,
935 839 972 922 in
988 838 1186 925 Graeciam
1204 838 1411 955 traiecisse,
1430 870 1531 954 quae
1548 869 1628 935 non
1654 840 1848 926 immerito
1872 841 1931 931 vix

283 964 374 999 llol'uss'l
382 963 466 999 exem-

284 985 627 1069 1,1..,„,.„,„rantum
644 958 857 1045 mortalium
876 987 1076 1045 numerum
1101 956 1257 1042 flumina
1278 987 1355 1073 rpsa
1384 984 1583 1046 siccantem
1607 988 1741 1074 capere
1775 960 1930 1074 potuisse

286 1085 375 1120 dorum
392 1084 462 1119 exer·

286 1131 364 1179 cim„
387 1132 463 1181 Μή,
479 1074 606 1170 ienur.
624 1079 744 1192 Cuius
767 1077 879 1194 Regis
895 1102 1001 1162 tanta
1026 1074 1136 1163 suerit
1154 1076 1259 1161 initio
1280 1078 1449 1190 superbia
1464 1078 1676 1193 viriumque
1697 1077 1863 1182 fiducia,
1886 1103 1928 1165 ut

283 1192 466 1303 'lfglffiffd
479 1199 584 1315 quasi
602 1225 757 1285 naturae
774 1196 950 1284 dominus
967 1222 1116 1282 montes
1128 1195 1319 1282 altissimos
1334 1196 1373 1280 in
1393 1197 1547 1312 planum
1560 1196 1772 1303 deduxerit,
1785 1198 1927 1284 vallium

479 1348 651 1407 convexa
668 1317 823 1403 vicissim
852 1318 1106 1430 aequaverit,
1132 1340 1170 1401 et
1201 1310 1337 1401 fretum
1354 1316 1593 1432 Hellesponti
1608 1317 1658 1404 ad
1680 1317 1812 1433 copias
1839 1316 1934 1431 traii-

479 1438 629 1524 ciendas
646 1463 764 1552 ponte
779 1435 1024 1522 commiserit.
1056 1435 1130 1521 Sed
1143 1464 1261 1551 quam
1277 1435 1444 1521 terribilis
1460 1437 1644 1553 ingressus
1659 1434 1739 1545 eius
1756 1436 1797 1521 in
1822 1442 1936 1522 Grae

480 1557 574 1650 ciam
599 1553 736 1662 fuerit,
759 1583 836 1642 tam
853 1571 1002 1670 turpem
1030 1581 1067 1640 et
1095 1550 1252 1639 foedum
1267 1549 1378 1640 fuisse
1403 1554 1616 1642 discessum.
1651 1557 1822 1640 Duobus
1838 1557 1935 1641 enim

481 1676 625 1794 magnis
647 1675 860 1764 vulneribus
885 1675 1044 1760 terrestri
1061 1703 1191 1790 pugna
1209 1704 1231 1756 a
1252 1673 1421 1758 leonida
1439 1673 1836 1759 Lacedaemoniorum
1867 1676 1934 1761 Re-

480 1824 557 1927 ge,
582 1795 647 1912 qui
673 1825 759 1884 cum
786 1794 911 1912 paucis
929 1791 1206 1907 Thermopylas
1231 1816 1463 1908 occuparat,
1484 1793 1677 1907 acceptis,
1709 1822 1803 1879 cum
1836 1794 1934 1881 maris

480 1920 703 2021 lortunam,
729 1915 837 2031 quod
865 1912 1065 1999 innumeris
1083 1911 1240 1998 navibus
1270 1911 1507 2027 repleverat,
1537 1937 1685 1998 tentate
1716 1913 1937 2028 placuisset,

480 2035 619 2148 praelio
638 2034 763 2120 navali
780 2065 802 2118 a
819 2032 943 2149 paucis
972 2032 1126 2118 Graecis
1142 2031 1262 2118 victus
1279 2027 1388 2116 fuisse
1420 2032 1578 2117 traditur
1595 2032 1645 2117 ad
1662 2033 1853 2148 angustias
1874 2037 1938 2120 Sa-

481 2152 619 2238 laminii
637 2150 752 2258 freti,
778 2177 816 2238 et
842 2152 1001 2236 maxima
1018 2151 1124 2238 clade
1140 2149 1356 2265 perculsus,
1386 2151 1597 2236 Mardonio
1615 2150 1714 2235 duce
1742 2180 1824 2236 cum
1857 2178 1936 2237 tre·

444 2295 448 2304 ·
481 2271 596 2358 centis
613 2272 814 2358 hominum
833 2271 990 2356 millibus
1014 2270 1170 2373 relicto,
1200 2271 1239 2354 in
1256 2297 1416 2386 regnum
1434 2298 1473 2354 se
1489 2299 1599 2354 suum
1627 2269 1834 2384 turpissima
1846 2265 1937 2389 fuga

481 2392 660 2506 recepisse
681 2424 689 2476 :
722 2420 840 2506 quern
856 2389 971 2505 paulo
988 2415 1074 2504 post
1096 2389 1195 2475 idem
1227 2387 1453 2474 Mardonius
1470 2417 1493 2471 a
1511 2388 1763 2504 paucioribus
1790 2393 1939 2476 Graecis

484 2512 643 2597 terrestri
669 2509 870 2597 certamine
885 2534 1109 2624 superatus,
1135 2533 1325 2623 tantoque
1346 2506 1483 2593 amisso
1502 2507 1681 2612 exercitu,
1697 2507 1863 2595 imitatus
1878 2537 1938 2613 est,

483 2659 571 2715 curn
589 2631 792 2746 paucisque
819 2624 1000 2748 profugit.
1028 2633 1088 2712 Ex
1105 2657 1272 2743 quotum
1298 2625 1498 2711 hominum
1530 2615 1681 2744 ignavia
1706 2657 1938 2744 quamquam

484 2745 589 2834 facile
620 2747 729 2835 fuerit
751 2774 972 2844 ceterorum
998 2745 1230 2832 Asianorum
1260 2744 1452 2831 molitiem
1474 2745 1537 2833 vel
1566 2744 1703 2837 ,nostris
1733 2749 1940 2833 mulieribus

487 2869 735 2983 spernendam
756 2867 961 2953 existimare
979 2926 991 2970 ,
1018 2864 1134 2983 magis
1159 2891 1287 2951 tamen
1306 2893 1373 2950 eos
1396 2889 1647 2969 contemnas,
1679 2864 1707 2949 si
1736 2868 1851 2971 scias,
1867 2873 1937 2952 Da-

439 3064 441 3069 .
485 2988 583 3076 n'um
608 2988 716 3102 hujus
733 2986 863 3072 Xerxis
880 3011 1051 3101 patrem,
1083 2984 1199 3099 paulo
1215 3007 1303 3070 ante
1332 2982 1371 3067 in
1400 2983 1540 3098 campis
1576 2985 1835 3070 Marathoniis
1859 3014 1941 3071 cum

486 3107 662 3192 sexcentis
701 3106 857 3192 millibus
883 3106 1108 3194 Asianorum
1139 3133 1161 3186 a
1190 3102 1321 3188 decem
1348 3100 1508 3186 millibus
1541 3102 1834 3190 Atheniensium
1867 3168 1878 3212 ,
1908 3130 1943 3189 et

486 3224 1007 3313 Plataeensibus‘auxiliatibus
1023 3222 1120 3310 mille
1138 3284 1149 3328 ,
1173 3223 1269 3307 duce
1286 3219 1459 3306 Miltiade
1474 3217 1627 3327 fusum,
1645 3246 1684 3309 et
1701 3252 1862 3311 suorum
1877 3222 1940 3309 du·

486 3345 601 3432 centis
619 3347 775 3432 millibus
791 3347 925 3432 amissis
942 3406 954 3450 ,
974 3342 1022 3428 ad
1039 3372 1155 3431 naves
1170 3337 1394 3458 confugisse.

547 3469 638 3551 XV.
700 3469 762 3550 Ne
788 3464 872 3580 quis
902 3491 1029 3550 autem
1057 3489 1136 3550 tam
1162 3460 1275 3576 turpis
1299 3460 1472 3577 ignaviae
1500 3457 1651 3576 culpam
1686 3463 1740 3549 ad
1775 3489 1941 3577 tempora

488 3583 642 3672 fortasse
658 3579 853 3671 transferat
872 3646 884 3689 ,
902 3584 963 3671 vel
980 3580 1028 3667 ad
1049 3589 1199 3699 Regum
1216 3604 1283 3665 aut
1298 3580 1441 3666 ducum
1464 3578 1661 3685 inertiam,
1691 3583 1801 3695 quasi
1819 3607 1944 3698 poste-

488 3733 618 3791 rorum
635 3703 785 3791 mutatis
800 3702 956 3801 ducibus
977 3701 1128 3818 egregia
1144 3700 1349 3816 aliquando
1371 3701 1489 3788 virtus
1510 3698 1685 3785 eluxerit:
1710 3698 1801 3813 jam,
1818 3702 1848 3785 si
1867 3701 1941 3813 pla·

489 3849 578 3929 cet,
597 3854 714 3942 quarn
733 3848 881 3909 strenue
896 3819 1018 3906 multo
1033 3847 1119 3936 post
1135 3848 1307 3936 tempore
1330 3819 1471 3905 bellum
1499 3817 1829 3934 propulsaverint,
1845 3819 1943 3904 sibia

489 3945 766 4031 Macedonibus
791 3942 932 4028 illatum
949 4003 961 4047 ,
977 3939 1220 4055 dispiciamus.
1255 3940 1427 4058 Triginta
1453 3939 1534 4023 duo
1552 3936 1724 4052 pediturn
1745 4003 1758 4048 ,
1774 3939 1944 4055 equitum

491 4090 657 4180 quatuor
674 4063 785 4149 millia
801 4090 947 4167 ,naves
962 4085 1114 4145 centurn
1127 4057 1327 4175 ‘octoginta
1352 4056 1460 4144 fuisse
1476 4057 1706 4164 traduntur,
1741 4089 1833 4174 quas
1852 4057 1946 4144 Ale·

488 4183 630 4269 xandcr
647 4184 815 4269 Macedo
829 4205 1091 4297 cognomento
1109 4182 1277 4294 Magnus
1290 4176 1327 4261 in
1351 4178 1479 4263 Asiam
1495 4176 1616 4262 intulit
1642 4175 1777 4291 plenus
1810 4175 1947 4263 fiducia

490 4326 528 4385 et
546 4286 759 4406 alacritate,
777 4329 847 4385 nec
867 4327 945 4385 tam
964 4328 1117 4412 parvam
1133 4328 1286 4381 manum
1301 4296 1415 4412 copiis
1429 4295 1531 4381 Darii
1549 4295 1679 4382 Asiam
1694 4297 1875 4385 latissime
1890 4327 1947 4381 us·

490 4448 567 4535 que
593 4420 643 4507 ad
675 4421 787 4505 lndos
811 4418 968 4532 irnperio
999 4416 1158 4503 tenentis
1178 4457 1194 4522 ,¹
1214 4417 1274 4500 eui
1303 4444 1373 4501 nec
1397 4416 1573 4524 animus,
1598 4445 1667 4503 nec
1695 4419 1749 4503 tei
1784 4416 1945 4502 militatis

490 4538 638 4624 scientia
655 4538 812 4623 traditur
836 4534 1020 4643 abfuisse,
1048 4564 1087 4622 et
1117 4562 1176 4621 tot
1207 4535 1376 4651 gentium
1403 4536 1542 4621 coactis
1573 4536 1711 4622 viribus
1746 4564 1945 4652 opponere

491 4659 702 4745 dubitavit.
733 4658 806 4743 Sed
824 4684 893 4739 nec
909 4657 1019 4741 tantis
1035 4656 1129 4743 ausis
1149 4684 1216 4770 par
1232 4652 1352 4740 abfuit
1371 4681 1541 4742 eventus.
1572 4657 1697 4740 Primo
1728 4657 1834 4741 enim
1853 4685 1945 4742 con·

410 4872 413 4875 A
492 4807 617 4895 gressu
635 4779 672 4861 in
697 4775 835 4891 campis
868 4774 1055 4860 Adrasteis
1077 4799 1248 4860 sexcenta
1278 4778 1473 4859 Persarum
1495 4772 1815 4892 Asianorumque
1832 4776 1942 4860 millia

491 4925 578 4983 curn
597 4902 702 5017 Rege
718 4899 797 5013 ipso
815 4898 1032 5011 superasse,
1054 4919 1094 4979 et
1118 4893 1278 4980 maxima
1307 4918 1428 5011 strage
1443 4892 1542 4980 edita
1566 4894 1604 4980 in
1628 4890 1767 5012 =fugam
1789 4895 1941 4985 vertisse

1862 5045 1945 5101 me·
