4140 5872
415 390 547 479 ιιιχ
748 388 827 457 ou
857 366 1313 458 couu'ucrtouu
1347 379 1499 454 auur
1565 408 1577 419 -
1624 397 1634 404 ·

396 512 513 598 altera
526 509 710 627 sequentis
734 507 955 625 principium
983 504 1174 622 respiciat:
1202 532 1242 590 et
1263 502 1504 590 Pebntarium
1526 531 1550 589 a
1575 503 1751 613 Februo,
1775 508 1850 626 qui

397 631 490 716 deus
512 626 787 715 lustrationibus
810 653 975 743 praeesse
992 626 1193 739 putabatur
1211 653 1221 707 t
1240 623 1314 708 hoc
1328 621 1430 708 enim
1458 650 1586 709 mense
1613 648 1658 710 ut
1673 626 1742 712 diis
1759 659 1851 714 ma-

390 748 505 833 nibus
527 745 908 864 jtutasolverentur,
929 742 1030 829 idem
1046 747 1177 828 Numa
1201 741 1335 828 veteris
1360 745 1624 829 Romanontm
1654 743 1848 861 religionis

398 867 530 953 auctor
547 865 761 953 constituit.
790 871 919 979 Atque
949 860 1000 946 ita
1027 855 1115 946 facti
1139 884 1226 945 sunt
1248 889 1392 945 menses
1420 859 1652 963 duodecim,
1670 891 1845 978 quorum
1922 897 1923 901 ¹
1999 898 2000 902 ¹

399 983 599 1094 Januario,
618 983 759 1098 Aprili,
775 982 919 1096 junio,
935 978 1084 1085 Sextili,
1101 978 1309 1092 Septembri
1329 1038 1342 1084 ,
1359 978 1596 1085 Novembri,
1612 982 1843 1088 Decembri,

399 1101 476 1197 dies
501 1102 652 1187 vicenos
676 1128 848 1188 novenos
872 1098 1037 1183 attribuit
1054 1128 1063 1181 :
1081 1097 1253 1202 Mattio,
1273 1096 1382 1209 Majo
1395 1156 1408 1201 ,
1423 1095 1585 1192 Quintili
1612 1124 1653 1183 et
1676 1096 1841 1186 Octobri

208 1301 218 1352 ¹
260 1245 385 1299 ulmam
398 1218 558 1305 tricenos
575 1219 739 1335 singulos
754 1279 767 1322 ,
784 1248 869 1304 eam
884 1213 1210 1331 superstitionem,
1229 1213 1338 1329 quod
1353 1214 1471 1331 impar
1497 1243 1676 1301 numerus
1694 1213 1841 1306 faustus

207 1311 597 1423 dlhlffimbererur
613 1400 626 1443 ,
642 1360 813 1422 secutus:
838 1336 904 1419 uni
920 1333 1119 1418 Februario
1135 1331 1212 1418 dies
1237 1356 1329 1418 octo
1343 1358 1382 1419 et
1397 1333 1435 1421 vi
1461 1332 1528 1418 'nti
1544 1332 1621 1418 dati
1647 1362 1737 1421 sunt
1766 1364 1841 1421 nu·

274 1550 276 1555 ¹
347 1500 348 1503 ι
398 1482 507 1539 mero
536 1455 613 1570 pari
630 1453 767 1568 ,quod
792 1451 1004 1538 imminutio
1033 1479 1073 1537 et
1098 1480 1165 1564 pat
1189 1478 1367 1535 numerus
1394 1363 1516 1576 inpetis
1545 1452 1746 1539 convenire
1782 1453 1842 1539 via

400 1569 549 1657 deretur
564 1608 583 1676 ,⁸
598 1571 780 1686 simulque
802 1595 857 1654 ut·
870 1593 974 1656 totus
1000 1597 1119 1653 annus
1139 1568 1270 1684 impari
1296 1564 1498 1685 faustoque
1513 1572 1671 1654 numero
1685 1569 1841 1656 dierum

398 1690 520 1772 ccciv.¹
535 1689 793 1775 clauderetur.
828 1689 1007 1772 Ceterum
1028 1715 1116 1770 cum
1137 1714 1186 1770 ne
1213 1686 1242 1770 is
1265 1685 1421 1799 quidem
1446 1714 1622 1770 numerus
1642 1715 1729 1770 cum
1744 1687 1839 1773 solis

396 1829 508 1890 motu
533 1831 757 1923 congrueret
773 1833 787 1907 ·,
804 1804 924 1889 coacti
953 1828 1040 1889 sunt
1063 1827 1195 1918 postea
1214 1802 1378 1887 Romani
1402 1804 1507 1907 hoc,
1538 1803 1647 1917 quod
1674 1804 1838 1912 deerat,

396 1922 504 2007 variis
534 1921 873 2010 intercalationibus
902 1922 1065 2025 sarcire,
1089 1919 1184 2006 dato
1215 1920 1371 2036 negotio
1404 1918 1656 2007 sacerdotibus
1685 1919 1839 2009 civilem

396 2064 542 2122 annum
558 2069 624 2153 per
643 2038 936 2125 intercalationes
952 2036 1187 2152 adaequandi
1200 2036 1386 2143 naturali,
1400 2037 1467 2152 qui
1483 2037 1654 2122 trecentis
1669 2038 1839 2155 sexagin-

391 2176 438 2238 ta
451 2156 620 2271 quinque
636 2156 766 2242 diebus
781 2180 820 2242 et
837 2153 912 2242 fere
939 2153 1151 2272 quadrante
1178 2154 1396 2240 conficiutr.
1434 2154 1509 2240 Sed
1518 2156 1733 2244 ¹sacerdotes
1748 2184 1844 2273 par-4

391 2270 464 2355 ‚tint
484 2273 636 2360 avaritia
663 2273 829 2387 corrupti
847 2304 871 2357 a
900 2273 1135 2388 publicorum
1158 2270 1397 2389 vectigalium
1425 2270 1698 2359 redemtoribus
1715 2332 1727 2379 ,
1743 2301 1839 2388 par-

395 2386 464 2471 tim
485 2419 614 2477 amore
630 2391 692 2477 vel
712 2392 806 2478 odio
818 2390 1073 2505 quorumdam
1090 2448 1105 2494 ,
1125 2420 1207 2503 quo
1223 2390 1363 2476 tardius
1379 2413 1446 2476 aut
1467 2389 1574 2475 citius
1593 2389 1737 2477 abirent
1755 2421 1838 2477 rna·

391 2503 551 2619 gistratu
568 2569 581 2612 ,
610 2508 796 2594 rationem
823 2508 912 2592 anni
934 2509 1035 2594 adeo
1048 2504 1243 2592 confusam
1260 2531 1299 2592 et
1314 2507 1557 2621 depravatam
1574 2507 1840 2615 reddiderunt,

390 2644 439 2705 ut
462 2625 513 2708 ad
540 2624 728 2712 libidinem
754 2624 871 2741 magis
897 2650 937 2710 et
967 2624 1215 2710 temeritatem
1245 2624 1435 2740 ipsorum,
1452 2653 1569 2741 quam
1584 2645 1587 2653 ’
1600 2626 1650 2711 ad
1683 2650 1840 2712 motum

394 2735 481 2822 solis
509 2765 588 2835 aut
602 2741 713 2826 lunae
741 2742 922 2828 Romanis
944 2771 1064 2826 armus
1090 2766 1292 2858 ageretur,
1318 2770 1439 2858 usque
1466 2742 1519 2828 ad
1531 2740 1697 2829 Caesaris
1712 2743 1841 2832 dicta-

392 2856 484 2940 toris
507 2856 768 2970 pontificatum
792 2883 909 2973 atque
932 2860 1083 2945 tertium
1111 2859 1373 2944 consulatum.
1415 2880 1418 2887 ·
1546 2947 1547 2951 Ν
1596 2918 1597 2925 a

393 3034 395 3043 .
467 2976 534 3056 IV.
595 2979 733 3061 Caesar
760 2976 861 3061 enim
889 2981 1002 3062 Pont.
1021 2979 1125 3060 Max.
1155 2998 1200 3061 ut
1228 3001 1307 3062 erat
1338 3003 1485 3179 maffi
1507 2975 1637 3064 animo
1666 3002 1706 3064 et
1732 3007 1838 3067 acer·

293 3137 297 3148 ·
390 3085 488 3175 rimo
514 3089 667 3206 ingenio
694 3092 815 3177 adres
838 3094 1019 3208 gerendas
1044 3117 1084 3177 et
1107 3092 1339 3207 explicandas
1354 3093 1397 3198 ,i
1516 3094 1778 3210 indignitatem
1793 3123 1841 3186 et

389 3200 652 3314 confusionem
676 3238 757 3295 non
782 3208 902 3296 ferens
916 3272 929 3318 ,
944 3214 1096 3305 turbam
1119 3231 1274 3297 omnem
1290 3239 1330 3297 et
1353 3211 1640 3297 inconstantiam
1664 3213 1739 3298 sibi·
1764 3216 1837 3303 tol·

389 3319 569 3430 lendam,
597 3349 636 3411 et
667 3356 808 3412 anuum
833 3327 884 3413 ad
911 3328 994 3415 solis
1025 3356 1175 3412 cursum
1192 3389 1204 3432 ,
1221 3358 1338 3444 quam
1368 3328 1553 3443 aptissime
1580 3327 1658 3413 fieri
1674 3357 1837 3442 posset,

389 3438 626 3557 dirigendum
641 3465 680 3530 et
696 3447 985 3559 coaequandum
996 3445 1221 3530 recentiores
1237 3446 1445 3563 Aegyptios
1460 3446 1667 3532 aemulatus
1684 3449 1830 3534 statuit.

386 3559 520 3672 ltaque
535 3590 606 3645 suo
621 3560 786 3647 terrioet
809 3566 868 3647 M.
886 3563 1031 3649 Aemilii
1046 3562 1175 3676 lepidi
1198 3565 1426 3670 consulatu,
1449 3562 1620 3650 adhibitis
1644 3591 1733 3648 cum
1753 3564 1837 3652 aliis

386 3676 653 3762 mathematicis
670 3740 682 3783 ,
698 3703 782 3764 tum
806 3678 845 3763 in
874 3681 997 3795 primis
1028 3680 1204 3795 Sosigene
1221 3743 1233 3786 ,
1250 3681 1317 3795 qui
1344 3680 1567 3797 astrologiae
1592 3680 1836 3796 peritissimus

385 3787 426 3874 id
452 3794 632 3908 temporis
644 3794 881 3900 habebatur,
910 3826 998 3882 cum
1015 3797 1093 3882 dies
1116 3797 1247 3912 viginti
1267 3825 1340 3884 tres
1353 3798 1553 3889 Febntario
1571 3828 1699 3884 mense
1713 3799 1840 3885 inter·

384 3905 564 4018 celasset,
581 3913 794 3999 Novembri
819 3936 935 4029 atque
951 3914 1149 3999 Decembri
1166 3937 1355 4028 praeterea
1380 3917 1569 4032 sexaginta
1583 3941 1749 4031 quatuor
1770 3917 1834 4001 in·

384 4024 551 4135 terjecit.
583 4034 714 4146 ltaque
739 4055 859 4118 annus
886 4032 944 4117 ille
969 4031 1019 4116 ad
1035 4031 1330 4148 quadringentos
1360 4034 1612 4148 quadraginta
1635 4033 1729 4118 duos
1745 4032 1839 4122 dies

383 4143 592 4255 productus
604 4173 685 4253 est,
713 4149 805 4233 dum
833 4148 966 4236 scilcet
993 4173 1223 4264 exspectamur
1247 4153 1410 4254 bruma,
1429 4175 1473 4237 ut
1500 4150 1529 4235 is
1556 4152 1634 4238 dies
1662 4149 1743 4236 sole
1758 4152 1837 4238 cir·

382 4256 472 4343 citer
503 4261 661 4374 primam
690 4291 835 4377 partem
864 4266 1070 4382 capricorni
1107 4270 1290 4353 subeunte
1321 4267 1465 4353 initium
1493 4294 1590 4354 esset
1618 4269 1708 4353 anni
1742 4272 1837 4356 Ro-

382 4376 484 4460 mani
515 4404 620 4464 more
645 4409 691 4462 ¹ac
716 4381 883 4469 instituto
910 4381 1120 4496 majorum.
1152 4383 1210 4467 Sic
1246 4384 1359 4502 igitur
1394 4383 1537 4469 sublata
1577 4382 1837 4495 confusione,

380 4493 625 4581 constitutum
645 4520 701 4582 est
718 4557 730 4601 ,
746 4522 791 4583 ut
806 4500 940 4585 deinde
965 4529 1085 4586 armus
1099 4505 1293 4587 Romanus
1315 4502 1488 4586 trecentis
1514 4504 1702 4618 sexaginta
1720 4503 1836 4619 quin·

378 4636 456 4722 que
477 4611 607 4698 diebus
622 4674 635 4720 ,
651 4616 977 4729 quemadmodum
1000 4617 1085 4703 solis
1114 4646 1271 4725 cursus,
1296 4619 1581 4725 terminaretur,
1601 4620 1754 4729 adjectis
1771 4623 1839 4710 vi-

376 4725 510 4813 delicet
537 4731 588 4816 ad
615 4761 758 4818 annum
779 4738 932 4821 Numae
965 4735 1095 4820 diebus
1126 4736 1284 4821 decem:
1308 4762 1406 4850 quos
1432 4736 1484 4821 ita
1511 4736 1693 4823 distribuit
1729 4742 1838 4827 Cae-

373 4871 462 4955 sar,
484 4870 528 4937 ut
553 4877 599 4940 cx
624 4849 907 4962 iisrnensibus,
937 4879 1039 4969 quos
1070 4852 1333 4942 undetricenos
1358 4850 1435 4941 dies
1459 4853 1609 4945 sortitos
1640 4884 1718 4942 esse
1747 4886 1837 4943 me·

1732 5004 1828 5061 mo·
