4050 5858
663 370 865 442 ιιιιιι
914 372 943 439 ι.
1246 333 1252 352 '
1433 389 1505 464 249
1637 323 1639 326 ¹

84 498 283 585 socordem
306 523 385 583 esse
408 519 449 583 et
476 495 560 582 otio
584 493 854 610 languere,C
853 492 967 608 ynico
995 490 1126 581 vetulo
1153 494 1456 601 concedentem,
1484 521 1530 584 ut

84 617 168 732 plus
189 647 307 734 quam
329 616 406 732 ipse
426 612 587 758 pudoris
608 611 746 699 habere
767 613 966 701 videatur.
1000 617 1104 698 Nam
1128 641 1218 699 cum
1235 614 1422 750 Philippus
1438 618 1525 700 Ma·

82 738 275 822 cedonum
306 764 370 820 rex
385 710 615 819 Corinthum
641 731 763 818 hostili
787 761 904 817 mauu
929 731 1231 847 appropinquare
1255 735 1447 818 nuntiatus
1471 762 1526 819 es

80 877 166 958 set,
184 881 224 941 et
242 851 429 939 Corinthii
455 880 587 938 omnes
610 880 681 965 pro
704 850 854 965 periculi
881 850 1139 966 magnitudine
1161 851 1372 955 commoti,
1387 850 1447 936 alii
1463 882 1520 938 ar·

81 1001 146 1057 ma
173 997 376 1108 pararent,
393 968 451 1054 alii
471 970 696 1056 collabentes
723 998 850 1055 muros
874 967 1097 1073 reficerent,
1118 993 1184 1054 aut
1205 968 1342 1084 lapides
1357 967 1521 1056 reficien·

80 1088 182 1175 tibus
206 1088 481 1193 ministrarent,
497 1089 555 1173 alii
584 1086 658 1171 aliis
687 1087 798 1171 rebus
826 1087 998 1202 parandis
1022 1086 1279 1174 incumberent
1299 1088 1350 1173 ad
1376 1115 1523 1202 propu

80 1208 281 1324 gnandum
301 1207 532 1293 necessariis.
560 1206 751 1322 Diogenes
776 1205 933 1291 traditur
951 1266 964 1309 ,
979 1232 1068 1289 cum
1085 1203 1176 1291 illius
1194 1218 1310 1318 opera
1337 1204 1460 1290 nullus
1485 1237 1525 1293 u·

82 1349 224 1411 teretur
240 1387 253 1432 ,
269 1326 411 1412 dolium
422 1325 566 1440 ,quod
594 1324 827 1410 inhabitabat
843 1323 1035 1438 ,coepisse
1069 1323 1107 1406 in
1125 1323 1266 1409 Cranio
1297 1323 1397 1408 urbis
1432 1322 1526 1436 ejus·

82 1443 172 1529 dem
197 1444 311 1528 nobili
332 1444 419 1529 loco
439 1443 633 1561 diligenter
652 1472 798 1528 sursum
815 1440 1068 1556 deorsumque
1084 1442 1280 1528 volutare.
1312 1447 1524 1559 Interroga

84 1584 145 1646 tus
161 1591 301 1676 porro,
317 1588 417 1676 quae
433 1590 544 1647 causa
559 1586 653 1646 esset
669 1560 784 1644 illius
774 1557 936 1644 rnusitatr
924 1558 1108 1664 laboris,
1126 1560 1382 1673 respondisse,
1398 1588 1449 1645 ιιι
1462 1588 1524 1647 ιι·

83 1679 168 1764 teris
192 1678 471 1794 operantibus
461 1707 539 1793 rpse
562 1677 662 1766 solus
686 1678 768 1762 otio
790 1700 937 1792 torpere
953 1676 1163 1762 videretur.
1192 1682 1330 1793 Neque
1357 1706 1450 1764 vero
1465 1708 1525 1765 so·

83 1793 164 1881 lum
181 1796 366 1915 Diogenis
395 1798 470 1880 hoe
490 1794 641 1881 ridicule
663 1791 805 1880 factum
821 1824 891 1880 nos
909 1818 1046 1930 θ’ροιιιι
1065 1791 1178 1880 officii
1205 1793 1393 1882 severioris
1417 1795 1523 1884 haud

84 1910 323 1999 mediocriter
351 1913 587 2020 admonere,
610 1913 676 1999 sed
703 1913 839 1999 summi
869 1911 982 1998 etiam
1009 1911 1078 1999 viri
1110 1937 1150 1999 et
1182 1913 1383 2030 gravissimi
1413 1914 1527 2000 Stoici

83 2031 206 2116 Porcii
236 2031 423 2135 Catonis,
451 2031 516 2145 qui
545 2031 721 2117 virtutem
748 2030 924 2146 magistra
958 2054 1092 2115 natura
1120 2032 1284 2119 studiose
1313 2031 1525 2147 percoluit,

82 2147 285 2232 consilium
304 2175 411 2264 ,quo
438 2171 493 2233 est
513 2179 600 2234 usus
626 2149 664 2232 in
685 2147 788 2234 bellis
803 2147 967 2237 civilibus
995 2148 1255 2263 Pompeianis,
1275 2149 1369 2266 quid
1390 2150 1524 2236 talibus

83 2263 307 2400 reipublicae
335 2265 567 2379 temporibus
596 2266 805 2351 bonum
775 2295 896 2353 crvern
926 2261 1047 2351 facere
1073 2292 1276 2381 oporteat,
1295 2265 1523 2357 declaravit:

85 2381 176 2494 qui,
197 2410 324 2468 cuma
345 2382 571 2500 principibus
586 2379 794 2468 factionum
823 2381 981 2467 multis
973 2413 1012 2466 ιιι
1036 2385 1144 2470 rebus
1168 2413 1279 2469 causa
1303 2383 1525 2499 reipublicae

87 2498 320 2606 dissentiret,
345 2527 385 2587 ιι
412 2502 579 2586 neutrius
607 2525 774 2586 mentem
803 2499 912 2615 plane
944 2502 1150 2614 probaret,
1180 2502 1278 2587 bello
1305 2527 1433 2589 tamen
1462 2530 1525 2590 ex·

87 2641 176 2703 orto
198 2647 278 2705 non
311 2618 378 2704 sibi
387 2618 672 2754 quiescendum
698 2616 946 2723 existimavit,
961 2618 1027 2705 sed
1052 2647 1113 2704 eas
1136 2645 1257 2733 partes
1285 2617 1525 2754 fovendum,

83 2762 188 2850 wquae
212 2735 325 2852 plus
316 2735 471 2850 justitiae
493 2761 609 2853 atque
630 2736 833 2821 honestatis
856 2735 993 2821 habere
1016 2735 1261 2843 videbantur,
1277 2745 1397 2825 Bruto
1411 2737 1526 2824 etiam

85 2853 341 2941 dehortante:
365 2853 417 2940 ad
431 2881 551 2973 quem
576 2877 693 2941 exstat
714 2853 1043 2970 prudentissimum
1058 2855 1108 2940 de
1137 2855 1209 2942 hac
1237 2885 1279 2944 re
1294 2855 1448 2944 Catonis
1471 2885 1528 2945 re·

87 3000 298 3085 sponsum:

243 3148 457 3246 Summum,
482 3152 630 3248 Brute,
656 3149 769 3247 nefas
793 3151 932 3228 ciuilia
959 3148 1060 3228 bella
1074 3150 1267 3250 fatemur,
1341 3180 1343 3183 ·
1488 3175 1489 3178 ’
1540 3160 1722 3273 ,ww

242 3253 327 3329 Sed
348 3279 415 3352 quo
430 3254 530 3351 fata
552 3273 716 3352 uocant,
739 3261 868 3333 virtus
885 3277 1018 3332 secura
1041 3273 1233 3354 sequetur,
1579 3255 1587 3273 ’
1643 3252 1652 3270 ’

85 3464 127 3530 et
149 3469 302 3550 cetera,
328 3472 443 3561 quae
452 3446 616 3533 carmine
638 3447 747 3536 vobis
774 3469 873 3532 noto
897 3470 1109 3560 persecutus
1133 3471 1188 3532 est
1209 3448 1406 3534 Lucanus.
1441 3449 1526 3532 Nec

86 3561 223 3647 mitum
246 3585 304 3648 est
320 3565 549 3651 Catonem
539 3566 689 3682 integris
712 3563 849 3652 viribus
873 3592 977 3648 arma
994 3594 1064 3681 pro
1085 3565 1272 3680 republica
1299 3591 1431 3651 contra
1458 3563 1526 3648 im·

87 3676 236 3792 piorum
260 3707 417 3767 conatus
441 3686 638 3786 sumsisse,
654 3713 741 3768 cum
757 3683 892 3768 Sestius
914 3706 1036 3769 aetate
1053 3683 1266 3816 decrepita,
1268 3688 1345 3768 cur
1334 3682 1525 3770 ιιιιιιιιιι

84 3821 172 3881 crus
202 3792 357 3884 fuerat
347 3829 387 3885 ιιι
415 3800 645 3888 Μιιιιιοιιιι
677 3799 914 3905 mutilatum,
941 3797 1075 3887 deferri
1103 3829 1142 3886 ιι
1174 3801 1313 3912 jusserit
1335 3800 1375 3885 in
1406 3828 1525 3888 castra

82 3912 346 4029 Pompeiana,
370 3919 431 4001 cui
454 3919 582 4004 ceteris
608 3917 810 4004 ridentibus
832 3860 1030 4033 Porbpejus
1060 3919 1289 4004 assurrexisse
1314 3919 1524 4005 occurrisse·

81 4060 181 4167 que
179 4032 350 4118 traditur
353 4064 565 4153 ,magnum
591 4035 845 4122 testimonium
870 4059 907 4120 et
928 4035 1159 4134 utilissimum
1184 4035 1393 4149 exemplum
1409 4061 1523 4142 ratus,

26 4189 29 4204 ι
85 4147 116 4231 si
144 4149 212 4236 viri
243 4175 364 4237 aetate
395 4177 511 4269 atque
541 4153 679 4243 viribus
711 4153 894 4240 exhaustis
922 4181 1049 4238 secum
1077 4181 1149 4265 pro
1176 4151 1345 4239 libertate
1375 4151 1524 4267 publica

85 4289 291 4398 commune
314 4268 519 4384 perieulum
537 4272 658 4357 subire
677 4295 932 4357 cernerentur.
962 4273 1053 4365 Qua
1076 4269 1124 4354 de
1148 4296 1205 4353 ιι
1202 4270 1390 4355 Solonem
1407 4271 1524 4357 Athe·

83 4380 267 4468 niensium
282 4385 529 4503 legislatorem
544 4389 680 4476 cavisse
693 4385 805 4475 refert
820 4387 1056 4491 Aristoteles,
1071 4409 1117 4472 ut
1131 4385 1220 4501 qui,
1233 4412 1362 4474 exorta
1376 4388 1525 4476 seditio-

84 4526 137 4584 ne
161 4501 355 4615 populari,
380 4532 420 4592 et
444 4507 549 4594 scissa
576 4506 615 4591 in
640 4508 732 4593 duas
759 4529 881 4641 partes
907 4506 1081 4612 civitate,
1095 4506 1219 4642 neutri
1234 4535 1273 4592 se
1289 4505 1524 4638 adjunxisset,

82 4616 147 4703 hic
170 4618 281 4704 bonis
299 4624 473 4711 omnibus
488 4623 710 4741 publicatis,
728 4623 936 4709 mitteretur
960 4622 1073 4708 eriam
1094 4621 1134 4708 in
1152 4623 1342 4709 exsilium.
1358 4623 1462 4737 cujus
1476 4622 1528 4709 le

85 4733 145 4852 gis
167 4738 265 4822 hanc
287 4767 438 4828 causam
462 4744 646 4830 reddebat
668 4741 872 4828 Favorinus
894 4740 1165 4856 philosophus,
1178 4767 1224 4828 ut
1250 4738 1509 4826 bonorum
1471 4769 1529 4827 vr-

88 4880 219 4940 rorum
251 4883 397 4976 semper
425 4860 477 4950 ad
501 4887 634 4981 pacem
658 4857 907 4977 spectantium
934 4860 1163 4977 auctoritas,
1187 4886 1287 4976 quae
1310 4857 1416 4946 initio
1446 4883 1528 4942 non

99 4973 256 5060 ..Τιιι
274 4973 341 5064 IV.
906 4977 936 5065 li
1464 4969 1533 5060 suf·
