4006 5850
671 396 868 470 LIBER
923 398 953 465 I.
1420 418 1494 493 477

76 549 220 645 rogata.
255 523 322 611 Ad
334 526 449 639 quod
481 519 623 611 facinus
654 517 964 635 perficiendum,
996 548 1084 606 cum
1109 520 1282 609 omnium
1313 524 1351 609 in
1386 521 1529 612 floren·

77 647 213 733 tissima
237 672 393 760 quaque
433 639 623 756 republica
660 639 967 725 turbulentorum
991 639 1132 725 civium
1161 665 1258 726 artes
1290 672 1341 727 ac¹
1375 643 1524 733 insidias

74 793 122 850 ex
137 790 309 851 veterum
328 759 581 846 monumentis
616 757 884 872 conquisisset,
916 782 955 843 et
984 757 1108 844 multis
1143 787 1253 872 saepe
1286 761 1433 850 servitia
1458 793 1524 878 spe

74 880 252 968 libertatis
266 905 385 995 atque
401 879 562 994 praedae
579 877 770 963 concitata
776 905 921 992 magno
938 872 1047 964 luisse
1060 875 1143 962 usui
1155 878 1206 963 ad
1222 879 1420 967 seditiones
1435 910 1529 967 con·

73 998 242 1088 citandas
268 997 488 1111 reperisset:
514 994 745 1083 utilissimum
779 993 950 1082 videlicet
974 994 1186 1109 exemplum
1214 1055 1230 1104 ,
1262 1022 1449 1112 quatenus
1480 1001 1524 1085 li-

74 1117 151 1204 mit
167 1178 179 1222 ,
196 1117 363 1203 imitatus
381 1176 394 1222 ,
411 1142 456 1200 ut
472 1113 522 1199 illi
535 1143 692 1219 servos,
718 1112 767 1197 sic
782 1111 859 1226 ipse
874 1112 1025 1227 plebem
1056 1143 1269 1228 operasque
1299 1119 1528 1205 Germaniae

71 1236 196 1349 coepit
228 1233 348 1350 specie
379 1232 565 1350 religionis
587 1232 639 1318 ad
670 1230 879 1317 libertatem
905 1259 1043 1317 vocate
1074 1232 1251 1318 adversus
1264 1234 1457 1321 Antistites
1489 1261 1528 1324 et

71 1353 285 1466 Principes,
316 1381 485 1466 quorum
514 1378 607 1465 opes
644 1349 842 1435 conatibus
856 1346 953 1456 suis,
968 1374 1007 1435 et
1023 1378 1140 1465 quam
1155 1351 1380 1439 moliebatur
1398 1377 1531 1468 tyran·

72 1469 152 1557 nidi
166 1472 424 1585 obessesposse
453 1468 712 1584 intelligebat,
736 1492 852 1583 arque
870 1495 938 1552 eos
964 1467 1145 1582 inprimis
1169 1499 1357 1578 asserere,
1382 1473 1521 1589 quibus

73 1589 351 1676 monachorum
375 1584 507 1704 religio
538 1648 550 1692 ‚
574 1587 635 1670 cui
659 1613 701 1671 se
718 1585 925 1700 aliquando
940 1611 1213 1689 consecrassent
1241 1649 1253 1693 ‚
1285 1592 1408 1707 gravis
1429 1617 1527 1678 esset

68 1731 201 1821 atque
218 1705 377 1792 molesta
408 1766 422 1812 ,
454 1704 680 1790 sanctiorem
717 1704 839 1790 vitam
860 1727 1025 1818 turpem
1065 1705 1282 1815 servitutem
1308 1708 1528 1823 appellans,

71 1822 227 1939 ipsaque
244 1823 497 1929 monasteria,
522 1823 597 1908 hoc
625 1846 704 1926 est,
725 1850 826 1909 sacra
852 1845 891 1906 et
919 1822 1142 1908 sanctissima
1162 1821 1277 1931 loca,
1307 1855 1388 1910 non
1406 1828 1530 1934 aliter,

68 1970 188 2057 quam
206 1942 410 2057 prostibula
422 1968 461 2027 et
476 1939 671 2057 lupanaria
692 1969 847 2025 vocans.
874 1942 974 2025 Non
1002 1939 1125 2026 solum
1146 1966 1189 2027 ut
1215 1942 1422 2030 multorum
1448 1975 1528 2033 sce·

71 2059 148 2149 lere
163 2089 252 2146 suae
277 2061 456 2175 apostatis
477 2087 522 2146 ac
536 2055 754 2145 defectionis
778 2056 995 2176 flagitium,
1017 2083 1063 2144 ut
1079 2059 1196 2147 levius
1212 2061 1431 2168 videretur,
1465 2061 1527 2149 ef-

70 2173 232 2286 ficerer,
246 2207 373 2295 neque
388 2180 488 2264 enim
498 2178 731 2295 ignorabat,
754 2205 841 2262 eam
866 2177 1135 2263 conditionem
1153 2176 1358 2291 pessimum
1389 2212 1531 2296 quem-

71 2298 446 2410 quemonachorum
462 2321 734 2412 accepturum,
761 2293 956 2381 sedetiam
984 2320 1030 2379 ut
1047 2324 1093 2380 ex
1117 2320 1196 2380 tam
1221 2300 1372 2416 egregia
1402 2297 1533 2388 futura

69 2408 260 2531 phalange
276 2412 433 2499 facultas
456 2441 550 2499 esset
576 2411 782 2529 primipilos
798 2437 837 2499 et
853 2412 1118 2529 antesignanos
1135 2414 1323 2522 educere,
1353 2446 1452 2532 quos
1468 2449 1531 2505 ce·

71 2531 158 2618 teris
173 2531 347 2618 tardioris
375 2530 642 2646 ineptiorisque
667 2530 801 2615 turbae
822 2530 1042 2616 cohortibus
1074 2532 1359 2650 legionibusque
1394 2537 1531 2651 praefi·

71 2676 187 2738 cerer.
222 2654 337 2746 Quae
349 2681 430 2737 vox
446 2677 532 2735 cum
546 2650 656 2735 latius
670 2675 741 2762 per
771 2648 1017 2734 Germaniam
1045 2677 1280 2757 emanasset,
1307 2652 1474 2742 scelerati
1488 2688 1533 2741 o·
1629 2685 1631 2687 ’

71 2797 179 2855 mnes
196 2829 209 2874 ,
226 2800 361 2856 ornnes
372 2768 546 2854 damnati
574 2767 748 2885 legibus,
780 2766 965 2873 seditiosi,
995 2767 1228 2873 turbulenti,
1247 2801 1436 2860 novarum
1466 2803 1533 2859 re-

71 2912 158 2971 rum
175 2887 332 2974 studiosi
348 2887 521 2999 undique
534 2885 705 2971 certatim
722 2910 972 2971 accurrerunt.
1005 2888 1089 2982 Qui
1114 2887 1308 2974 hominem
1338 2889 1533 3005 cupidissi-

69 3032 134 3088 me
149 3005 446 3120 complectentes
462 3028 502 3090 et
525 3003 727 3090 adorantes
753 3063 766 3106 ,
794 3030 842 3089 ut
860 3028 1035 3120 pergeret
1066 3005 1279 3112 audacter,
1308 3036 1531 3098 currentem

72 3118 391 3229 adhortarentur,
418 3151 463 3206 ac
477 3123 691 3240 religiosum
722 3119 800 3234 ejus
830 3121 998 3206 animum
1026 3124 1393 3240 sanctimoniamque
1425 3131 1530 3243 apud

74 3239 212 3356 vulgus
230 3241 327 3327 miris
345 3241 520 3326 laudibus
552 3239 775 3344 efferentes,
801 3269 828 3323 a
850 3238 960 3326 caelo
984 3239 1187 3327 demissum
1210 3269 1292 3329 esse
1319 3246 1530 3331 Lutherum

72 3354 307 3446 clamitarent
322 3359 510 3446 vindicem
531 3360 749 3444 ⁴tenuiorum
761 3357 944 3445 adversus
960 3386 1115 3475 gravem
1132 3359 1358 3449 Pontificum
1386 3367 1530 3448 Roma·

70 3500 210 3562 norum
237 3505 361 3593 atque
377 3477 590 3592 Principum
608 3473 857 3591 tyrannidem
882 3501 921 3562 et
945 3477 1221 3592 impotentiam.
1253 3482 1400 3564 Omnes
1424 3481 1527 3568 eninr

68 3591 255 3707 Principes
276 3622 385 3699 ,uno
402 3621 574 3711 excepto,
590 3623 709 3709 quem
725 3590 887 3678 maxime
902 3593 1074 3681 videlicet
1090 3596 1323 3701 metuebant,
1341 3621 1528 3710 tyrannos
1603 3610 1605 3614 ’

69 3734 148 3793 esse
184 3709 484 3801 confirmabant.
516 3712 632 3796 Unde
657 3734 803 3826 quanta
825 3709 964 3798 seditio
995 3737 1125 3800 exorta
1149 3713 1194 3799 sit
1222 3714 1262 3798 in
1294 3717 1524 3823 Germania,

76 3853 222 3941 quanta
235 3829 450 3936 calamitas,
480 3855 579 3946 quot
594 3829 747 3915 urbium
764 3828 991 3944 direptiones
1003 3893 1019 3939 .,
1031 3830 1278 3949 quotcaedes
1295 3893 1307 3939 ‚
1323 3860 1422 3948 quor
1433 3859 1526 3921 stra·
1558 3932 1562 3939 ,

73 3973 140 4060 ges
159 3973 411 4053 consecutae,
440 3948 523 4063 quis
538 3946 663 4034 valeat
678 3949 758 4032 sine
773 3976 916 4064 magno
933 3948 1066 4037 dolore
1076 3962 1404 4039 commemorare?

134 4064 220 4150 XII.
244 4103 246 4110 ·
276 4066 347 4153 ‚Ad
364 4067 467 4151 huuc
483 4094 577 4182 ergo
594 4066 789 4171 modum,
816 4067 945 4153 sumtis
970 4067 1155 4182 spiritibus
1170 4092 1209 4154 et
1235 4068 1525 4181 majoreaucto·

74 4174 182 4266 ritate
193 4184 414 4292 ‚Lutherus,
431 4214 525 4271 cum
543 4213 691 4272 novam
702 4182 948 4297 tyrannidem
966 4245 986 4288 ,
1001 4213 1118 4300 quarn
1134 4185 1200 4271 sibi
1218 4211 1416 4301 praetextu
1442 4191 1524 4276 reli·

73 4294 196 4410 gionis
218 4328 443 4418 pepererat,
466 4332 520 4389 eo
535 4298 617 4389 fore
636 4300 844 4389 ,firmiorem
865 4301 1119 4409 exhumarer,
1147 4331 1229 4418 quo
1256 4303 1418 4419 plurium
1445 4309 1523 4423 ipse

72 4437 199 4503 return
220 4418 476 4508 auctorfuisse
501 4420 723 4525 videretur,
747 4443 786 4506 et
804 4418 928 4505 statim
950 4419 1174 4537 religionem
1197 4421 1447 4511 Christianam
1477 4456 1523 4512 a·

74 4556 185 4646 perro
210 4533 388 4623 conflictu
408 4562 535 4627 totam
554 4538 724 4626 demoliri
749 4535 897 4625 difficile
908 4533 1017 4624 factu
1042 4568 1081 4625 re
1109 4563 1257 4645 utaret,
1293 4569 1442 4632 novam
1459 4573 1523 4629 ra-

72 4647 220 4737 tionem
235 4683 471 4746 commentus
497 4659 620 4745 estad
644 4686 727 4743 eam
744 4656 924 4770 paularim
942 4717 954 4759 ‚
975 4659 1047 4744 sed
1072 4571 1243 4744 funditus
1259 4660 1521 4769 evertendam,

73 4789 117 4852 ut
133 4798 266 4860 omnes
287 4774 539 4862 ecclesiasticas
559 4773 838 4860 caerimoniase
865 4774 993 4860 medio
1021 4776 1198 4884 tolleret,
1224 4777 1354 4863 omnia
1379 4777 1522 4866 sacrifi·

68 4883 131 4972 cia
153 4914 436 5008 commutaret,
465 4917 708 5011 peccatorum
724 4888 997 4983 confessionem
1022 4896 1222 5008 aboleret,
1247 4924 1380 4987 omnes
1402 4893 1521 5007 maio·

88 5058 92 5063 ⁴
514 5064 517 5069 ·
1435 5042 1523 5103 rum
