4050 5858
492 412 565 499 mr
745 439 777 457 „
856 410 858 417 ’
958 403 961 411 ’
1020 397 1372 478 consutus

465 535 580 623 iidem
611 529 845 625 affectatione
881 531 1021 654 gloriae
1046 534 1113 622 illis
1136 534 1220 653 ipsis
1247 531 1347 619 libris
1371 560 1439 618 sua
1467 528 1622 619 nomina
1651 522 1933 646 adscribentes,¹

468 655 602 772 insigni
616 657 863 742 inconstantia
878 655 994 742 fidem
1010 655 1076 742 sibi
1102 646 1355 770 derogantur.
1376 655 1461 737 Nec
1481 674 1561 737 tam
1582 651 1758 757 interest,
1778 679 1825 738 ut
1840 654 1932 768 phi-

470 773 651 890 losophos
680 774 901 886 confirmare
930 775 1046 860 video
1063 835 1075 879 ,
1090 773 1140 858 ad
1164 772 1358 860 veritatem
1387 768 1688 890 constituendam
1707 831 1719 872 ,
1739 769 1836 883 quid
1852 772 1932 856 bo-

470 879 853 1008 mines'loquantur,
887 880 1005 1011 quam
1033 891 1129 1007 ‘quid
1155 886 1309 978 faciant.
1342 888 1429 973 ded
1457 903 1514 972 est
1546 887 1800 1009 ambitionis,
1832 915 1929 996 quae

471 1018 586 1097 uitiis
618 1029 909 1116 annumeratur,
934 1019 1102 1122 gloriam*
1122 1011 1538 1120 appetereruaero,
1558 1005 1656 1120 'quid
1676 1005 1928 1093 ambitionem

470 1127 531 1213 isti
560 1130 784 1244 appellanti
813 1135 917 1213 Nam
943 1132 973 1214 si
1001 1126 1156 1213 ambitio
1171 1152 1256 1232 est,
1281 1127 1433 1212 laudem
1458 1124 1758 1239 quibuscumque
1780 1127 1925 1211 artibus

474 1242 673 1359 affectate,
690 1278 832 1361 wautam
861 1247 1080 1361 popularem
1112 1271 1286 1361 captare,
1315 1241 1589 1329 adulationibus
1617 1241 1822 1348 delectari,
1851 1245 1926 1328 ho·

471 1391 585 1475 notes
616 1363 938 1479 praefecturasque
965 1365 1130 1467 ambire,
1148 1390 1192 1449 ut
1207 1362 1327 1478 primo
1353 1361 1439 1446 loco
1454 1361 1609 1466 sedeas,
1636 1384 1688 1445 uta
1707 1361 1848 1475 prinus
1862 1361 1928 1448 di·

473 1507 537 1564 cas
570 1484 787 1568 sententiam
805 1476 987 1589 ,ambitio
1019 1481 1152 1570 vitium
1178 1506 1262 1585 est,
1287 1504 1327 1565 et
1353 1477 1392 1564 id
1419 1477 1581 1592 quidem
1604 1506 1684 1563 non
1716 1478 1926 1587 mediocre,

477 1596 646 1715 denique·
661 1602 771 1714 quod
791 1592 882 1685 'non
909 1594 1033 1713 potest
1065 1598 1142 1683 nisi
1165 1597 1205 1683 in
1229 1599 1353 1682 levem
1384 1619 1424 1680 et
1450 1598 1605 1682 stsdtum
1619 1633 1621 1637 ’
1634 1598 1829 1681 hominem
1854 1628 1929 1684 ca·

478 1713 597 1800 dere.
639 1717 711 1803 Sed
741 1720 818 1804 hoc
848 1741 999 1804 tantum
1031 1719 1134 1802 abest
1168 1717 1218 1799 ab
1250 1714 1417 1830 appetitu
1448 1713 1512 1798 illo
1545 1713 1718 1830 gloriae,
1752 1715 1927 1830 dequo

476 1829 617 1947 loquor
633 1897 646 1939 ,
662 1859 708 1920 ut
736 1837 780 1921 sit
811 1835 844 1919 ei
877 1836 1022 1949 penitus
1048 1833 1301 1919 contrarium.
1325 1838 1413 1947 Ego
1443 1833 1543 1916 enim
1569 1860 1653 1915 eam
1677 1831 1834 1946 gloriam
1853 1862 1928 1946 ap-

478 1951 557 2063 peti
585 1952 706 2058 volo,
738 1981 838 2067 quae
870 1951 1162 2036 altis-radicibus
1192 1950 1400 2054 innitatur,
1428 1977 1527 2062 quae
1556 1977 1621 2063 per
1652 1948 1770 2033 solam
1803 1951 1928 2036 virtu·

470 2089 557 2150 tem
583 2070 767 2186 contingit
783 2130 796 2174 ,
812 2068 930 2155 immo
955 2097 1053 2184 quae
1076 2068 1184 2174 sola,
1204 2094 1247 2152 ut
1273 2065 1486 2152 doctissimis
1515 2065 1600 2153 viris
1624 2064 1769 2179 placere
1793 2068 1926 2174 video,

476 2182 624 2270 virtutis
654 2212 709 2272 est
740 2187 975 2303 praemium.
1024 2185 1190 2281 Qualem
1221 2184 1378 2301 gloriam
1409 2183 1637 2297 appetebant
1670 2183 1842 2272 Aristides
1877 2211 1924 2272 et

479 2302 748 2392 Themistocles
776 2306 870 2391 inter
898 2305 1169 2390 Athenienses:
1199 2303 1352 2417 qualem
1386 2300 1441 2385 his
1472 2299 1605 2386 similes
1636 2303 1805 2390 Catones
1837 2303 1926 2388 Sci-

477 2418 683 2538 pionesque
706 2423 800 2508 inter
828 2428 1051 2507 Romanos:
1080 2450 1246 2536 quorum
1270 2418 1373 2504 alteri
1399 2440 1502 2504 cum
1520 2419 1684 2504 moribus
1701 2482 1714 2526 ,
1733 2446 1777 2507 ut
1793 2420 1845 2506 ait
1862 2425 1924 2507 Se·

470 2564 605 2645 neca,
636 2539 739 2626 alteri
768 2569 855 2625 cum
888 2540 1057 2626 hostibus
1086 2538 1182 2623 bella
1212 2538 1425 2655 gerebant:
1455 2536 1609 2651 qualem
1640 2537 1736 2623 inter
1771 2564 1925 2627 nostros

478 2654 597 2742 Cidus
628 2657 719 2742 olim
751 2683 789 2743 et
833 2658 1049 2742 Pemandus
1080 2659 1297 2741 Gonsalus:
1328 2678 1415 2769 post
1451 2655 1549 2769 ipsos
1578 2655 1730 2772 lgnigus
1762 2663 1926 2772 Luppus

477 2770 709 2859 Mendocius
725 2835 737 2879 ‚
752 2774 958 2860 Rodericus
984 2772 1272 2862 Villandrandus
1304 2798 1343 2858 et
1373 2773 1484 2857 ceteri
1508 2833 1521 2878 ,
1547 2773 1597 2859 de
1623 2774 1758 2889 quibus
1788 2775 1926 2892 legistis

478 2891 582 3002 apud
614 2893 853 2978 Fetnandum
880 2890 1098 3008 Pulgatium
1130 2915 1336 2978 nostratem
1367 2890 1612 3007 scriptorem.
1642 2893 1810 2991 Qualem
1841 2894 1923 2979 Al-

477 3003 608 3092 fonsus
640 3014 770 3095 Petnts
798 3015 1020 3095 Guzmanus
1036 3010 1133 3126 ,qui
1159 3035 1244 3126 post
1267 3033 1478 3095 semestrem
1502 3005 1650 3095 Tarifae
1679 3010 1924 3098 obsidionem

472 3122 577 3210 *hosti
593 3127 764 3236 Joanni,
787 3128 854 3243 qui
886 3152 1009 3213 cetera
1036 3129 1165 3214 omnia
1197 3126 1330 3214 frustra
1363 3151 1534 3242 expertus
1565 3123 1718 3234 fuerat,
1746 3129 1926 3216 minitan-

472 3239 539 3346 ti,
565 3243 630 3327 nisi
662 3244 845 3359 oppidum
874 3245 1055 3350 dederet,
1085 3244 1200 3331 filium
1232 3274 1272 3331 se
1300 3245 1391 3331 illius
1419 3246 1595 3331 comitem
1626 3277 1736 3332 suunt
1771 3245 1924 3334 interfe-

478 3382 660 3446 ctutum:
690 3367 764 3447 „Se
793 3392 885 3448 veto
916 3364 1109 3478 respondit
1139 3362 1258 3448 lilium
1290 3364 1463 3479 patriae,
1490 3393 1614 3481 neque
1646 3377 1735 3453 eum
1768 3367 1926 3453 immor-

475 3476 625 3562 atalem
652 3480 848 3596 genuisse:
867 3508 948 3595 quo
978 3510 1019 3566 se
1041 3482 1194 3588 orbari,
1220 3483 1248 3567 si
1279 3513 1357 3568 sors
1391 3483 1441 3568 ita
1471 3478 1610 3586 ferret,
1637 3512 1756 3599 quam
1787 3516 1809 3570 a
1839 3483 1921 3572 fide

477 3629 506 3672 n
516 3594 702 3682 discedere
728 3597 797 3681 sibi
817 3598 1014 3711 optabilius
1035 3629 1130 3685 esse.
1144 3632 1171 3674 n
1203 3599 1300 3686 Illud
1325 3600 1427 3686 'enim
1452 3599 1728 3690 fierivelcum
1757 3634 1824 3691 sua
1841 3604 1925 3721 glo-

473 3710 532 3794 ria
558 3745 693 3827 posse,
723 3714 800 3800 hoc
829 3715 907 3800 sine
939 3748 1010 3803 suo
1043 3716 1228 3804 dedecore
1260 3747 1305 3803 ac
1337 3719 1482 3805 scelere.
1498 3750 1579 3806 non
1609 3752 1739 3836 posse.
1775 3723 1923 3817 „Quin

473 3853 557 3913 »sut
583 3831 793 3949 inteligas,
817 3834 856 3917 in
885 3834 939 3918 uit
957 3896 969 3940 ‚
984 3858 1145 3949 quanto
1167 3836 1284 3951 magis
1313 3838 1423 3952 apud,
1449 3868 1511 3924 me
1539 3839 1702 3947 valeat,
1723 3865 1769 3927 ut
1793 3840 1922 3928 valere

472 3946 627 4033 sidebet
640 4012 653 4054 ,
667 3950 819 4038 'virtutis
853 3861 1022 4066 lideique
1046 3981 1185 4057 arnor,
1218 3984 1335 4069 quam
1365 3956 1486 4070 pictas
1514 3983 1669 4072 paterna
1693 3956 1792 4064 ,vel
1822 3985 1920 4044 meo

471 4097 503 4144 ss
510 4064 638 4178 gladio
669 4068 743 4179 jam
771 4067 897 4154 licebit
928 4070 1043 4156 scelus
1075 4071 1297 4157 meditatum
1328 4072 1495 4187 perficias
1505 4118 1523 4181 ,-
1546 4100 1601 4161 :ut
1630 4105 1718 4165 uuo*
1742 4071 1846 4162 neto
1874 4075 1920 4163 li·

471 4180 558 4265 „lio
582 4215 670 4271 meo
699 4215 828 4273 veram
856 4187 1008 4294 vitam,
1034 4190 1124 4274 mihi
1156 4188 1314 4305 gloriam
1346 4191 1624 4298 immortalem,
1655 4194 1722 4280 tibi
1752 4195 1917 4308 turpissi-

349 4362 354 4368 0
471 4329 608 4426 santam
633 4304 874 4419 ignominiam
904 4304 1086 4420 pariastss
1112 4331 1151 4392 et
1174 4309 1268 4395 dunt
1294 4308 1495 4424 loquitur,
1523 4312 1729 4428 pugionem
1751 4342 1774 4396 e
1802 4343 1920 4400 muro

471 4413 593 4525 dejicit
609 4479 621 4523 ,
638 4450 718 4534 quo
744 4419 839 4505 filius
862 4448 1052 4536 spectante
1084 4449 1189 4541 patre
1220 4427 1404 4513 continuo
1422 4429 1475 4515 ab
1507 4427 1615 4516 hoste
1650 4425 1791 4515 nefario
1823 4460 1917 4517 con·

468 4530 587 4619 fossus
616 4566 660 4621 ac
687 4537 904 4625 interemtus
926 4566 1003 4627 est.
1035 4549 1088 4629 Et
1112 4571 1350 4659 proavorum
1373 4546 1554 4631 memoria
1569 4549 1749 4663 Aegidius
1778 4548 1917 4636 Albor·

465 4653 592 4739 notius
608 4713 622 4760 ‚
638 4657 705 4772 qui
728 4657 885 4743 externis
900 4658 999 4744 bellis
1022 4686 1212 4748 aeternam
1236 4662 1395 4779 gloriam
1424 4663 1491 4748 sibi
1518 4677 1562 4749 ac
1587 4665 1729 4782 regioni
1753 4692 1914 4754 nostrae

463 4775 716 4884 comparavit.
751 4775 867 4861 Multi
898 4779 1075 4863 memoria
1104 4806 1253 4866 nostra.
1532 4798 1533 4803 '

520 4889 642 4979 XXII.
681 4995 684 4999 ¹
702 4894 825 5001 Quod
847 4894 876 4982 si
897 4894 1111 5013 hujusmodi
1140 4897 1298 5016 gloriam
1321 4897 1495 5008 affectate
1517 4901 1671 4992 ambitio
1701 4926 1789 5015 cst,
1820 4902 1920 4992 nihil

1840 5055 1920 5143 ego
