4050 5858
489 357 560 436 tm
984 356 1398 434 PRAEFATIO.
1507 377 1511 385 ¹

328 552 339 554 >
462 507 562 608 quos
588 485 679 575 mihi
704 485 850 576 traxisse
872 482 1096 574 videbantur
1135 513 1183 572 ex
1206 483 1467 600 quorumdam
1491 484 1721 572 commercio
1737 481 1833 603 ,qui
1849 512 1927 577 ιιιι·

466 611 532 697 dio
563 637 687 696 retum
718 635 906 694 novatum
937 601 1158 691 inflammati
1190 632 1351 750 magnos
1380 604 1452 688 hac
1474 603 1657 689 memoria
1682 607 1898 694 turnultus
1887 640 1930 695 ιιι

246 763 304 805 ι
320 748 371 805 ιι
373 747 420 800 ιιι
431 757 455 797 ι
466 727 539 815 Dei
556 725 718 814 Ecclesia
743 726 1012 831 concitarunt,
1028 731 1202 810 conversi
1219 781 1234 830 ‚
1254 749 1297 810 ιιι
1312 720 1506 809 Paulus
1474 746 1554 827 art,
1571 725 1624 805 od
1650 732 1743 807 vorti
1744 731 1925 833 loquium,

466 863 505 932 ιι
532 853 696 932 volenter
729 871 810 928 esse
836 849 929 956 legis
961 848 1159 945 doctores,
1186 869 1252 926 nec
1282 858 1404 926 tamen
1435 849 1511 924 iore
1512 847 1713 973 ligantes,
1744 870 1839 951 quoe
1863 852 1925 930 lo·

466 981 657 1099 quantur,
681 988 794 1070 oeque
819 969 864 1046 de
890 966 1024 1071 quibos
1049 959 1281 1069 affirmant.
1305 962 1379 1047 Sed
1400 958 1501 1045 nulla
1526 982 1605 1045 etat
1626 958 1745 1070 major
1769 963 1922 1049 illorum

472 1085 654 1196 juvenum
686 1082 911 1188 solicitudo,
942 1111 1059 1196 quam
1085 1080 1194 1196 quod
1224 1077 1404 1168 severeri
1432 1074 1729 1194 profitebannu,
1759 1109 1809 1166 ne
1839 1111 1923 1167 non

466 1227 592 1318 posset
618 1199 719 1287 miles
744 1228 945 1316 generosus
968 1198 1076 1284 simul
1090 1194 1218 1285 officio
1241 1196 1412 1302 militari,
1439 1194 1546 1281 simul
1577 1198 1780 1311 praeceptis
1810 1200 1922 1285 Chri·

469 1323 608 1405 stianae
628 1316 813 1435 religionis
839 1313 1064 1405 satisfacere.
1096 1319 1252 1416 Quam
1249 1316 1505 1431 opinionem,
1521 1313 1596 1401 vel
1609 1343 1773 1401 errorem
1793 1318 1921 1433 potius

468 1463 514 1523 ut
536 1439 770 1541 minuerem,
795 1464 965 1551 praesens
997 1464 1125 1542 voce,
1147 1456 1335 1551 quatenus
1358 1431 1520 1538 licuit,'
1511 1461 1550 1517 tn
1574 1426 1809 1521 familiarbus
1824 1464 1921 1523 ιοιι·

470 1555 659 1672 gressibus
677 1553 886 1641 elaboravi.
910 1559 1117 1689 Postquam
1133 1582 1227 1640 vero
1248 1554 1300 1639 in
1294 1553 1439 1637 urbem
1464 1549 1599 1638 reversi
1626 1581 1776 1660 sumus,
1792 1583 1923 1669 quae·-

474 1675 634 1808 stionern
658 1675 830 1787 scripto
823 1673 1031 1759 accuratius
1060 1671 1235 1760 disserere
1261 1669 1465 1776 constitui,
1497 1697 1541 1754 ac
1573 1668 1623 1753 de
1645 1669 1872 1757 bellorum
1863 1704 1918 1787 Ju-

339 1850 342 1871 ι
473 1791 569 1876 stitia
593 1816 632 1880 et
663 1792 891 1896 honestate,
924 1791 973 1875 de
1003 1777 1250 1895 fortitudine,
1280 1770 1329 1876 de
1361 1731 1622 1925 magnitudine
1648 1787 1792 1897 animi,
1821 1816 1921 1878 cete·

472 1909 596 2026 risque
625 1911 763 2014 rebus,
791 1938 890 2044 quae
915 1908 1067 2043 propius
1100 1909 1198 1994 hanc
1228 1908 1489 2023 quaestionem
1518 1905 1738 2021 attingunt,
1759 1850 1919 2024 disputa·

473 2054 539 2112 re:
566 2056 682 2142 quam
711 2055 782 2140 pro
805 2028 916 2140 ipsius
947 2025 1214 2141 multiplicitate
1243 2048 1283 2111 et
1309 2025 1486 2112 varietate
1513 2021 1630 2140 paulo
1661 2023 1768 2111 latius
1796 2027 1918 2142 expli·

473 2168 613 2230 catam
620 2145 695 2229 hoc
722 2143 847 2230 libello
872 2145 1088 2260 complexus
1107 2173 1219 2230 sum.
1227 2146 1358 2259 quem
1382 2167 1426 2228 ut
1447 2142 1497 2227 ad
1521 2167 1561 2229 te
1584 2141 1810 2256 potissimum
1833 2147 1920 2231 mit·

472 2285 619 2367 terem,
638 2262 831 2348 Fernande
861 2263 1023 2366 Tolete,
1043 2268 1134 2350 Dux
1156 2260 1395 2348 Albanorum
1418 2258 1569 2364 inclite,
1593 2259 1830 2348 adduxerunt
1851 2293 1920 2350 me

470 2403 560 2466 tuae
590 2323 790 2497 singulares
814 2406 853 2466 et
882 2379 1107 2466 excellentes
1125 2381 1311 2486 virtutes,
1333 2403 1450 2494 atque
1473 2379 1632 2464 eaedem
1649 2374 1918 2468 hereditariae:

471 2522 518 2584 ut
542 2498 642 2582 enim
671 2494 863 2583 Albanum
895 2497 1171 2634 principatum,
1195 2498 1246 2584 sic
1272 2525 1335 2584 eas
1360 2521 1557 2612 tamquam
1587 2495 1667 2607 jure
1694 2497 1920 2586 hereditario

473 2614 726 2727 amajoribus
755 2617 828 2702 tuis
859 2618 1011 2703 traditas
1044 2617 1241 2732 accepisti,
1272 2643 1316 2699 ac
1346 2614 1619 2751 diligentissime
1648 2616 1779 2702 tueris.
1812 2623 1919 2704 Dum

473 2731 513 2815 in
541 2732 667 2818 hostes
700 2732 840 2819 fortem
874 2759 912 2820 ιι
944 2762 1127 2849 magnum
1160 2734 1359 2840 animum,
1390 2733 1430 2817 in
1461 2757 1549 2817 tuos
1577 2731 1851 2820 humanitatem
1880 2760 1920 2823 et

471 2848 648 2964 justitiam
673 2861 861 2965 praestas,
892 2855 934 2936 in
963 2881 1095 2938 omnes
1120 2852 1332 2968 praesertim
1362 2879 1522 2986 egenos·
1531 2878 1575 2934 ac
1610 2851 1799 2939 tenuiores
1826 2853 1917 2940 libe·

471 2969 654 3055 talitatem
683 2992 722 3054 et
745 2969 1085 3106 magnificentiam.
1116 2883 1173 3056 Et
1200 2971 1310 3086 quod
1335 2995 1392 3056 est
1418 2968 1590 3055 omnium
1617 2967 1802 3056 virtutum
1826 2969 1919 3056 sun·
1932 3040 1936 3045 .

472 3085 721 3191 damentum,
751 3092 878 3173 Deum
902 3087 1081 3222 singulari
1110 3091 1276 3202 quadarn
1303 3087 1441 3202 pietate
1457 3087 1663 3173 veneratis.
1696 3090 1885 3204 ltaque
1846 3118 1919 3177 vrr-

472 3225 593 3288 tutem
619 3203 786 3290 bellicam
818 3229 858 3292 ιι
886 3205 993 3290 simul
1023 3205 1272 3292 Christianam
1298 3204 1525 3340 religionem
1552 3228 1630 3290 tam
1660 3227 1811 3292 strenue
1835 3235 1919 3293 san·

471 3343 610 3436 <teque
633 3321 748 3427 colis,
764 3346 808 3407 ut
835 3322 901 3407 ad
913 3353 1104 3430 errorem,
1128 3351 1246 3439 quem
1272 3321 1332 3407 hic
1350 3322 1525 3408 libellus
1515 3346 1743 3429 insectatur,
1760 3327 1919 3412 convin-

471 3440 637 3525 cendum
667 3383 810 3525 claritas
841 3469 973 3556 erernp
973 3440 999 3525 li
1029 3441 1086 3528 tui
1115 3467 1182 3557 per
1209 3470 1249 3527 se
1275 3440 1360 3527 satis
1392 3438 1474 3526 fote
1503 3439 1702 3527 videatur.
1733 3444 1918 3529 Ceterum

471 3581 530 3643 ut
542 3585 666 3643 sermo
692 3558 797 3646 velut
829 3558 1071 3696 discqrtando
1098 3558 1334 3645 commodius
1353 3558 1623 3674 explicaretur,
1649 3558 1786 3673 placuit
1808 3563 1920 3648 nob's

471 3672 593 3788 ipsum
621 3702 727 3761 more
744 3676 1052 3763 Socraticorum
1042 3706 1082 3762 ιιι
1098 3675 1236 3794 dialogi
1252 3673 1414 3764 formam
1438 3676 1633 3792 redigere,
1651 3677 1823 3795 verisque
1854 3709 1920 3796 pa-

473 3819 560 3875 rum
591 3789 796 3879 commode
822 3795 1134 3910 suppetentibus,
1160 3819 1234 3880 tres
1265 3793 1369 3880 fictas
1396 3794 1550 3879 anobis
1576 3823 1782 3908 personas,
1808 3798 1922 3911 quasi

474 3909 620 3995 Rornae
638 3910 836 4026 loquentes
855 3912 1057 4019 inducere,
1073 3910 1311 4022 Leopoldron
1321 3917 1557 3998 Gennanum
1583 3912 1804 4018 hominem,
1820 3942 1921 3999 non·

472 4025 562 4112 nihil
587 4027 634 4112 de
663 4029 830 4115 luthero
853 4027 1103 4135 referentem,
1129 4027 1326 4136 Alfoosom
1357 4029 1574 4115 Gaevororn
1594 4055 1749 4139 nostrae
1772 4031 1921 4169 gentis,

446 4177 454 4184 ··
470 4171 691 4231 veteranum
716 4146 902 4255 militem,
936 4174 976 4234 ιι
999 4144 1263 4239 Democratem
1287 4152 1506 4255 Graecum,
1534 4148 1595 4233 cui
1623 4149 1760 4262 primas
1779 4178 1820 4233 ιιι
1844 4151 1922 4238 dis·

468 4265 665 4374 putatione
688 4288 840 4379 partes,
856 4294 900 4353 ut
928 4265 1002 4377 jam
1027 4266 1185 4382 legens
1175 4295 1251 4351 ιιι
1280 4293 1516 4383 cognosces,
1542 4266 1800 4353 attribuimus
1829 4268 1923 4355 Ori-

468 4401 529 4462 tur
552 4406 680 4467 autem
706 4409 830 4467 sermo
855 4411 879 4467 a
901 4384 1100 4497 leopoldo
1134 4297 1332 4470 Aiiirnsum
1361 4383 1611 4498 alloquente,
1643 4412 1762 4500 quem
1791 4387 1922 4473 solum

467 4493 624 4716 offepuqit
655 4497 721 4582 ad
733 4523 904 4586 montem
928 4502 1189 4588 Vaticanum
1178 4528 1219 4586 ιιι
1246 4501 1452 4592 coenaculo
1478 4501 1603 4617 palatii
1634 4500 1845 4696 pontificii
1844 4506 1913 4593 de·

469 4640 530 4701 arn
597 4639 745 4704 antem.
