4192 5880
569 330 615 456 is
894 381 1190 465 nexum
1223 382 1570 462 cassanum

543 507 612 627 qui
630 512 840 629 perterrinxs
871 459 1043 629 exemplo
1073 507 1272 619 fraterno,
1288 539 1336 598 ne
1360 537 1494 600 contra
1517 512 1719 651 Aegidium
1747 515 1814 603 sibi
1834 545 1994 638 quoquq

543 631 793 748 pugnandum
807 655 923 739 esset,
938 631 1071 716 urbem
1086 638 1211 718 Lucae
1234 631 1397 720 Sabellio
1417 632 1611 722 vendidit
1639 637 1714 724 Sed
1734 636 1824 753 quia
1853 638 1991 747 solutio

544 747 782 845 diflerebatur
798 814 811 859 ,
828 750 997 868 deposita
1010 775 1065 836 est
1090 747 1194 901 apud
1208 749 1457 864 Julianum
1427 781 1570 858 civem,
1587 751 1711 841 donec
1725 755 1885 873 pretium
1916 759 1991 847 3ο1·

542 894 715 958 veretur.

602 990 701 1074 XLI.
761 992 869 1075 Haec
892 1018 980 1074 cum
1000 987 1160 1106 Aegidio
1177 988 1459 1095 nuntiarentur,
1473 989 1598 1076 litteris
1619 991 1829 1109 nuntioque
1844 999 1990 1085 Lucam

543 1104 593 1190 ad
610 1137 649 1193 se
663 1108 872 1195 accersivit.
901 1108 982 1204 Qui
996 1136 1085 1192 cum
1108 1136 1147 1193 se
1164 1107 1245 1193 ad
1236 1133 1458 1223 imperatum
1479 1134 1683 1196 venturum
1702 1140 1901 1246 negasset,
1918 1145 1989 1205 nec

544 1223 661 1311 ullum
676 1227 856 1362 oppidani
881 1225 1077 1314 deditionis
1105 1228 1325 1343 praeberent
1346 1226 1548 1334 indcium,
1578 1229 1757 1346 Aegidius
1786 1230 1990 1337 detestatus

350 1367 439 1480 pipp
454 1347 736 1461 vrcusconceptis
754 1344 1063 1432 exsecrationibus
1079 1348 1231 1432 Petrum
1248 1345 1387 1429 Vicrun
1417 1369 1456 1431 et
1470 1352 1612 1481 Lucam
1644 1375 1732 1432 cum
1763 1374 1849 1436 toto
1865 1382 1988 1468 popu-

403 1444 477 1481 ¹²¹³
542 1462 583 1560 lo
600 1465 838 1601 VeientanO,
855 1465 941 1553 vicis
964 1463 1140 1568 incensis,
1156 1491 1201 1547 ac
1223 1462 1420 1550 devastaris
1444 1461 1567 1580 agris,
1585 1451 1768 1580 oppidum
1792 1459 1993 1564 obsidione,

541 1584 681 1688 cinxit
695 1613 738 1669 ac
762 1584 917 1670 demum
931 1582 982 1669 ad
997 1524 1227 1668 deditidnem
1239 1583 1466 1696 ,desperato
1481 1581 1614 1668 auxilio
1631 1644 1646 1687 ,
1662 1584 1866 1698 compulit.
1898 1591 1984 1673 Bar·

541 1646 722 1789 tholorius
739 1702 972 1836 Hispellum
973 1702 1037 1787 diu
1051 1699 1249 1816 tyrannide
1264 1729 1482 1815 oppressum
1498 1725 1692 1787 tenuerat
1708 1701 1911 1818 aliquando
1935 1692 1992 1792 ιι·

542 1850 632 1906 men
653 1821 861 1937 oppidani,
877 1819 1064 1908 saevitiam
1081 1818 1230 1935 tyranni
1250 1818 1423 1933 pertaesi,
1437 1848 1527 1903 eum
1537 1818 1674 1905 urbe
1643 1847 1829 1932 ejecerunt
1843 1883 1855 1928 ,
1871 1850 1991 1939 seque

540 1940 705 2056 Aegidio
718 1939 886 2026 dedunt.
916 1938 979 2023 lllc
994 1967 1088 2028 veto
1102 1960 1234 2023 coacta
1257 1967 1402 2043 manu,
1419 1936 1518 2022 ab
1483 1964 1569 2023 vaco
1583 1937 1779 2052 quodam,
1796 1942 1904 2055 quod
1925 1943 1985 2027 ab

540 2083 621 2142 erat
645 2059 694 2143 ab
710 2058 879 2172 Hispello
899 2060 981 2144 duo
994 2056 1128 2164 millia,
1144 2055 1276 2141 crebris
1291 2054 1556 2142 incursionibus
1576 2085 1710 2172 agrum
1723 2055 1901 2194 Hispelli·
1897 2060 1987 2146 red·

541 2175 656 2263 debat
676 2174 869 2263 infestum.
906 2176 1030 2275 Quod
1062 2205 1148 2261 cum
1182 2201 1274 2261 esset
1300 2175 1351 2262 ad
1367 2174 1569 2291 Aegidium
1598 2172 1764 2265 delatum
1781 2176 1986 2311 ,equitum

539 2295 788 2412 peditumque
817 2295 997 2410 praesidio
1023 2293 1219 2380 summisso
1232 2356 1247 2400 ,
1260 2318 1465 2408 tyrannum
1498 2292 1613 2428 longe
1640 2293 1863 2425 summovit.
1902 2303 1990 2383 Eo·

539 2410 628 2499 dem
649 2439 820 2529 tempore
833 2415 988 2499 allatum
1003 2438 1058 2499 est
1072 2412 1112 2496 in
1126 2411 1308 2528 plerisque
1323 2411 1565 2526 Campaniae,
1582 2436 1697 2527 atque
1713 2410 1789 2524 ejus
1805 2443 1895 2499 orae
1913 2447 1985 2501 ma·

539 2530 684 2619 aitimae
713 2532 862 2619 ditionis
892 2531 1150 2618 ecclesiasticae
1181 2529 1391 2616 civitatibus
1404 2528 1592 2645 quosdam
1618 2530 1823 2645 impermdi
1849 2534 1986 2649 cupidi·

541 2672 619 2736 tate
645 2650 754 2736 rebus
768 2650 877 2740 novis
892 2650 1040 2738 studere
1054 2712 1066 2755 ,
1080 2675 1119 2736 et
1146 2634 1327 2734 nonnulla
1343 2648 1484 2763 oppida
1498 2648 1616 2766 vulgo
1637 2649 1846 2785 atyrannis
1872 2679 1988 2741 occu.

541 2770 649 2884 pati,
650 2799 786 2886 eaque
801 2769 1043 2857 incommoda
1055 2768 1295 2904 culpaatque
1316 2765 1464 2884 ignavia
1485 2767 1664 2880 praetoris
1679 2767 1864 2854 evenisse.
1891 2771 1984 2862 Qui

541 2887 612 2973 bus
626 2889 753 2996 malis,
774 2917 861 2975 cum
881 2888 1021 3024 ignavo
1045 2912 1084 2972 et
1103 2885 1274 3000 imperito
1295 2910 1464 2970 strenuus
1476 2907 1515 2971 et
1530 2885 1742 3001 prudensp
1742 2910 1866 2972 tactor
1896 2915 1986 2973 cum

541 3032 776 3094 armatorum
801 3006 983 3124 praesidio
1005 3006 1055 3094 ab
1068 3003 1233 3123 Aegidio
1248 3004 1471 3123 subrogatus
1484 2999 1634 3113 luisset,
1648 2919 1753 3092 sacilpe
1768 3003 1840 3091 fuit
1862 3004 1990 3098 obvia·

542 3146 638 3211 lum.

343 3293 463 3359 ,ΝΜ
483 3291 527 3343 v,
601 3247 719 3330 XLII.
776 3244 927 3333 Interim
951 3243 1140 3358 Joannem
1162 3241 1300 3350 Vicum
1318 3242 1475 3329 Cometi
1504 3242 1681 3330 vicarium
1712 3243 1752 3329 in
1784 3242 1986 3360 duodecim

346 3352 526 3465 ξῗὲηξξῗω
541 3392 664 3449 annos
680 3363 857 3482 Acgidius
881 3369 1008 3470 cre'at,
1025 3392 1105 3449 non
1120 3385 1270 3448 tantum
1292 3386 1336 3448 ut
1363 3359 1504 3448 fidem
1494 3385 1671 3449 instanter
1684 3361 1866 3477 repetenti
1881 3392 1985 3477 prae·

542 3506 682 3591 staret,
698 3483 764 3567 scd
780 3482 902 3567 multo
918 3481 1030 3567 etiam
1047 3480 1194 3597 magis,
1211 3506 1254 3565 ut
1276 3508 1365 3566 suae
1383 3478 1604 3567 liberalitatis
1621 3510 1666 3566 ac
1695 3481 2004 3567 mansuetudinis

539 3597 641 3686 fama
656 3630 723 3716 per
738 3601 878 3687 ltaliam
893 3600 1097 3714 dissipata,
1112 3597 1277 3714 reliquos
1298 3622 1479 3712 tyrannos
1496 3628 1560 3716 spe
1585 3600 1730 3685 tutioris
1761 3598 1986 3686 conditionis

541 3718 595 3802 ad
613 3747 745 3854 pacem
760 3744 798 3804 et
814 3716 1045 3804 deditionem
1062 3715 1239 3801 alliceret
1274 3721 1327 3802 At
1338 3747 1505 3802 summus
1517 3713 1717 3823 Pontifex,
1735 3741 1779 3802 ut
1794 3740 1873 3803 crat
1895 3748 1987 3833 pau·

538 3834 584 3923 1ο
606 3837 796 3944 severior,
813 3836 1052 3972 etJoannem
1068 3836 1207 3920 Vicum
1223 3835 1463 3922 vehementer
1488 3837 1646 3944 oderat,
1665 3835 1800 3924 nuntio
1824 3864 1869 3921 ac
1893 3835 1985 3925 litte·

542 3953 591 4042 ris
621 3954 772 4071 Aegidii
793 3952 912 4039 factus
942 3954 1101 4060 certior,
1116 3983 1195 4039 rem
1219 3953 1411 4069 perinique
1439 3954 1523 4041 tulit
1535 3984 1730 4070 ,eumque
1757 3984 1823 4070 pet
1850 3953 1987 4040 litteras

538 4072 718 4179 monuit,
721 4095 777 4161 ιιι
792 4073 915 4188 primo
938 4102 1095 4188 quoque
1118 4098 1288 4187 tempore
1300 4072 1488 4185 Joannem
1505 4072 1642 4157 Vicum
1659 4071 1817 4158 Corneti
1846 4067 1988 4184 praefe-

540 4213 647 4274 ctura
662 4134 886 4279 submovere
902 4217 1075 4302 curaret:
1094 4219 1163 4276 nec
1180 4191 1282 4275 enim
1298 4218 1365 4303 par
1392 4220 1497 4296 esse,
1512 4214 1557 4275 ut
1581 4220 1615 4275 ιι
1604 4188 1762 4324 aliquis
1779 4188 1988 4274 honosha·

543 4307 693 4394 beretut
709 4371 722 4416 ,
738 4340 806 4425 qut
795 4293 1017 4398 ecclesiam
1032 4333 1111 4394 ram
1129 4308 1194 4394 diu
1208 4308 1396 4422 tantisque
1410 4306 1657 4394 incommodis
1670 4306 1904 4423 pertinaciter
1917 4337 1990 4396 ve-

543 4452 685 4514 xasset:
705 4457 775 4514 nec
790 4458 922 4516 verum
939 4458 1016 4515 esse
1030 4425 1135 4540 ,ejus
1154 4424 1268 4511 fidem
1289 4450 1454 4511 sanctam
1468 4421 1550 4512 fore
1565 4489 1578 4532 ,
1595 4427 1662 4542 qui
1686 4455 1831 4542 semper
1850 4424 1988 4512 infidus

542 4547 758 4633 exstitisset..
793 4547 858 4634 Ad
874 4575 973 4664 quae
998 4544 1210 4662 Aegidius
1201 4572 1239 4626 tn
1268 4542 1372 4628 hunc
1394 4542 1553 4632 maxime
1582 4546 1743 4632 modum
1772 4544 1987 4660 respoudit:

540 4663 618 4769 „si
632 4665 786 4781 quidem
799 4665 891 4751 odio
918 4695 990 4750 suo
1002 4725 1018 4768 ,
1030 4692 1112 4777 quo
1126 4658 1314 4775 Joannem
1330 4661 1469 4749 Vicum
1485 4689 1801 4797 prosequeretur,
1802 4661 1988 4779 indulge

540 4841 568 4886 „
582 4807 623 4866 re
635 4842 649 4886 ,
675 4812 791 4896 quarn
823 4780 1102 4867 imminentibus
1134 4777 1411 4868 difficultatibus
1439 4783 1633 4869 consulere
1665 4779 1988 4886 maluisset,non

539 4957 568 5007 „
583 4899 703 4987 modo
714 4902 904 5016 Joanncm
921 4900 1061 4989 Vicum
1075 4899 1178 4988 nulla
1195 4899 1376 5018 digritate
1397 4927 1621 4992 ornaturum
1633 4930 1672 4989 se
1687 4897 1817 5012 ruisse,
1833 4899 1900 4986 sed
1910 4927 1991 5033 gra·

645 5073 646 5077 κ
1883 5015 1991 5124 „vis-
