4140 5872
403 425 515 503 sats
543 427 619 500 nx
648 419 1027 499 xnnxrnuux
1052 424 1310 502 ctoxrx.
1458 379 1465 384 ⁴
1493 440 1560 525 189

108 557 216 665 vir,
233 546 312 643 non
335 552 392 639 sui
409 548 524 638 animi
545 549 804 667 magnitudine
828 575 866 636 et
882 548 958 635 lide
973 577 1213 666 provocasset
1234 562 1246 636 ἓ
1277 554 1385 653 Quid
1401 555 1450 644 de
1468 547 1585 646 Ema-

134 676 244 762 nuelc
270 674 391 760 dicam
417 672 527 807 hujus
541 667 716 755 Roderici
741 667 851 754 fratre
869 726 883 774 ,
899 669 961 753 cui
986 670 1015 752 si
1039 671 1198 756 Graecia
1221 674 1339 786 patria
1354 676 1582 793 contigisset,

134 796 176 881 id
199 818 278 878 erat
303 817 341 878 et
366 820 529 877 maximo
554 788 684 873 animo
703 847 716 893 ,
732 812 770 873 et
795 786 910 873 fidem
936 815 1017 871 non
1035 789 1268 903 capientibus
1292 793 1386 878 ausis
1400 791 1585 913 factisque

134 936 352 1017 assecutus,
377 935 422 995 ut
451 905 555 992 facilc
583 906 825 993 decantatum
855 905 1063 990 Herculem
1093 907 1210 1023 gloria
1242 906 1364 996 fuisset
1398 941 1585 1027 provoca·

114 1039 271 1116 turus?
297 1029 409 1114 Adeo
425 1025 485 1111 illc
509 1054 590 1110 non
620 1024 790 1110 homines
813 1048 962 1109 tantum
979 1083 992 1129 ,
1009 1026 1074 1111 sed
1104 1026 1285 1111 immanes
1310 1025 1404 1114 feras
1431 1031 1586 1118 edoma·

111 1149 225 1233 bat.
246 1145 329 1238 Qui
353 1144 540 1229 nonsatis
568 1142 699 1228 habuit
722 1142 893 1230 eximiam
917 1171 1026 1257 saepe
1054 1141 1205 1230 laudem
1222 1144 1269 1230 de
1299 1145 1468 1233 hostibus
1488 1155 1586 1237 Gra·

114 1263 349 1351 -natensibus
376 1262 562 1348 retulisse:
597 1289 666 1345 nec
693 1290 739 1346 ea
764 1260 883 1378 gloria
908 1284 1108 1346 contentus
1135 1259 1233 1366 luit,
1261 1266 1371 1377 quod
1395 1265 1580 1356 immanis·

136 1382 220 1469 simi
238 1382 369 1469 :leones
392 1409 480 1466 suae
495 1378 631 1465 'virtuti
663 1379 877 1484 cessissent,
902 1405 992 1462 cum
1019 1378 1185 1463 nobilem
1210 1379 1424 1496 virginem,
1449 1387 1514 1471 scd
1531 1412 1587 1474 te·

115 1528 239 1585 ‚mere
260 1497 518 1612 imperiosam,
533 1495 680 1582 incusso
696 1495 860 1610 colapho
875 1556 887 1599 ,
903 1496 1105 1609 quomodo
1123 1496 1207 1581 viris
1222 1497 1370 1584 nullum
1389 1502 1586 1592 discrimen

117 1616 352 1704 recusaturis
375 1614 636 1731 imperandum
659 1637 781 1719 essct,
797 1612 1022 1698 admonuit:
1050 1612 1194 1699 reddita
1210 1614 1380 1703 videlicet
1402 1619 1586 1708 chirothe-

133 1764 211 1841 ca,
226 1765 344 1851 quam
372 1733 536 1849 elapsam
557 1730 619 1813 illa
646 1761 669 1815 e
693 1731 863 1817 manibus
884 1728 922 1814 in
948 1729 1103 1815 leonum
1119 1760 1301 1837 caveam,
1319 1763 1400 1821 non
1424 1765 1500 1822 esse
1519 1739 1588 1854 qui

135 1852 206 1939 sibi
220 1853 449 1956 restitueret,
467 1848 642 1933 audiente
665 1848 745 1962 ipso
761 1846 969 1932 Emanuelc
988 1873 1027 1934 et
1049 1849 1124 1934 aliis
1140 1881 1290 1936 summo
1308 1851 1396 1938 loco
1420 1855 1514 1940 natis
1530 1857 1588 1968 ju·

133 1971 312 2076 venibus,
324 1967 429 2084 quasi
444 1966 670 2080 exprobrans
693 1965 758 2049 illis
773 1965 986 2082 ignaviam,
1002 1963 1092 2053 ficto
1114 1969 1258 2084 gemitu
1273 1995 1479 2085 conquesta
1495 1997 1586 2072 erat:

120 2090 203 2174 sed
234 2088 389 2201 trajecto
419 2084 510 2169 mari
543 2111 691 2169 novum
722 2082 870 2169 hostem
898 2082 966 2167 sibi
995 2086 1284 2198 quaerendum,
1318 2087 1404 2172 alias
1433 2120 1588 2206 magna·

121 2229 232 2293 rum
245 2235 370 2291 rerum
393 2202 604 2289 occasiones
637 2202 841 2314 captandas
868 2199 1042 2315 putavit.
1077 2202 1192 2289 Unde
1218 2203 1312 2288 inter
1339 2230 1465 2291 cetera
1494 2208 1588 2296 invi·

97 2366 100 2369 ·
127 2347 220 2409 ¹ctae
243 2324 331 2410 suae
362 2321 509 2409 virtutis
540 2318 770 2404 documenta
797 2343 939 2433 septem
968 2315 1252 2404 fortissimorum
1282 2324 1510 2430 Maurorum
1527 2353 1588 2411 ca·

136 2441 215 2557 pita
231 2501 244 2546 ,
259 2471 358 2557 quos
373 2438 557 2556 sigillatim
584 2435 724 2552 praelio
753 2436 921 2525 devictos
948 2435 1182 2524 interfecerat
1199 2498 1213 2546 ,
1230 2440 1461 2554 reportavit:
1489 2471 1588 2559 quae
1720 2477 1723 2484 ¹

125 2558 250 2646 ⁴nobis
278 2558 422 2674 Hispali
453 2555 677 2643 admirando
700 2554 912 2670 spectaculo
943 2549 1067 2640 haere.

213 2679 281 2761 IV.
355 2681 458 2760 Nam
485 2672 704 2761 Bernardini
734 2672 880 2757 Velasci
908 2671 1206 2759 Castellanorum
1243 2676 1529 2786 Comestabilis,
1550 2704 1590 2767 et

125 2794 238 2881 *Petri
266 2793 427 2878 Manrici
453 2792 569 2877 Ducis
586 2789 795 2903 Najarensis
811 2850 824 2896 ,
842 2789 1053 2906 principum
1091 2789 1349 2906 oppositarum
1365 2797 1592 2884 Cantabriae

124 2908 377 3018 factionum,
401 2936 508 2997 tanta
528 2906 598 2995 fuit
621 2936 669 2994 eo
686 2906 787 2993 bello
810 2909 849 2994 in
870 2907 1010 3022 praeliis
1027 2908 1166 2995 ciendis
1195 2909 1376 2996 industria
1407 2937 1446 2997 et
1476 2914 1590 3000 animi

136 3030 376 3145 promritudo
393 3089 405 3134 ,
424 3051 468 3113 ut
490 3030 583 3115 dum
608 3024 700 3110 alter
725 3024 830 3112 alteri
851 3024 1032 3113 virtutem
1053 3024 1301 3134 aemulatur,
1320 3028 1454 3115 multas
1482 3057 1588 3119 uter-

126 3175 218 3261 -que
243 3145 293 3233 de
317 3146 426 3232 hoste
455 3144 627 3233 victorias
655 3142 927 3256 reportaverit:
961 3171 1127 3258 quorum
1147 3147 1399 3234 Bernardinus
1422 3148 1460 3233 in
1487 3176 1586 3238 cerc-

127 3263 187 3351 ·ris
210 3264 470 3352 certaminibus
493 3265 641 3350 hostem
657 3262 724 3368 ,in
747 3259 811 3346 illo
836 3289 929 3347 vero
954 3289 994 3345 se
1008 3261 1128 3376 ipsum
1150 3261 1275 3349 vicisse
1293 3264 1388 3349 mihi
1401 3265 1500 3354 visus
1515 3293 1586 3377 est,

137 3410 228 3468 cum
257 3383 296 3468 in
324 3383 520 3470 obsidione
549 3387 677 3466 Loxae
707 3377 905 3467 commisso
934 3380 1095 3497 equestri
1131 3380 1299 3497 praelio,
1331 3383 1461 3469 lancea
1489 3387 1586 3472 vali·

127 3498 284 3590 ’dissime
310 3506 360 3591 ab
387 3503 497 3590 hoste
518 3527 726 3608 contorta,
750 3501 958 3589 secundum
987 3495 1109 3585 femur
1136 3497 1330 3587 confossus
1359 3501 1475 3587 telum
1508 3503 1586 3618 ipsc

128 3647 208 3703 sua
224 3651 337 3706 manu
350 3621 505 3721 eduxit,
521 3650 591 3707 nec
616 3621 739 3706 solum
761 3649 842 3705 non
865 3615 999 3706 defecit
1014 3619 1142 3703 animo
1164 3619 1299 3736 largius
1315 3643 1492 3703 manante
1508 3648 1587 3705 san-

126 3734 283 3851 guine,
312 3740 378 3825 sed
409 3768 584 3827 accensus
605 3739 691 3844 ira,
721 3738 870 3852 ipsum,
896 3766 920 3823 a
943 3766 1024 3853 quo
1056 3736 1192 3824 vulnus
1218 3760 1410 3852 acceperat
1426 3795 1438 3841 ,
1452 3735 1587 3824 eadem

135 3854 251 3968 ipsius
281 3855 409 3941 lancea
440 3881 580 3943 retorta
610 3855 831 3944 trucidavit.
866 3861 1047 3973 Longum
1079 3880 1174 3942 esset
1196 3855 1329 3966 Jacobi
1359 3852 1482 3969 Luppi
1512 3858 1587 3939 Pa·

137 3972 254 4086 ciechi
264 3973 435 4059 Villenae
462 3972 691 4060 Marchionis
718 3974 949 4061 documenta
979 3972 1068 4060 fidei
1090 4002 1134 4059 ac
1149 3971 1292 4061 virtutis
1308 4038 1320 4074 ,
1337 3996 1375 4057 et
1391 3997 1478 4058 ante
1493 3971 1587 4085 illud

139 4087 278 4289 gellam
294 4091 335 4178 in
362 4092 604 4179 seditionibus
619 4091 902 4208 principalibus,
920 4114 959 4176 ct
981 4091 1020 4176 in
1047 4102 1127 4205 ipso
1146 4089 1245 4176 edita
1261 4118 1585 4176 commemorare.

129 4282 132 4286 ,
181 4207 219 4291 bi
242 4234 320 4295 tam
345 4209 507 4327 graviter
530 4237 586 4297 est
604 4210 820 4298 vulneratus
837 4234 906 4316 ,ut
921 4210 1113 4295 brachium
1132 4209 1304 4293 dextrum
1322 4269 1335 4314 ,
1350 4236 1432 4323 quo
1447 4207 1587 4296 vulnus

138 4325 307 4440 accepit,
324 4356 374 4413 ne
402 4356 505 4413 nunc
531 4328 688 4445 quidem
710 4330 794 4415 satis
817 4324 944 4414 officio
972 4358 1041 4412 suo
1067 4323 1173 4441 fungi
1187 4350 1302 4439 queat
1319 4357 1329 4411 :
1345 4326 1454 4440 quod
1477 4327 1512 4411 ci
1526 4354 1588 4410 ac·

136 4440 250 4548 cidit,
268 4443 361 4529 dum
384 4444 569 4532 laboranti
584 4447 689 4532 militi
714 4447 809 4533 inter
826 4445 1016 4532 confertos
1033 4444 1158 4529 hostes
1174 4470 1321 4530 securus
1336 4443 1485 4558 periculi
1500 4444 1587 4556 sub·

125 4559 303 4647 ¹veniret.
328 4563 435 4658 Quid
456 4589 577 4678 patres
594 4588 759 4670 vestros,
777 4565 877 4651 viros
898 4562 1063 4677 optimos
1079 4585 1116 4647 et
1143 4561 1301 4650 invictos
1322 4558 1504 4666 referam,
1522 4562 1548 4673 J
1570 4608 1588 4627 ·

134 4677 276 4764 cobum
291 4682 516 4768 Cordubam
528 4680 1011 4798 Allonsumqueiquorum
1035 4678 1126 4766 alter
1138 4680 1431 4766 Granatcnsium
1457 4706 1587 4813 regem

130 4792 173 4879 in
197 4798 338 4911 praelio
363 4829 480 4915 parva
504 4829 621 4885 manu
645 4798 788 4886 victum
811 4799 937 4914 cepit,
958 4798 1226 4914 captivumque
1246 4827 1334 4881 cum
1359 4828 1435 4878 xm.
1455 4797 1586 4881 malita-

129 4911 231 5017 llbus
253 4915 364 5035 signis
388 4918 429 5007 in
458 4918 692 5040 triumphum
708 4917 843 5034 duxit,
866 4915 986 5030 alter,
1004 4914 1205 5036 ⁴praeclaris
1234 4913 1340 5004 editis
1364 4909 1588 5050 facinoribps

1545 5060 1586 5120 tn
