4006 5850
509 396 588 484 43⁶2
854 386 922 460 nu
945 383 1065 461 unu
1089 361 1326 458 ιιιιιιπιετἶ
1341 387 1536 460 orsurus.

487 501 710 626 judiciariam
722 507 821 597 illam
836 510 928 615 ,cui
951 511 1043 596 haec
1059 511 1391 598 custodiendarum
1417 510 1545 628 legum
1560 538 1583 593 a
1613 537 1654 595 se
1669 501 1835 595 latarum
1864 536 1926 595 cu·

486 658 569 715 ram
584 629 840 744 delegaverit,
860 629 971 715 Plato
984 654 1153 716 testatur.
1196 629 1319 725 Quod
1345 627 1374 712 si
1405 657 1538 745 regum
1566 652 1683 743 arque
1715 628 1925 743 principum

487 756 632 842 tantam
648 776 723 831 esse
737 744 974 834 ferendarum
989 772 1104 863 arque
1124 748 1444 835 moderandarum
1460 749 1589 865 legum
1601 770 1836 860 potestatem
1848 777 1923 832 non

486 866 611 963 solum
619 865 881 964 hominesesse
905 865 1109 955 voluerunt
1121 868 1228 974 ,used
1244 865 1502 973 Deusetiam,
1526 864 1593 980 qui
1608 893 1675 979 per
1691 865 1920 978 Apostolum

298 972 429 1087 aiiii&
437 983 474 1036 'i
484 984 645 1069 Paulum
659 985 842 1072 subditos
855 1016 927 1071 nos
944 1014 1022 1072 mse
1039 983 1438 1103 iuber‘ntagistraribus
1453 1007 1492 1070 et
1509 984 1618 1070 dicto
1627 981 1852 1087 audientes,
1877 1010 1920 1070 ac

452 1156 458 1163 J<
484 1112 551 1218 per
565 1104 811 1221 Petrumregi
826 1134 954 1220 parete
970 1123 1166 1221 tamquam
1176 1103 1483 1223 praeexcellenri,
1510 1103 1672 1188 ducibus
1686 1126 1922 1218 tamquama

487 1226 576 1310 Deo
594 1221 707 1308 missis
724 1254 733 1309 :
750 1252 829 1338 qua
842 1223 996 1310 tandem
1012 1225 1181 1340 porentia
1207 1253 1295 1310 eum
1310 1252 1388 1309 esse
1408 1221 1508 1307 credi
1531 1249 1598 1336 par
1613 1245 1699 1325 est,
1724 1221 1789 1304 cui
1819 1220 1924 1305 Chri-

464 1339 699 1455 srusclaves
714 1341 820 1429 dedit
845 1343 951 1460 regni
965 1344 1187 1451 caelorum,
1212 1367 1250 1428 et
1272 1371 1459 1428 summam
1475 1338 1635 1428 contulit
1659 1338 1922 1424 auctoritatem

316 1445 459 1549 mm·
486 1460 608 1548 verbis
624 1459 715 1544 illis:
740 1461 1116 1569 ,Quidquidsolverr‘s
1131 1476 1435 1570 superterram,
1460 1464 1700 1543 eritsolutum
1728 1474 1767 1541 er
1789 1466 1831 1540 r‘n
1850 1484 1924 1542 cae·

303 1580 305 1583 ’
486 1585 566 1663 lis:
596 1593 634 1661 et
649 1583 831 1685 quidquid
843 1586 1058 1688 ligaveris,
1077 1587 1258 1689 ligatum:
1278 1578 1328 1664 ad
1351 1604 1552 1681 summam,
1569 1606 1687 1691 quem
1704 1575 1815 1660 terris
1830 1603 1924 1662 exce·

487 1697 580 1784 dens
596 1695 780 1783 Ecclesiae
808 1725 896 1782 suae
918 1727 962 1783 ac
978 1697 1198 1812 reipublicae
1213 1696 1444 1782 Christianae
1467 1723 1554 1780 curn
1579 1723 1729 1778 summa
1747 1717 1923 1807 potestate

486 1809 687 1930 praefecit,
713 1815 845 1930 suique
861 1816 950 1901 loco
965 1815 1060 1902 inter
1084 1815 1256 1900 homines
1272 1843 1350 1900 esse
1374 1813 1520 1903 voluit?
1535 1815 1649 1897 Hanc
1673 1811 1793 1928 igitur
1821 1836 1921 1927 pote·

485 1957 620 2018 starem
638 1940 727 2015 cuin
745 1933 784 2022 in
796 1937 909 2018 Petro
928 1933 1199 2048 Apostolorum
1210 1990 1212 2000 ›
1223 1935 1386 2048 principe
1411 1934 1538 2018 datam
1554 1959 1631 2016 esse
1647 1956 1803 2016 constet
1829 1960 1925 2014 sum·

483 2050 553 2133 ntis
568 2048 821 2163 sacerdoribus
845 2050 922 2164 ejus
937 2051 1230 2155 successoribus,
1252 2049 1355 2137 nefas
1372 2073 1429 2136 est
1445 2049 1650 2152 dubitate,
1678 2049 1776 2163 quin
1803 2046 1925 2132 Ponti·

487 2165 548 2251 fici
564 2167 754 2274 maximo,
779 2197 895 2284 quem
910 2171 1051 2283 Papam
1067 2169 1322 2284 appellamus,
1348 2165 1516 2274 ferendi,
1542 2167 1774 2283 abrogandi,
1801 2165 1924 2248 inten-

487 2284 631 2390 dendi,
659 2286 947 2403 remittendique
975 2286 1099 2402 leges,
1131 2310 1295 2401 potestas
1318 2287 1434 2402 longe
1459 2286 1578 2399 major
1603 2345 1616 2389 ,
1646 2315 1767 2399 quam
1789 2281 1924 2367 eunmis

487 2402 637 2519 regibus
652 2427 691 2488 et
706 2404 944 2519 principibus,
960 2433 983 2488 a
998 2409 1086 2490 Deo
1101 2406 1241 2491 tributa
1256 2404 1314 2495 sit.
1339 2403 1447 2498 Quid
1458 2427 1515 2491 est
1537 2401 1638 2489 enim
1667 2403 1834 2519 ligareet
1860 2399 1924 2485 sol·

487 2546 607 2626 vere,
634 2521 701 2606 nisi
731 2521 830 2638 leges
845 2524 1030 2627 condere,
1047 2523 1273 2640 easdemque
1285 2553 1356 2637 pro
1370 2551 1438 2608 sua
1462 2521 1663 2636 prudentia
1681 2546 1722 2608 et
1753 2519 1923 2604 arbitratu

488 2637 704 2743 moderari,
730 2640 791 2726 vel
806 2640 945 2747 etiarn,
972 2640 1001 2725 si
1016 2667 1073 2727 res
1088 2665 1245 2755 poscet,
1273 2641 1492 2756 abrogare?
1521 2644 1602 2726 Aur
1616 2638 1712 2753 quid
1729 2638 1835 2723 aliud
1851 2663 1925 2724 vet·

488 2754 540 2838 ba
553 2754 612 2840 illa
625 2753 856 2874 significant,
872 2761 1055 2864 quidquid
1076 2765 1263 2865 ligaveris
1276 2772 1546 2868 superterram
1561 2817 1573 2862 ,
1588 2756 1655 2841 nisi
1670 2755 1788 2859 illud,
1804 2782 1926 2869 quam·

490 2901 655 2988 cumque
672 2874 793 2989 legem
809 2875 1025 2962 hominibus
1040 2875 1215 2983 dederis,
1239 2875 1332 2960 hacc
1355 2873 1664 2960 auctoritateDei
1692 2869 1926 2957 confirmabi·

490 3013 580 3095 tur,
613 2991 759 3106 eritque
788 3016 891 3077 rara:
914 3020 1197 3110 quamcumque
1223 2992 1346 3109 legem
1372 2992 1639 3108 abrogaveris,
1677 2990 1742 3077 vel
1768 3013 1928 3104 exparte

390 3177 393 3181 ‚
490 3107 697 3215 remiseris,
726 3108 956 3196 intribunali
981 3111 1055 3197 Dei
1087 3109 1328 3198 relaxabitur:
1359 3109 1550 3227 quidquid
1579 3109 1740 3195 demum
1771 3107 1864 3220 justa
1885 3105 1928 3189 de

491 3253 602 3310 causa
618 3225 696 3312 sive
721 3224 760 3310 in
791 3227 1014 3334 universos,
1040 3227 1172 3314 sivein
1196 3227 1360 3344 singulos
1383 3225 1580 3330 statueris,
1610 3248 1738 3309 ratum
1767 3224 1847 3310 erit.
1874 3220 1928 3306 Sic

494 3344 595 3428 enim
616 3343 825 3459 loquuntur
842 3374 975 3431 ornnes
991 3406 1003 3450 ,
1019 3369 1065 3430 ut
1086 3345 1152 3460 qui
1167 3344 1241 3461 legi
1261 3345 1445 3455 subjectus
1461 3361 1545 3450 est‘,
1568 3343 1674 3428 hunc
1698 3342 1788 3458 lege
1811 3338 1930 3444 reneri,

496 3458 580 3577 lege
592 3460 796 3577 constringi
812 3520 827 3567 ,
842 3459 924 3578 lege
939 3462 1122 3578 obligari,
1139 3487 1206 3547 aut
1220 3492 1243 3548 e
1258 3463 1407 3550 diverso
1422 3461 1506 3578 lege
1520 3458 1687 3546 solutum
1703 3489 1787 3545 esse
1803 3460 1929 3546 dicant:

494 3604 540 3664 ut
556 3608 636 3664 non
652 3602 792 3665 temere
803 3578 1028 3698 quibusdam
1045 3581 1137 3671 viris
1148 3579 1368 3671 doctissimis
1393 3579 1587 3700 aligando
1613 3577 1675 3666 lex
1702 3577 1811 3666 dicta
1835 3573 1932 3662 fuisse

494 3697 681 3785 videatur.
791 3724 795 3730 ’
1381 3764 1383 3769 s
1545 3702 1548 3707 ’

322 3849 503 3912 monam,
555 3818 610 3900 V.
669 3817 850 3902 Ceterum
862 3814 951 3934 quia
965 3813 1067 3934 leges
1083 3845 1164 3903 non
1189 3845 1273 3905 uno
1288 3844 1427 3952 genere
1442 3815 1711 3918 continentur,
1746 3814 1812 3898 sed
1827 3838 1933 3927 quae·

303 3920 418 3974 ⁹⁰‘¹''¹'
498 3930 588 4019 darn
606 3956 662 4019 est
680 3958 862 4041 naturae,
889 3935 1079 4051 quaedam
1099 3929 1243 4041 civilis,
1265 3934 1394 4020 divina
1410 3933 1508 4038 alia,
1534 3932 1605 4017 alia
1625 3930 1844 4046 pontificia:
1863 3955 1933 4012 cu-

497 4048 660 4164 jusmodi
675 4050 810 4138 harum
825 4080 1002 4169 quaeque
1017 4052 1095 4157 sit,
1125 4075 1165 4140 et
1179 4076 1366 4170 quatenus
1393 4051 1432 4137 in
1448 4078 1605 4167 quoque
1618 4078 1763 4166 genere
1783 4042 1936 4163 pontifi·

497 4169 556 4254 cia
570 4192 733 4285 potestas
748 4170 1009 4287 progrediatur
1027 4233 1040 4279 ,
1054 4169 1228 4287 deinceps
1243 4170 1460 4259 disseremus
1478 4230 1491 4274 ,
1506 4170 1551 4254 ut
1575 4197 1665 4254 cum
1687 4168 1740 4254 de
1755 4165 1936 4253 martimo·

497 4287 550 4373 uii
566 4288 712 4405 legibus
729 4315 775 4373 ac
787 4288 950 4404 ipsarum
967 4287 1255 4404 dispensatione,
1270 4289 1375 4402 cujus
1393 4288 1444 4374 rei
1467 4287 1586 4406 gratia
1600 4287 1727 4372 totam
1750 4287 1851 4374 hanc
1871 4312 1936 4369 sus

497 4406 663 4520 cepimus
686 4407 1014 4521 disputationem,
1055 4402 1228 4521 privatim
1245 4433 1404 4525 agetur,
1430 4405 1635 4523 expeditior
1651 4404 1766 4491 nobis
1782 4405 1829 4491 sit
1852 4400 1935 4490 ratio

305 4523 549 4613 ..naemu-de
563 4523 713 4643 singulis
729 4525 970 4641 disceptandi.
1004 4525 1081 4608 Est
1096 4532 1220 4634 igitur
1250 4533 1314 4609 lex
1329 4542 1519 4629 naturae,
1542 4548 1588 4608 ut
1611 4521 1751 4607 Cicero
1782 4522 1936 4636 pruden-

306 4619 471 4685 ¹¹⁰²¹‘”‘'⁵l
498 4640 637 4729 tissime
662 4639 861 4747 definivit,
885 4669 996 4751 quam
1019 4669 1088 4728 nort
1102 4652 1253 4752 opinio,
1280 4649 1351 4725 sed
1369 4652 1499 4727 innata
1518 4650 1585 4726 vis
1610 4648 1792 4726 inseruit.
1827 4645 1935 4726 Porro

497 4786 587 4847 cum
603 4789 648 4846 ea
663 4758 720 4845 vis
734 4759 867 4874 partim
883 4761 1060 4847 universo
1112 4762 1211 4846 eneri
1225 4762 1471 4847 animantium
1489 4761 1534 4846 sit
1549 4760 1679 4845 innata
1695 4819 1708 4864 ,
1728 4759 1869 4874 partim
1882 4783 1938 4872 pet

495 4879 635 4994 species
656 4877 883 4997 quibusdam
905 4877 1040 4992 insita,
1060 4792 1246 4992 efficitur,
1272 4903 1317 4969 ut
1331 4879 1418 4989 lex,
1442 4878 1520 4968 sive
1546 4879 1605 4995 jus
1634 4903 1796 4967 naturae
1829 4871 1940 4983 (nihil

1844 5021 1937 5084 enlm
