4140 5872
288 424 363 500 on
397 418 609 503 trenno
646 423 720 497 nt
758 418 935 502 ntem
976 420 1214 498 orrrcro
1257 424 1361 499 rra.
1389 425 1417 498 r.
1509 375 1573 521 10,

143 582 308 660 necare,
338 552 401 640 vel
433 552 472 637 in
494 551 661 638 exsilium
689 549 867 654 mittere,
897 574 1046 637 constat
1073 551 1176 636 enim
1206 551 1255 636 ab
1288 553 1342 638 his
1365 549 1598 666 potissimum

143 673 350 790 tyrannidis
380 671 566 758 licentiam
599 668 790 786 impediri:
820 698 885 755 rex
918 695 963 756 ut
994 699 1150 756 suorum
1184 669 1291 756 saluti
1319 697 1358 757 et
1388 670 1597 756 commodi·

144 794 283 880 tatibus
310 792 502 896 consulit,
528 790 578 875 sic
604 790 655 874 eis
683 815 790 874 carus
817 813 905 894 est,
938 814 979 875 et
1009 813 1114 874 tutus
1146 817 1371 904 securusque
1398 789 1501 906 degit
1524 851 1535 894 ,
1556 815 1597 875 et

142 939 290 1027 praeter
320 912 471 998 hostem
499 908 687 994 neminem
715 930 889 994 veretur:
914 932 1118 1023 tyrannus,
1135 908 1380 995 sollicitudine
1406 934 1444 994 et
1470 938 1597 1025 ango·

141 1031 245 1119 ribus
280 1029 525 1118 eaedentibus
556 1026 766 1130 animum,
807 1055 896 1112 cum
928 1027 1057 1112 omnia
1093 1028 1261 1130 timeat,
1301 1024 1430 1111 omnia
1461 1050 1596 1113 cavet.

141 1153 278 1269 Itaque
311 1148 452 1234 civium
478 1145 667 1260 colloquia
696 1169 736 1230 et
760 1173 980 1261 congressus
1014 1143 1123 1251 freti,
1158 1172 1206 1230 ne
1238 1175 1316 1262 qua
1346 1146 1455 1230 detur
1486 1173 1601 1230 occa-

139 1267 201 1353 sio
231 1270 270 1352 in
302 1266 423 1381 ipsum
454 1264 723 1379 conspirandi,
756 1287 894 1372 vetat3
926 1289 966 1351 et
997 1263 1137 1351 civium
1168 1264 1265 1349 inter
1290 1293 1328 1349 se
1355 1263 1611 1369 concordiam,

139 1415 254 1470 suam
278 1413 354 1470 esse
383 1406 526 1498 pestem
551 1407 688 1485 ratus,
715 1380 938 1467 discordiam
972 1382 1069 1469 inter
1096 1412 1161 1469 eos
1188 1411 1307 1471 serere
1339 1410 1420 1468 non
1450 1382 1601 1468 desistit.

138 1504 414 1590 Doctrinarum
436 1501 563 1588 studio
591 1526 632 1587 et
654 1499 776 1586 doctis
798 1500 1014 1586 hominibus
1041 1500 1179 1586 idcirco
1202 1498 1364 1587 infensus
1388 1524 1472 1605 est,
1505 1528 1601 1615 quo
1726 1528 1728 1531 ’

138 1621 246 1706 niam
274 1622 439 1724 harum,
466 1618 681 1733 praesertim
710 1617 969 1734 philosophiae
997 1619 1166 1724 scientia,
1183 1619 1327 1705 animos
1356 1619 1529 1724 extollit,
1556 1648 1601 1704 o·

139 1739 252 1825 dium
268 1738 451 1827 servitutis
467 1797 480 1842 ,
496 1737 673 1822 libertatis
699 1764 869 1821 amorem
886 1797 898 1842 ,
915 1762 1230 1852 contemnamque
1255 1738 1414 1840 mortis,
1441 1737 1601 1822 maxime

136 1884 245 1973 quae
277 1855 506 1943 miseriarum
538 1854 653 1938 linem
681 1852 854 1960 afferat,
887 1856 1119 1969 ingenerat,
1152 1885 1296 1973 magno
1328 1855 1462 1941 Dioni,
1487 1861 1595 1969 syra.
1613 1843 1792 1964 §¹332ssss

136 1976 314 2081 cusani,
345 1973 527 2088 Brutique
559 1970 723 2057 Romani
756 1972 1029 2059 documento:
1060 2001 1227 2089 quorum
1258 1973 1316 2058 ille
1342 1973 1507 2060 Platonis
1532 1964 1707 2075 au·{l¹l¹1‘.¹‘
1744 1965 1821 2050 ‘¹⁰2

139 2094 247 2178 ditor
273 2090 499 2206 Dionysium
528 2150 540 2195 ,
574 2118 707 2205 aquo
734 2085 856 2176 fuerat
880 2092 934 2178 ob
967 2092 1143 2178 timorem
1176 2093 1216 2176 in
1248 2091 1413 2178 exsilium
1445 2093 1594 2197 missus,

137 2210 299 2299 inducta
327 2215 564 2296 Graecorum
596 2207 890 2300 adolescentium
914 2239 1032 2294 manu
1064 2211 1158 2296 urbe
1190 2210 1323 2297 cedere
1342 2211 1504 2326 coegit3
1538 2210 1599 2296 hic

142 2329 211 2415 diu
234 2329 274 2416 in
305 2327 505 2414 Platonicis
528 2325 666 2441 scriptis
690 2352 858 2419 versatus
890 2389 903 2432 ‚
932 2327 1173 2442 conspirandi
1202 2356 1246 2412 ac
1275 2328 1442 2412 Caesaris
1472 2328 1600 2443 oppri-

143 2446 274 2534 mendi
300 2446 470 2561 princeps
497 2469 536 2530 et
561 2467 694 2529 auctor
719 2441 814 2529 fixit(
843 2449 880 2531 A
911 2474 989 2559 qua
1023 2445 1229 2560 suspicione
1254 2448 1393 2531 Caesar
1416 2445 1492 2559 ipse
1517 2476 1599 2534 non
1704 2489 1710 2518 ι

143 2564 412 2670 abhorrebat,
445 2564 513 2677 qui
543 2562 592 2647 ab
620 2560 744 2651 amicis
779 2621 791 2666 ,
828 2587 871 2647 ut
901 2591 925 2645 a
957 2567 1094 2648 Marco
1127 2563 1299 2649 Antonio
1329 2587 1368 2650 et
1400 2563 1600 2651 Dolabella

145 2708 320 2789 caveret,
334 2680 548 2768 admonitus
567 2738 581 2786 ,
598 2680 686 2765 Non
710 2695 857 2786 metuo,
879 2679 1031 2795 inquit,
1057 2684 1125 2766 hos
1150 2684 1277 2768 obesos
1289 2697 1326 2764 et
1352 2690 1598 2790 cincinmtos,

144 2804 216 2883 sed
242 2808 327 2888 illos
350 2803 516 2912 pallidos
545 2813 584 2883 et
605 2803 845 2905 macilentos,
880 2802 1042 2887 Brutum
1071 2799 1206 2887 scilicet
1232 2800 1436 2888 ostendens
1452 2827 1491 2888 et
1507 2805 1599 2887 Cas·

145 2949 255 3006 stum.

206 3040 276 3123 Xl.
336 3037 400 3125 Ad
436 3067 621 3124 summam
652 3066 718 3126 rex
754 3034 1052 3154 patremfamilias
1094 3038 1285 3127 imitatur.
1326 3043 1429 3125 Nam
1463 3064 1507 3125 ut
1536 3039 1598 3125 hic

140 3152 284 3242 'domus
314 3156 720 3273 domesticorumque;
754 3158 804 3244 sic
838 3187 903 3243 rex
933 3159 1089 3245 civitatis
1131 3186 1175 3242 ac
1219 3157 1356 3245 civium
1385 3158 1598 3244 commodis

144 3297 185 3359 et
211 3275 383 3393 dignitati
409 3275 593 3362 consulit.
625 3281 830 3388 Tyrannus
857 3300 985 3362 autem
1009 3275 1178 3390 publicus
1207 3276 1323 3362 hostis
1354 3303 1440 3382 est,
1471 3304 1511 3365 et
1527 3268 1775 3386 bel-,fflsslllg

144 3389 225 3477 hun
252 3422 342 3479 cum
365 3393 508 3481 civibus
536 3393 774 3483 continenter
798 3393 923 3511 gerit,
953 3420 992 3481 et
1013 3394 1091 3481 hoc
1117 3395 1230 3513 agit,
1258 3394 1337 3480 hoc
1366 3426 1486 3481 unum
1514 3427 1598 3484 mo·
1612 3399 1744 3439 “mle‘’

146 3509 269 3617 litut,
301 3537 345 3598 ut
379 3513 479 3601 cives
510 3535 688 3597 extenuet
723 3574 736 3617 ,
770 3537 809 3598 et
838 3511 888 3597 ad
918 3513 1207 3628 conspirandum
1236 3511 1403 3599 infirmos
1433 3515 1598 3622 reddat,

145 3629 271 3715 multis
296 3629 451 3745 quidem
478 3630 687 3716 rationibus
715 3690 728 3736 ,
761 3628 827 3714 sed
858 3657 958 3743 quae
988 3661 1120 3717 omnes
1143 3633 1183 3717 in
1210 3655 1284 3716 tres
1315 3629 1476 3717 conferri
1508 3659 1599 3746 que·

144 3768 240 3832 ant.
270 3750 436 3833 Primum
464 3773 522 3835 ut*
538 3747 637 3835 cives
669 3776 751 3832 non
780 3747 927 3854 elatos,
959 3750 1025 3837 sed
1058 3750 1235 3838 demissos
1264 3749 1410 3834 animos
1438 3773 1593 3866 getant3

143 3889 235 3947 nam
266 3865 317 3950 sic
339 3862 463 3952 affecti
489 3866 706 3953 servitutem
727 3862 823 3951 ferre
855 3867 1038 3973 malunt,
1069 3896 1188 3985 quam
1220 3896 1309 3953 cum
1343 3862 1508 3981 periculo
1543 3868 1600 3952 in-
1635 3862 1637 3864 ’

144 3980 294 4068 sidiari.
322 3983 473 4070 Deinde
505 4012 554 4069 ne
584 3981 706 4071 fidant
730 3983 825 4069 inter
857 4012 897 4068 se
928 4046 942 4089 ,
977 4013 1075 4072 neve
1107 3987 1198 4074 alter
1232 3984 1336 4071 alteri
1364 3986 1529 4072 occultas
1558 4009 1600 4073 et

136 4098 364 4213 periculosas
398 4102 645 4220 cogitationes
682 4102 851 4188 audeant
880 4102 1114 4191 committere
1151 4135 1165 4209 3
1194 4132 1276 4219 quo
1308 4100 1351 4187 fit
1383 4164 1395 4207 ,
1428 4129 1474 4190 ut
1497 4104 1600 4192 viros

142 4218 316 4330 probos,
338 4221 427 4337 quia
451 4247 536 4307 tum
565 4220 660 4307 inter
688 4250 727 4307 se
752 4282 766 4327 ,
796 4245 880 4307 tum
911 4221 1024 4307 etiam
1054 4223 1130 4307 aliis
1159 4220 1287 4308 fideles
1318 4245 1435 4327 sunt,
1465 4245 1600 4336 tyran-

142 4334 183 4417 ni
205 4356 403 4450 tamquam
425 4340 553 4427 hostes
570 4338 744 4456 capitales
768 4338 1023 4445 insectentur,
1047 4368 1174 4455 eoque
1201 4338 1319 4456 magis
1344 4401 1356 4445 ,
1388 4340 1497 4456 quod
1522 4338 1599 4427 hoc

142 4450 346 4539 hominum
376 4485 493 4571 genus
526 4457 686 4544 libertati
716 4457 876 4544 maxime
912 4459 1082 4561 studet,
1127 4482 1166 4543 et
1202 4457 1403 4544 honestam
1435 4484 1600 4545 mortem

142 4568 326 4658 serviendi
354 4575 574 4688 turpitudini
609 4571 803 4690 praefert.
847 4579 1048 4662 Postremo
1079 4603 1165 4683 ne,
1198 4575 1226 4662 si
1260 4574 1378 4663 velint
1409 4578 1596 4691 quidem,

142 4713 182 4775 et
210 4688 409 4795 audeant,
441 4689 540 4777 faeta
570 4691 878 4810 conspiratione,
902 4694 1143 4807 tyrannidem
1175 4719 1370 4800 evertere,
1407 4694 1600 4809 perficiem

143 4807 183 4894 di
209 4805 426 4897 facultatem
461 4808 627 4896 habeant
647 4823 672 4914 '3
698 4837 780 4926 quo
808 4809 996 4924 pertinent
1025 4811 1236 4901 delatorum
1267 4813 1508 4923 calumniae,
1534 4815 1598 4901 lo·

145 4927 340 5044 cupletum
353 4927 611 5047 ‘spoliationes
631 4953 671 5018 et
693 4924 907 5047 frequentes
938 4931 1167 5022 tributorum
1198 4932 1434 5024 exacnones.
1467 4938 1599 5067 Atque

953 5051 997 5151 Q
1546 5049 1602 5147 hu
