4140 5872
509 445 579 516 ιιι,
730 415 945 514 JOANN.
982 405 1676 498 GENESIISEPULVEDAE
1754 436 1760 443 ’

485 553 611 636 -.Vl
668 549 791 634 Nobis
814 574 941 632 autem
967 538 1101 629 fabulis
1131 541 1326 650 omissis,
1344 563 1578 661 quamquam
1608 545 1743 631 harum
1777 536 1944 633 involu-

484 697 551 755 cro
578 693 723 755 veteres
750 673 917 783 po'etae,
948 663 1014 780 qui
1052 659 1251 780 theologi
1264 662 1514 771 dicebantur,
1549 693 1658 779 saepe
1690 664 1739 750 de
1767 666 1941 753 maximis

487 788 596 873 rebus
626 788 805 902 sapienter
834 782 1226 918 philosophabantur,
1258 783 1450 868 verissimis
1474 808 1513 869 et
1547 782 1792 871 sacratissimis
1813 784 1938 870 histo-

488 906 562 992 riae
586 905 733 992 divinae
766 904 960 1018 utriusque
985 901 1197 987 testamenti
1228 902 1444 987 testimoniis
1464 927 1527 988 ιι
1538 901 1711 1015 exemplis
1738 902 1807 986 uti
1825 902 1939 988 licet.

291 1075 479 1182 flumem,
489 1029 592 1108 Nam
616 1024 781 1108 Hebraei
807 1022 1005 1138 quondam
1026 1040 1144 1131 gertus
1172 1026 1353 1126 electum,
1379 1028 1505 1131 regale
1529 1025 1778 1105 sacerdotium
1805 1048 1936 1132 ,gens

292 1149 325 1186 ¹¹⁵
338 1138 376 1185 Η
423 1143 467 1180 ⁹²
469 1157 648 1249 sancta,
668 1147 830 1250 populus
853 1144 1145 1247 adquisitionis,
1169 1163 1214 1224 ut
1228 1139 1405 1225 Petrus
1373 1164 1451 1244 ιιι,
1468 1167 1536 1254 qur
1523 1136 1733 1256 peculiari
1746 1140 1820 1223 Dei
1844 1168 1937 1226 cura

320 1239 344 1278 ¹
360 1228 418 1278 Μ
432 1238 456 1276 ²*
489 1287 529 1347 et
556 1260 784 1396 quotidianis
803 1259 958 1344 oraculis
987 1259 1325 1375 gubernabantur,
1355 1257 1566 1344 alibertate
1601 1280 1693 1374 post
1706 1258 1936 1394 Aegyptiam

490 1382 705 1467 servitutem
729 1403 877 1491 recepta
907 1375 956 1461 ad
982 1376 1120 1461 Christi
1145 1399 1318 1491 tempora
1346 1405 1434 1462 cum
1464 1406 1552 1462 suae
1554 1377 1696 1494 gentis
1716 1405 1824 1511 reges
1847 1376 1937 1461 ami·

489 1523 645 1603 serunt,
673 1525 816 1612 semper
845 1494 985 1613 regiam
1025 1493 1293 1609 rempublicam
1325 1493 1570 1581 habuerunt.
1604 1499 1734 1581 Moses
1761 1493 1864 1579 enim
1898 1518 1939 1581 et

489 1619 636 1731 Josue,
662 1641 700 1702 et
723 1615 790 1730 qui
819 1615 905 1699 huic
932 1613 1101 1710 successit
1117 1613 1288 1726 ,Judas,
1315 1642 1359 1698 ac
1388 1614 1500 1700 ceteri
1526 1613 1661 1749 populi
1690 1606 1862 1700 ductores
1896 1636 1939 1698 et

313 1814 476 1879 Memfim
489 1735 786 1867 gubernatores,
803 1732 897 1849 quid
922 1732 1023 1819 aliud
1052 1757 1186 1832 erant,
1203 1732 1270 1817 nisi
1282 1743 1428 1868 reges?
1458 1732 1631 1848 quamvis
1658 1757 1741 1817 tum
1764 1729 1938 1816 sacerdo·-

299 1881 335 1929 ει
337 1893 375 1928 aa
393 1887 476 1928 sacer·
490 1878 574 1959 tes,
602 1881 685 1940 tum
715 1853 894 1964 iudices,
928 1877 1011 1938 tum
1040 1851 1277 1967 prophetae,
1300 1877 1345 1936 ut
1375 1850 1484 1936 simul
1526 1875 1663 1957 erant,
1694 1850 1939 1936 nominaren-

299 1941 383 1989 dotes.

491 2001 574 2057 tur.
597 1977 680 2056 Rex
697 1970 795 2054 enim
812 1994 898 2076 ιιι,
926 1970 1157 2086 quicumque
1180 1997 1279 2054 unus
1303 1968 1341 2053 in
1362 1962 1555 2056 civitatem
1585 1994 1652 2055 aut
1679 1993 1833 2088 gentem
1862 1995 1937 2083 pet·

300 2082 479 2202 ,ffi‘dffim
492 2084 651 2208 pecuum
678 2089 875 2203 imperium
900 2115 988 2174 cum
1012 2118 1159 2174 summa
1185 2112 1371 2202 potestate
1393 2088 1486 2206 gerit
1509 2089 1559 2173 ad
1580 2088 1727 2174 bonum
1749 2086 1939 2202 publicum

494 2233 708 2344 spectans.
725 2215 858 2343 ltaque
881 2207 942 2292 Eli
957 2235 1113 2322 ,quem
1130 2205 1237 2290 annis
1263 2205 1516 2323 quadraginta
1545 2206 1656 2290 lsrael
1687 2206 1864 2318 iudicasse
1886 2204 1938 2290 le·

496 2327 644 2444 gimus,
675 2322 716 2412 et
735 2355 802 2441 qtu
789 2323 905 2408 huic
923 2325 1120 2429 successit,
1137 2326 1286 2409 Samuel
1304 2349 1382 2408 non
1411 2325 1533 2411 solum
1554 2322 1766 2409 sacerdotes
1792 2348 1832 2409 et
1853 2352 1938 2459 pro·

373 2483 374 2486 ι
494 2447 632 2561 phetae
657 2443 837 2549 fuerunt,
866 2445 932 2529 sed
960 2472 1064 2560 reges
1090 2441 1203 2527 etiam
1228 2445 1523 2547 Hebraeorum,
1547 2442 1631 2528 licet
1666 2442 1820 2526 nominc
1846 2440 1940 2556 regis

497 2564 752 2649 abstinerent.
786 2564 966 2647 Ceterum
995 2561 1178 2681 quoniam
1208 2560 1247 2645 hi
1281 2586 1320 2647 et
1344 2561 1455 2645 ceteri
1488 2503 1701 2671 hiajusmodi
1733 2558 1941 2645 sacerdotes

498 2710 565 2794 per
591 2710 637 2766 ea
671 2679 826 2796 quidem
856 2703 1062 2793 tempora,
1092 2677 1215 2763 licet
1206 2678 1346 2792 imperii
1377 2708 1563 2763 summam
1593 2678 1837 2782 obtinerent,
1860 2675 1943 2762 bd·

498 2797 687 2885 latamen
716 2827 797 2884 non
825 2826 893 2913 per
923 2826 989 2902 ιι,
1014 2797 1080 2883 sed
1111 2797 1317 2910 perduces
1349 2819 1389 2881 et
1422 2792 1629 2911 praefectos
1656 2796 1866 2914 gerebant,
1892 2799 1938 2880 ls-

498 2916 660 3003 ra'e'litica
686 2945 806 3052 gens,
832 2945 911 3000 non
933 2858 1081 3033 qdod
1073 2912 1268 3045 imperium
1292 2914 1401 3001 unius
1428 2937 1644 3021 recusaret,
1679 2915 1744 3001 sed
1770 2943 1855 2998 eam
1881 2910 1944 2996 im·

309 3092 484 3145 ,mem
499 3036 655 3148 perandi
684 3035 868 3120 rationem
899 3062 1094 3150 pertaesa,
1115 3062 1278 3152 regem
1270 3034 1486 3120 aSamuele
1520 2975 1754 3147 postulavit,
1771 3032 1837 3148 qui
1864 3059 1946 3115 non

308 3150 488 3270 ξᾶξμξωῗ,
501 3153 624 3238 solum
655 3153 927 3240 controversias
964 3153 1172 3266 judicares,
1197 3143 1278 3238 sed
1303 3152 1400 3238 bella
1431 3152 1543 3237 etiam
1579 3152 1655 3265 ipse
1701 3174 1881 3269 gereret,
1908 3172 1948 3234 et

306 3277 369 3326 ¹¹³⁸·
503 3272 704 3357 exercitum
726 3271 766 3356 in
790 3272 916 3358 hostes
941 3301 1048 3357 more
1070 3295 1204 3388 regum
1224 3296 1438 3356 ceterarum
1459 3268 1629 3387 gentium
1653 3268 1829 3354 duceret.
1864 3265 1947 3349 Resr

328 3416 431 3482 aner
448 3417 475 3464 ι
503 3389 708 3506 inquiunt,
741 3398 818 3477 erit
840 3407 953 3509 super
978 3416 1077 3496 nos,
1103 3409 1141 3477 er
1165 3397 1306 3473 erimus
1330 3414 1398 3473 nos
1428 3413 1563 3494 quoque
1587 3392 1688 3470 sicut
1715 3409 1835 3471 omnes
1854 3409 1945 3494 gen·

421 3531 427 3543 ·
504 3523 596 3615 tes,
622 3527 660 3593 er
679 3512 869 3619 judicabit
901 3536 966 3596 nos
990 3536 1065 3595 rex
1092 3529 1246 3614 noster,
1275 3523 1313 3591 er
1338 3509 1557 3656 egrediatur
1575 3521 1661 3591 ante
1691 3531 1789 3626 aas,
1815 3517 1852 3589 et
1871 3520 1950 3614 pu

503 3567 725 3735 gradiri
665 3631 725 3710 bel
723 3634 760 3710 la
785 3644 915 3713 nostra
937 3648 1013 3738 pro
1042 3632 1173 3717 nobis.

505 3749 655 3830 Vll.
713 3750 843 3860 Atque
874 3746 967 3830 haec
997 3746 1153 3863 quidem
1174 3776 1222 3832 ιι
1249 3749 1368 3837 νιιιιι
1386 3737 1640 3836 testamento.
1664 3747 1791 3833 Venio
1814 3676 1869 3830 ad
1887 3771 1952 3828 no·

328 3891 400 3946 novi
415 3897 494 3939 testa·
509 3891 602 3948 vum
634 3887 674 3947 et
704 3861 933 3980 Evangelica
970 3888 1172 4002 tempora,
1198 3893 1362 3982 quorum
1395 3868 1500 3953 initio
1533 3865 1755 3952 Christus
1746 3892 1823 3979 ipse
1851 3867 1955 3947 Deus

321 3947 482 4004 mentitae

330 4006 486 4120 guilengi
509 4010 616 4065 suam
644 3980 873 4065 ecclesiam
864 4007 916 4066 rra
941 3985 1132 4071 constituit
1159 3984 1199 4068 in
1226 3985 1448 4096 Apostolis,
1476 4015 1556 4069 non
1573 3985 1627 4086 uti
1652 4011 1889 4118 paucorum,
1911 3998 1957 4062 ut

329 4083 415 4123 ’Μ
508 4123 626 4189 status
566 4098 908 4213 tusoptimaturn,
921 4129 991 4185 nec
1007 4102 1242 4208 multorum,
1258 4129 1302 4189 ut
1325 4104 1531 4218 respublica
1555 4132 1621 4187 seu
1635 4100 1878 4203 timocratia,
1894 4092 1957 4181 sed

509 4217 620 4304 unius
646 4247 791 4302 summa
824 4244 1022 4357 potestate
1045 4244 1083 4306 ιι
1116 4162 1269 4305 arbitrio
1299 4246 1596 4337 temperaretur,
1617 4218 1715 4305 Petri
1742 4218 1876 4302 scilieet
1906 4218 1958 4301 A

509 4334 750 4467 postolorum
779 4337 948 4453 principis
975 4337 1111 4445 initio,
1134 4336 1268 4425 deinde
1299 4371 1562 4444 summorum,
1594 4337 1661 4474 qui
1684 4337 1722 4421 in
1749 4335 1880 4420 locum
1914 4361 1958 4417 e·

513 4451 571 4566 jus
586 4453 819 4558 succedunt,
838 4456 1076 4543 sacerdotum
1102 4457 1357 4574 singulorum.
1383 4458 1558 4576 Episcopi
1582 4456 1684 4545 enim
1711 4477 1750 4539 et
1780 4452 1960 4539 antistites

514 4572 599 4676 alii,
623 4571 697 4685 qui
711 4572 839 4657 ceteris
866 4577 1056 4688 Apostolis
1078 4600 1117 4661 et
1143 4576 1326 4691 discipulis
1355 4601 1642 4683 successerunt,
1671 4602 1805 4659 summi
1794 4569 1962 4655 Ponti·-

514 4686 591 4771 ficis
616 4689 817 4776 administri
835 4694 989 4778 suntad
1019 4694 1297 4782 ecclesiasticam
1327 4695 1594 4832 rempublicam
1624 4693 1731 4810 regio
1756 4717 1862 4778 more
1892 4686 1962 4774 ad·

514 4804 827 4913 ministrandam.
854 4810 1004 4931 Quibus
1032 4813 1206 4930 exemplis
1234 4811 1472 4926 declaratur,
1504 4812 1615 4932 ipsius
1642 4812 1717 4902 Dei
1745 4808 1884 4929 judicio
1905 4836 1963 4894 re·

506 4975 518 4989 r
1054 4991 1055 4996 Ν
1843 4954 1966 5048 gnum
