4034 5858
499 368 779 456 DECRETUM
804 367 1090 450 ntEanmtr
1113 370 1177 447 VI·
1476 394 1539 471 353

105 503 368 624 »accepimus,
392 505 499 622 quod
516 536 614 613 vos,
639 503 705 622 qui
734 503 883 590 dudum
914 503 1082 588 animum
1110 500 1392 618 proposueratis
1422 499 1562 618 aliquas

100 629 266 714 „hasulas
290 651 329 713 et
344 649 459 711 terras
477 622 602 713 firmas
623 648 788 711 remotas
811 647 851 710 et
865 623 1105 741 incognitas,
1130 652 1176 707 ac
1192 651 1256 737 per
1273 620 1365 706 ahos
1379 620 1560 712 hactenus

103 776 212 833 „non
227 769 391 861 repertas
409 773 591 860 quaerere
616 767 656 830 et
671 743 837 832 invenire
854 803 868 850 ,
886 769 931 831 ut
945 743 1089 830 illarum
1103 741 1244 828 incolas
1267 765 1306 827 et
1330 739 1558 829 habitatores

102 865 180 952 „ad
196 865 401 953 colendum
409 864 680 950 Redemtorem
698 890 869 949 nostrum
885 889 924 951 et
939 860 1055 949 fidem
1066 860 1290 947 catholicam
1301 858 1556 974 profitendum
1590 876 1594 883 ‘

101 984 352 1071 „reduceretis
369 1014 378 1068 ε
409 981 589 1069 hactenus
603 982 643 1068 in
659 983 939 1101 expugnatione
961 1009 1001 1070 et
1022 981 1306 1096 recuperatione
1322 978 1431 1094 ipsius
1447 982 1556 1097 regni

101 1108 325 1192 rrGranatae
340 1099 542 1219 plurimum
557 1103 756 1218 occupati,
782 1100 999 1215 hujusmodi
1021 1126 1192 1188 sanctum
1210 1124 1248 1186 et
1263 1097 1449 1185 laudabile
1467 1125 1556 1213 pro·

94 1223 296 1338 „positum
311 1247 478 1308 vestrum
495 1221 546 1308 ad
568 1246 742 1337 optatum
760 1219 876 1306 finem
893 1222 1097 1336 perducere
1113 1217 1356 1335 nequivistis.
1377 1216 1451 1302 Sed
1466 1241 1555 1303 tan·-

101 1340 245 1449 tidem,
280 1339 372 1427 sicut
387 1340 559 1426 Domino
574 1340 740 1455 placuit,
767 1369 888 1458 regno
910 1339 1105 1454 praedicto
1120 1334 1555 1454 recuperato',volentes

106 1459 358 1546 „desiderium
373 1458 577 1575 adimplere
595 1466 758 1547 vestrum
775 1519 789 1566 ‚
821 1458 1000 1545 dilectum
1021 1457 1138 1544 fihum
1164 1458 1470 1566 christophorum
1486 1456 1557 1542 Co·

105 1582 193 1661 „loo
209 1640 222 1684 ,
238 1578 361 1666 vitum
382 1578 514 1694 utique
529 1577 688 1693 dignum
711 1603 750 1665 et
776 1577 976 1693 plurimum
991 1576 1340 1663 commendandum
1357 1636 1370 1681 ,
1385 1602 1430 1660 ac
1444 1598 1555 1661 tanto

101 1697 286 1813 „negotio
301 1722 432 1809 aptum
448 1725 537 1781 cum
557 1697 712 1814 navigiis
734 1719 773 1784 et
786 1695 1000 1781 hominibus
1018 1695 1069 1781 ad
1091 1694 1218 1781 similia
1239 1693 1446 1799 instructis,
1473 1721 1556 1780 non

101 1814 208 1900 „sine
227 1814 393 1900 maximis
414 1813 604 1900 laboribus
631 1840 670 1899 et
689 1813 858 1929 perieulis
876 1843 920 1899 ac
935 1814 1099 1929 expensis
1114 1813 1347 1919 destinastis,
1374 1816 1418 1897 ut
1440 1838 1555 1898 terras

102 1929 256 2018 „firmas
272 1995 285 2038 ,
304 1957 343 2019 et
355 1932 491 2018 insulas
503 1957 666 2021 remotas
680 1958 719 2020 et
742 1933 951 2051 incognitas
972 1932 1219 2048 hujusmodi,
1250 1961 1316 2048 per
1332 1959 1461 2035 mare,
1489 1931 1554 2015 ubi

102 2050 312 2138 „hactenus
328 2051 550 2168 navigatum
566 2081 645 2138 non
663 2049 810 2156 fuerat,
837 2053 1037 2169 diligenter
1045 2053 1257 2168 inquireret.
1288 2049 1369 2145 Qui
1382 2049 1554 2154 tandem,

94 2167 276 2271 „divino
290 2169 425 2256 auxilio
451 2167 550 2256 facta
578 2196 743 2257 extrema
768 2170 956 2288 diligentia
984 2170 1023 2263 in
1048 2171 1141 2255 mari
1157 2199 1303 2255 oceano
1319 2166 1554 2284 navigantes,

98 2312 244 2373 „certas
270 2287 405 2375 insulas
433 2289 723 2395 remotissimas,
749 2315 788 2375 et
803 2289 916 2375 etiam
934 2315 1048 2375 terras
1064 2287 1216 2395 firmas,
1249 2316 1349 2405 quae
1377 2315 1443 2400 pet
1460 2285 1553 2370 alios

98 2403 310 2491 „hactenus
327 2430 494 2520 repertae
511 2435 591 2491 non
608 2403 772 2514 fuerant,
789 2407 1034 2514 invenerunt,
1050 2407 1089 2491 in
1104 2408 1240 2523 quibus
1255 2403 1555 2522 quamplurimae

102 2548 264 2638 ragentes
278 2523 429 2638 pacifice
445 2525 612 2612 viventes
630 2587 643 2632 ,
667 2554 732 2633 et,
750 2552 793 2611 ut
805 2526 1002 2633 asseritur,
1019 2526 1112 2612 nudi
1126 2525 1340 2611 incedentes
1357 2581 1371 2628 ,
1386 2549 1455 2605 nec
1468 2549 1553 2606 car-

105 2641 244 2728 onibus
259 2666 447 2732 vescentes
462 2641 699 2751 inhabitant,
734 2669 772 2730 et
798 2668 842 2731 ut
861 2641 1017 2760 praefati
1041 2644 1162 2731 nuntii
1190 2643 1302 2730 vestri
1331 2665 1488 2756 possunt
1503 2671 1554 2724 o-

99 2759 272 2872 npinari,
289 2785 420 2879 gentes
438 2760 539 2876 ipsae
556 2761 594 2846 in
622 2760 746 2847 insulis
761 2789 799 2848 et
816 2767 919 2850 terris
935 2763 1127 2879 praedictis
1141 2763 1350 2848 habitantes
1366 2822 1378 2865 ,
1393 2759 1554 2846 credunt

100 2906 251 2963 „unum
276 2885 404 2965 Deum
417 2905 626 2968 creatorem
644 2881 682 2965 in
705 2882 811 2967 caelis
826 2911 931 2988 esse,
960 2912 1005 2968 ac
1026 2882 1077 2967 ad
1097 2880 1212 2967 fidem
1229 2878 1451 2966 catholicam
1468 2907 1554 2963 am-

99 2995 358 3108 nplexandum
376 3022 416 3083 et
431 2998 539 3084 bonis
561 3000 727 3087 moribus
740 2999 990 3088 imbuendum
1014 3000 1098 3085 satis
1114 3001 1192 3114 apti
1219 3000 1421 3102 videntur,
1449 3026 1552 3111 spes-

100 3141 207 3227 ”que
220 3115 379 3202 habetur
407 3116 516 3231 quod
529 3177 542 3222 ,
555 3118 583 3202 si
594 3116 856 3224 erudirentur,
883 3147 1024 3204 nomen
1040 3118 1239 3205 salvatoris
1264 3115 1408 3203 domini
1436 3114 1554 3201 nostri

99 3230 373 3341 ”jesu-Christi
388 3232 427 3316 in
444 3233 548 3320 tetris
564 3259 603 3322 et
620 3235 743 3322 insulis
765 3236 958 3352 praedictis
972 3233 1075 3322 facile
1090 3236 1340 3322 induceretur.
1374 3237 1432 3321 Ac
1446 3261 1553 3349 prae-

91 3344 228 3436 „fatus
244 3351 540 3465 Christophorus
565 3353 604 3438 in
630 3383 706 3440 una
722 3384 767 3440 ex
791 3355 1049 3470 principalibus
1063 3353 1186 3439 insulis
1202 3353 1395 3470 praedictis
1419 3353 1491 3466 jam
1515 3381 1553 3434 u-

100 3495 218 3551 nnam
234 3468 367 3556 turrim
396 3470 481 3556 satis
497 3472 707 3581 munitam,
733 3473 772 3556 in
789 3503 866 3588 qua
896 3499 1017 3560 certos
1040 3473 1300 3578 Christianos,
1327 3471 1393 3587 qui
1424 3497 1551 3555 secum

99 3585 303 3694 siveram,
328 3589 367 3673 in
385 3590 626 3698 custodiam,
652 3616 692 3679 et
708 3615 751 3676 ut
772 3590 858 3677 alias
878 3593 1012 3678 insulas
1030 3621 1075 3677 ac
1094 3616 1209 3678 terras
1237 3589 1361 3676 firmas
1389 3612 1552 3674 remotas

99 3725 168 3787 net
195 3703 402 3824 incognitas
422 3707 680 3824 inquirerent,
704 3710 829 3824 posuit
859 3771 871 3815 ,
895 3711 1059 3796 construi
1083 3735 1121 3797 et
1146 3708 1329 3796 aedificari
1355 3704 1464 3793 fecit.
1506 3711 1551 3794 ln

97 3819 266 3936 „quibus
287 3824 441 3940 quidem
464 3826 589 3913 insulis
615 3832 654 3915 et
680 3830 785 3918 terris
808 3827 882 3942 jan
910 3829 1060 3946 repertis
1087 3859 1252 3933 aurum,
1278 3851 1483 3931 aromata,
1511 3849 1551 3912 et

99 3939 222 4026 „aliae
238 3943 536 4058 quamplurimae
553 3974 608 4032 tes
638 3947 821 4062 pretiosae
844 3947 976 4034 diversi
1000 3948 1145 4067 generis
1167 3971 1204 4034 et
1232 3947 1397 4036 diversae
1428 3944 1551 4060 quali-

100 4059 213 4144 ntatis
229 4060 474 4176 reperiuntur.
511 4065 626 4151 Unde
643 4066 818 4152 omnibus
841 4066 1061 4184 diligenter,
1087 4092 1126 4152 et
1141 4065 1354 4181 praesertim
1371 4063 1457 4150 fidei
1489 4091 1551 4148 ca·

101 4176 290 4266 „tholicae
307 4180 533 4268 exaltatione
548 4209 588 4269 et
600 4183 817 4272 dilatatione
834 4247 846 4291 ,
863 4215 976 4300 prout
1003 4185 1113 4271 decet
1135 4184 1338 4270 catholicos
1363 4189 1484 4299 Reges
1512 4206 1552 4269 et

103 4294 340 4404 „Principes
358 4300 619 4388 consideratis:
637 4333 744 4390 more
767 4306 1052 4420 progenitorum
1079 4326 1289 4388 vestrorum
1308 4363 1320 4408 ,
1340 4301 1459 4387 clarae
1475 4329 1553 4388 me·

102 4411 275 4499 „moriae
298 4423 477 4533 Regum,
519 4445 634 4507 terras
650 4421 774 4507 firmas
790 4448 829 4507 et
859 4422 994 4508 insulas
1017 4420 1222 4537 praedictas
1249 4421 1469 4537 illarumque
1497 4420 1552 4505 in·

99 4528 231 4616 „colas
250 4557 289 4619 et
314 4534 541 4625 habitatores
566 4541 708 4646 vobis,
737 4540 865 4627 divina
889 4539 1040 4625 favente
1065 4538 1290 4647 clementia,
1315 4538 1490 4651 subjicere
1515 4562 1555 4625 et

102 4648 183 4734 „ad
205 4648 320 4736 fidem
337 4655 561 4742 catholicam
592 4659 769 4744 reducere
796 4658 1063 4774 proposuistis.
1093 4661 1178 4744 Nos
1205 4659 1316 4775 igitur
1340 4656 1556 4769 hujusmodi

98 4793 298 4856 „vestrum
332 4799 503 4860 sanctum
532 4801 572 4862 et
599 4775 785 4862 laudabile
822 4776 1059 4893 propositum
1087 4775 1289 4893 plurimum
1327 4776 1365 4861 in
1383 4772 1556 4861 Domino

98 4890 468 5003 »commendantem
491 4923 536 4982 ac
550 4896 776 5013 cupientes,
809 4919 852 4986 ut
878 4895 970 4990 illud
986 4895 1038 4982 ad
1054 4895 1223 4985 debittun
1239 4893 1352 4983 linem
1379 4889 1561 5010 perduca-

165 5009 273 5098 Tom·
291 5011 364 5100 IV.
1016 5018 1091 5134 ,Υχ
1295 5103 1299 5112 ,
1464 5033 1567 5129 ntur,
