4020 5864
593 380 1028 460 rnaaxsmum
1425 392 1494 480 589

80 499 261 602 ditionem
281 533 321 600 et
343 507 640 647 eloquentiam·
630 568 643 613 ,
673 510 761 598 sed
771 534 815 596 ut
849 533 933 594 ate
949 526 1191 643 ‘provocatus
1221 483 1538 640 incusatusque,

76 634 183 746 quod
209 657 349 718 temete
381 631 431 716 de
460 630 532 716 tuis
556 628 693 745 scriptis
715 628 830 714 talem
856 625 1076 741 opinionem
1109 625 1381 739 concepisset,
1407 629 1517 713 simul

77 779 182 833 suam
203 746 343 833 famam
374 773 568 854 tueretur,
591 746 709 832 simul
726 743 904 860 simplices
928 743 1160 828 Christianos
1189 767 1446 856 suspectorum
1476 747 1519 830 in

76 867 328 980 subscriptis,
356 809 661 981 lubricoruriaque
690 863 862 949 locorum
879 860 1125 947 admoneret:
1157 861 1260 946 haud
1277 861 1439 947 debebas
1468 864 1518 981 illi
1620 876 1622 879 ’
1734 916 1737 923 ,

73 1008 272 1098 tantopere
299 1010 539 1086 succensere,
563 1009 605 1068 ut
634 1011 713 1067 non
747 981 870 1067 solum
903 981 1068 1066 crederes
1093 978 1520 1093 impudentissimaeca

71 1099 234 1185 lumniae
253 1101 303 1185 de
317 1101 550 1187 conductitiis
594 1127 661 1184 aut
690 1099 855 1233 precariis
884 1098 1035 1210 operis,
1064 1096 1266 1181 sedetiam
1300 1097 1423 1183 virum
1449 1100 1520 1184 do-

74 1219 191 1301 ctrina
210 1279 221 1323 ,
239 1246 402 1334 genere,
416 1221 601 1333 rebusque
619 1217 727 1352 gestis
756 1215 994 1300 clarissimum
1010 1213 1215 1317 conviciis,
1242 1237 1280 1296 et
1298 1214 1408 1328 ipso,
1425 1240 1463 1300 et
1478 1241 1520 1302 te

72 1332 208 1445 judicio
223 1359 446 1420 cunctorum
459 1335 699 1449 prudentium
716 1332 978 1467 indignissimis
987 1355 1179 1417 mortuum
1198 1330 1309 1416 etiam
1326 1334 1522 1438 lacerares,

76 1453 195 1566 quite
213 1453 273 1539 vel
302 1452 407 1539 nullo
438 1452 499 1540 vel
531 1452 604 1540 levi
618 1452 827 1537 admodum
846 1448 1044 1535 maledicto
1060 1509 1073 1551 ,
1089 1449 1202 1563 idque
1219 1476 1451 1561 provocatus
1468 1451 1518 1536 la·

79 1570 288 1657 cessiverat.
1539 1603 1542 1641 2

137 1691 251 1772 [ΧΠ.
311 1689 474 1782 Quanto
490 1713 585 1774 esset
618 1686 816 1771 humanius
845 1685 1069 1800 digniusque
1084 1683 1240 1769 homine
1254 1708 1294 1769 et
1308 1685 1521 1774 Christiano
1622 1729 1624 1733 >

76 1828 113 1890 et
131 1806 329 1924 religioso,
355 1831 396 1891 ut
413 1806 571 1919 quando
598 1804 700 1890 vides
726 1803 842 1887 multa
858 1801 942 1888 loca
957 1828 1113 1888 tuorum
1143 1801 1365 1915 scriptorum
1391 1834 1414 1887 a
1444 1807 1523 1918 ple·

75 1923 197 2036 risque
222 1923 395 2007 omnibus
412 1923 628 2039 theologis,
658 1951 737 2006 non
753 1921 875 2005 solum
891 1949 915 2002 a
929 1920 1024 2026 Pio,
1048 1947 1130 2005 tum
1147 1920 1300 2023 scholis,
1326 1947 1408 2007 tum
1424 1922 1522 2008 libris

74 2039 275 2172 improbari
295 2100 307 2145 ,
331 2040 464 2153 partim
482 2066 524 2126 ut
539 2063 707 2154 suspecta
739 2065 778 2125 et
794 2038 995 2150 ancipitia,
1020 2037 1154 2151 partim
1170 2061 1228 2121 ut
1226 2038 1419 2151 quiddam
1437 2068 1522 2174 gra·

73 2155 156 2242 vius
172 2154 442 2271 praeferentia,
476 2186 619 2271 pareres
648 2157 771 2241 amicis
803 2157 1013 2269 sanctisque
1048 2155 1196 2240 monitis
1222 2157 1301 2261 Pii,
1323 2184 1368 2240 ac
1400 2157 1524 2243 omnis

75 2275 326 2359 contentionis
341 2275 508 2376 oblitus,
536 2298 672 2358 cuncta
686 2273 818 2386 scripta
833 2296 930 2373 tua,
960 2270 1025 2356 sed
1055 2298 1251 2384 tamquam
1283 2273 1401 2356 aliena
1416 2274 1523 2358 seda-

73 2414 118 2474 to
145 2391 303 2494 animo,
333 2415 372 2475 et
403 2391 450 2475 dc
468 2390 623 2477 veritate
641 2390 795 2492 solum,
824 2389 1048 2502 publicoque
1065 2387 1361 2472 Christianorum
1389 2389 1523 2476 docto·

76 2536 160 2592 tum
179 2506 280 2620 juxta
293 2533 332 2592 et
348 2508 587 2592 indoctorum
603 2506 813 2592 commodo
828 2506 1012 2607 solicitus,
1045 2504 1311 2590 accuratissime
1339 2534 1524 2622 recogno·

82 2652 219 2727 sceres3
226 2625 356 2710 omnia
371 2623 559 2730 lubrica,
534 2653 695 2728 sinuosa,
712 2626 772 2710 vel
787 2623 1071 2739 quoquomodo
1086 2622 1263 2756 impedita
1279 2621 1375 2726 loca,
1388 2626 1525 2737 quibus

73 2741 217 2856 aliquos
235 2770 314 2826 non
328 2766 469 2827 temere
485 2738 627 2828 offendi
644 2771 753 2855 posse
767 2742 1017 2845 existimares,
1046 2740 1148 2825 sicin
1167 2741 1354 2853 optimum
1372 2769 1522 2829 sensum

73 2859 325 2965 confirmares,
335 2860 535 2997 explicares
552 2923 564 2966 ,
582 2888 626 2944 ac
638 2859 851 2974 expedites,
877 2885 920 2943 ut
936 2888 1051 2944 nemo
1068 2885 1192 2972 posset
1210 2858 1339 2942 talium
1366 2883 1524 2947 tuorum

76 2976 305 3061 dictorum
280 2978 419 3063 srnistra
434 2977 755 3092 interpretatione,
771 2977 832 3064 vel
848 2976 946 3060 labi
938 3006 975 3059 ιιι
1002 2975 1123 3061 minus
1142 2975 1218 3088 pias
1230 2975 1443 3112 opiniones,
1461 2977 1524 3064 vel

74 3119 174 3205 quae
188 3095 292 3179 bona
310 3120 435 3179 mente
451 3095 629 3209 scripseris
654 3156 666 3199 ,
701 3123 808 3208 quast
796 3091 1011 3177 malitiose
1037 3093 1173 3178 tradita
1190 3093 1385 3179 criminari.
1419 3100 1523 3180 Nam

73 3207 157 3296 licet
171 3220 291 3296 omnia
307 3218 440 3295 munda
455 3238 605 3316 essent,
628 3237 755 3298 tamen
777 3235 932 3295 auctore
957 3209 1106 3313 Paulo,
1142 3217 1275 3292 mmm
1298 3227 1355 3296 est
1370 3215 1521 3319 homini,
1538 3237 1702 3298 Adamas

72 3334 140 3433 qui
150 3349 224 3437 per
237 3327 492 3432 offimdiculutn
506 3275 718 3412 maniacus.
737 3329 853 3440 Jubet
870 3333 974 3412 Deus
992 3355 1057 3438 per
1073 3328 1300 3438 Apostolum
1317 3358 1340 3411 a
1364 3329 1453 3414 cibis
1467 3359 1523 3418 et·

74 3443 148 3529 iam
163 3447 266 3530 haud
283 3446 395 3531 dubie
412 3447 561 3532 mundis
576 3447 789 3550 abstinere,
819 3476 847 3528 ιι
836 3442 1107 3558 periculum
1082 3468 1155 3545 stt,
1187 3473 1234 3528 ne
1251 3445 1334 3558 quis
1365 3444 1521 3536 fratrum

75 3564 367 3649 scandalizetur:
386 3593 457 3649 nos
472 3565 557 3649 ab
537 3595 576 3649 ns
594 3625 606 3667 ,
622 3592 719 3677 quae
737 3563 916 3677 plerisque
934 3561 1109 3647 videntur
1125 3561 1336 3694 immunda,
1351 3591 1400 3648 ne
1415 3592 1522 3652 com·-

74 3678 197 3792 plures
214 3677 479 3785 offendamus,
506 3710 586 3765 non
599 3679 885 3766 abstinebimus
914 3708 1148 3793 quamquam
1181 3679 1283 3764 enim
1315 3681 1389 3764 hoc
1415 3683 1524 3771 variis
1564 3721 1567 3727 ’

20 3828 22 3831 ·
76 3799 289 3930 apologiis
283 3828 354 3908 ram
384 3801 488 3884 bona
514 3828 561 3883 ex
589 3813 693 3912 parte
719 3796 963 3910 praestiteris,
996 3796 1131 3911 quibus
1159 3795 1304 3930 objecta
1323 3788 1428 3881 loca
1420 3830 1523 3916 mge-

75 3915 180 4001 niose
196 3916 504 4031 interpretando,
523 3943 599 4001 ate
626 3914 715 4000 nihil
744 3945 823 4002 non
853 3916 956 4000 bona
975 3942 1102 4000 mente
1118 3915 1319 4051 scriptum
1311 3943 1387 4000 esse
1413 3917 1526 4031 proh·

73 4032 160 4118 teris
177 4094 188 4138 ,
204 4061 247 4116 ac
264 4035 422 4147 probare
449 4032 674 4138 contendis,
687 4029 833 4119 difficile
847 4059 974 4118 tamen
1004 4029 1108 4116 factu
1133 4057 1189 4116 est
1202 4033 1414 4148 n,imisque
1442 4037 1524 4120 lon·

132 4181 168 4232 m
183 4176 292 4254 ,tuas
320 4151 511 4267 apologias
529 4153 662 4237 multas
688 4177 727 4237 et
745 4151 923 4262 dispersas
961 4150 1173 4262 perlegere.
1200 4174 1238 4234 et
1279 4151 1443 4265 alioquin
1474 4155 1525 4238 ab

75 4178 230 4352 lbmiire
257 4269 470 4353 Christiano
498 4330 511 4373 ,
538 4271 600 4353 cui
628 4269 828 4384 publica
804 4294 963 4351 srncetae
994 4266 1136 4379 pietatis
1165 4267 1260 4351 ratio
1288 4268 1401 4383 longe
1427 4272 1525 4356 anti-

76 4382 188 4496 quior
211 4414 287 4469 esse
305 4387 448 4490 debet,
477 4417 593 4499 quam
625 4385 746 4470 omnis
776 4384 969 4468 mundana
997 4382 1157 4517 gloria,
1191 4385 1384 4495 simplicius
1410 4388 1525 4501 quid
1530 4444 1531 4447 ι

77 4499 167 4585 dam
189 4501 445 4608 desideratur,
461 4529 500 4588 et
516 4503 563 4586 illi
580 4502 705 4604 simile,
723 4504 829 4613 quod
849 4501 1078 4617 Augustinus
1101 4499 1161 4613 pia
1177 4501 1403 4615 simplicitate
1419 4535 1524 4617 prae·

77 4616 167 4701 stitit
197 4619 234 4702 in
252 4650 319 4702 suo
336 4565 445 4705 libro,
448 4638 787 4726 retractabantur
813 4621 879 4753 qui
912 4618 1039 4702 maluit
1054 4647 1140 4702 cum
1171 4619 1298 4732 aliquo
1331 4650 1418 4704 suae
1446 4623 1534 4707 lato

76 4735 142 4820 dis
158 4735 354 4849 dispendio
370 4737 515 4823 veritati
548 4736 736 4821 nonsatis
770 4736 871 4847 prius
897 4735 1203 4839 animadversae,
1221 4762 1271 4821 ει
1296 4738 1528 4824 Christianae

73 4852 203 4964 pietati
231 4853 436 4963 inservire,
468 4884 587 4972 quam
607 4852 807 4970 publicam
842 4851 1030 4970 religionis
1056 4883 1238 4971 causam,
1265 4866 1315 4944 ue
1330 4884 1444 4971 quam
1460 4857 1529 4940 hu·

1452 5004 1531 5093 [02⁸.
