4192 5880
489 409 533 478 14
879 378 1106 457 nexura
1134 380 1518 458 ιιιτιιιιιιι

458 508 567 596 litum
592 536 753 597 numero
780 535 877 624 par,
893 507 932 593 in
955 508 1139 593 Montem
1168 503 1393 591 Faliscorum
1406 508 1556 624 ,quod
1580 509 1811 627 oppidum,
1829 513 1924 629 quia

457 659 531 716 nec
550 631 600 716 ab
619 629 729 717 hoste
743 628 858 746 longe
878 628 1033 732 aberat,
1051 652 1091 713 et
1108 648 1189 711 erat
1202 624 1241 710 ιιι
1264 624 1369 712 edito
1386 626 1541 713 colle
1514 654 1626 716 situm
1644 692 1656 737 ,
1675 631 1835 718 hibernis
1851 665 1915 749 op

456 774 666 866 portunum
692 747 940 853 censebatur,
958 688 1148 833 bieinandi
1170 773 1282 831 causa
1307 780 1385 830 xvir
1410 745 1470 832 die
1500 774 1589 837 ante
1595 751 1800 839 Kalendas
1833 757 1917 840 De·

456 871 615 955 cembris
639 867 851 955 contendit.
948 944 951 949 .

260 1017 399 1135 appia
403 1029 441 1125 ps
516 992 623 1074 XVI.
682 987 819 1073 Tribus
837 985 887 1072 ibi
909 985 1095 1072 mensibus
1112 984 1323 1090 naducris,
1337 1014 1425 1072 cum
1450 1016 1519 1073 nec
1544 946 1726 1105 pecuniae
1744 1021 1769 1077 a
1787 992 1917 1079 Ponti

260 1081 439 1193 {libili
455 1105 524 1192 fiee
540 1107 874 1212 submitterentur,
892 1134 962 1192 nec
988 1130 1222 1192 commeatus
1236 1106 1410 1193 convecti
1426 1134 1697 1222 suppeterent,
1711 1112 1835 1227 coepit
1855 1142 1916 1200 cx-

459 1227 591 1313 ercitus
609 1226 708 1313 lame
733 1168 929 1330 laboraie,
944 1255 1013 1311 nec
1041 1226 1143 1311 enim
1158 1227 1207 1309 ab
1226 1224 1412 1360 Aegidio
1402 1255 1439 1309 in
1458 1244 1575 1340 majus
1595 1254 1745 1344 tempus
1774 1261 1825 1316 rei
1816 1227 1913 1318 fru-

456 1347 659 1432 mentariae
682 1369 858 1461 potuerat
890 1287 1123 1460 piovideri:
1157 1343 1472 1461 quandoquidem
1509 1349 1558 1433 ad
1583 1378 1830 1435 nummorum
1860 1352 1915 1435 in·

397 1511 402 1519 ·
456 1466 581 1581 opiam
617 1494 661 1551 ea
691 1494 848 1580 quoque
874 1464 971 1550 mala
1003 1463 1236 1569 acciderant,
1269 1489 1313 1549 ut
1343 1464 1554 1552 Parriarcha
1581 1467 1852 1583 Aquilegiensis
1875 1494 1920 1573 ιι

455 1584 664 1700 Episcopus
678 1584 908 1670 Tudertinus
928 1613 1015 1668 cum
1032 1582 1179 1698 reliquis
1196 1644 1208 1687 ,
1224 1583 1291 1697 qui
1315 1585 1490 1670 exercitui
1504 1613 1738 1672 commeatus
1755 1616 1909 1701 suppor

457 1727 537 1790 tare
557 1701 704 1790 fuerant
720 1703 896 1819 polliciti,
912 1700 1028 1788 fidem
1058 1726 1163 1786 metu
1180 1701 1346 1787 hostium
1362 1702 1499 1790 exclusi
1515 1702 1709 1808 fallerent,
1726 1732 1841 1793 naves
1857 1729 1917 1798 ιι-

456 1822 532 1908 iam
550 1852 678 1960 ,quae
705 1854 727 1907 a
756 1823 910 1909 Corsica
926 1848 965 1908 et
996 1821 1200 1908 aSardinia
1235 1817 1489 1907 frumentandi
1516 1851 1627 1908 catasa
1651 1822 1780 1909 missae
1811 1824 1918 1911 redi

456 1942 602 2027 bant
566 1942 917 2056 ,interciperentur
950 1944 1046 2037 Quo
1062 1938 1179 2026 malo
1185 1969 1273 2025 cum
1301 1940 1408 2025 multi
1424 1940 1555 2028 milites
1590 1943 1778 2029 discedere
1802 1971 1912 2060 coge·

457 2085 612 2165 rentur,
629 2061 888 2148 ecclesiasticus
903 2062 1080 2146 exercitus
1104 2059 1238 2145 indies
1267 2059 1529 2146 minuebatur.

260 2216 448 2326 amnisrop
517 2124 640 2266 XVll.
700 2185 742 2265 ln
759 2206 866 2266 ιιιιιι
892 2181 1072 2265 omnium
1098 2207 1223 2264 rerum
1252 2177 1446 2294 iniquitate
1481 2180 1660 2298 Aegidius
1690 2145 1916 2268 Pontificem

260 2285 434 2396 iiiiiicer
412 2341 443 2388 ιι
435 2297 508 2385 de
532 2299 673 2386 cunctis
700 2300 896 2386 certiorem
922 2294 1135 2386 faciendum
1163 2322 1295 2403 ratus,
1329 2298 1576 2413 Episcopum
1574 2304 1792 2401 Pacensem
1823 2308 1919 2385 cum

261 2416 362 2457 (Μ
370 2400 442 2453 ‘²⁰
422 2411 643 2506 mandatis
655 2441 695 2504 et
709 2419 836 2505 litteris
853 2417 994 2525 mittit,
1011 2443 1057 2504 ut
1078 2418 1200 2532 ipsum
1226 2417 1404 2504 edoceret
1420 2478 1435 2523 ,
1451 2447 1568 2533 quam
1594 2419 1633 2503 in
1644 2441 1821 2554 'angusto
1857 2445 1917 2504 res

455 2562 580 2643 esset,
597 2564 636 2624 et
651 2562 794 2653 quanta
810 2566 889 2622 non
915 2563 1148 2623 commeatus
1172 2534 1290 2621 modo
1304 2595 1321 2670 .’
1338 2538 1404 2623 sed
1430 2538 1587 2623 militum
1605 2537 1717 2623 etiam
1739 2537 1912 2672 indigen-

454 2656 507 2741 tia
529 2656 708 2742 exercitus
723 2680 950 2742 versaremur.
982 2656 1132 2749 Quibus
1150 2654 1255 2739 malis
1276 2683 1316 2739 ni
1304 2653 1591 2743 subveniretur
1608 2682 1785 2762 mature,
1803 2657 1915 2742 timo-

454 2803 534 2862 rem
550 2804 655 2880 esse,
674 2804 725 2860 ne
748 2773 942 2860 deficiente
974 2773 1232 2861 ecclesiastico
1231 2773 1431 2880 exercitu,
1470 2798 1596 2912 atque
1601 2775 1646 2859 in
1674 2775 1763 2862 dies
1782 2775 1917 2860 decre«

454 2906 605 3001 scente,
628 2836 797 2980 llostibus
818 2904 951 2979 contra
980 2923 1026 2979 ex
1051 2893 1107 2977 his
1133 2894 1242 2978 rebus
1267 2891 1449 3006 majorem
1466 2892 1671 2982 audaciam
1683 2894 1917 3007 maioresque

454 3013 597 3148 spiritus
628 3012 888 3118 sumentibus,
903 3040 971 3097 eae
999 3040 1157 3133 quoque
1182 3010 1377 3118 civitates,
1399 3042 1510 3129 quae
1533 3015 1714 3100 hactenus
1743 3011 1917 3098 ecclesiae
2044 3060 2046 3064 Α

456 3132 534 3217 sine
554 3131 811 3219 controversia
833 3131 1065 3247 paruissent,
1083 3128 1279 3216 discrimen
1305 3074 1477 3216 adirent:
1497 3162 1536 3219 se
1567 3163 1660 3220 vero
1684 3162 1733 3217 co
1769 3155 1917 3244 semper.

457 3251 587 3336 animo
604 3249 793 3365 persistere
825 3250 975 3354 scribit,
992 3272 1037 3335 ιιι
1067 3277 1138 3365 pro
1170 3245 1352 3334 Pontifice
1389 3273 1429 3335 ιι
1448 3250 1597 3337 ecclesia
1634 3249 1781 3335 nullum
1814 3247 1920 3334 labo

458 3398 568 3475 rem,
586 3367 733 3454 nullum
749 3369 944 3454 discrimen
959 3391 1053 3452 esset
1069 3352 1354 3502 deprecaturus
1379 3366 1453 3452 Sed
1468 3399 1538 3455 nec
1554 3369 1863 3501 Imperatorem
1837 3395 1917 3453 stne

459 3487 623 3598 exercitu
645 3487 816 3573 bellum
801 3515 955 3604 gerere,
971 3513 1041 3571 nec
1064 3485 1264 3572 exercitum
1279 3485 1360 3572 sine
1392 3486 1578 3602 stipendio
1613 3513 1680 3575 aut
1714 3484 1919 3589 contineri,

462 3631 530 3694 aut
554 3605 713 3722 reparari
728 3636 857 3722 posse.
889 3611 933 3691 ln
957 3634 1042 3690 eam
1058 3634 1096 3691 sc
1130 3605 1384 3691 necessitatem
1406 3634 1483 3692 esse
1507 3605 1774 3740 compulsum,
1797 3624 1845 3688 ut
1858 3630 1922 3689 ces

460 3725 548 3811 'teris
573 3724 751 3809 absumtis
765 3754 812 3810 ex
839 3724 1073 3810 instrumenti
1089 3723 1143 3808 sui
1158 3724 1253 3812 vasis
1281 3726 1464 3839 argenteis
1479 3723 1648 3811 aureisve
1672 3721 1762 3808 nihil
1775 3721 1841 3808 sbi
1858 3749 1920 3808 ιι

462 3842 609 3959 liquum
633 3838 788 3950 feccrit,
804 3843 931 3928 omnia
965 3867 1031 3927 aut
1061 3841 1289 3946 distraxisse,
1312 3865 1380 3926 aut
1401 3873 1491 3976 opp
1555 3870 1701 3930 orasse.
1745 3840 1920 3926 Multum

464 3986 656 4077 praeterea
671 3961 776 4046 aeris
774 3904 892 4047 ⁴'alieni
907 3961 1153 4067 contraxisse,
1170 3986 1218 4046 ut
1240 3903 1410 4046 milites
1400 3989 1440 4043 ιιι
1475 3994 1503 4048 o
1542 3961 1602 4047 cio
1630 3958 1863 4062 contineret,
1882 3980 1925 4044 ιι

465 4110 599 4216 parum
630 4075 844 4195 profecisse.
878 4084 1070 4198 Magnam
1089 4081 1227 4168 etenim
1253 4103 1401 4194 partem
1433 4107 1480 4165 ex
1502 4079 1664 4166 hibernis
1697 4076 1922 4164 cibariorum

464 4227 593 4314 mopra
612 4198 830 4285 discessisse
863 4203 918 4287 At
935 4199 1038 4286 sibia
1054 4202 1195 4286 Monte
1211 4198 1436 4283 Fal'ocorum
1451 4198 1578 4312 copias
1595 4196 1734 4284 idcirco
1748 4223 1828 4279 non
1843 4220 1923 4279 esse

467 4342 691 4433 promotas,
721 4317 830 4433 quod
855 4318 1014 4404 dubium
1035 4346 1117 4403 non
1149 4339 1244 4402 esset
1271 4316 1309 4400 in
1341 4339 1448 4401 tanta
1479 4316 1639 4403 militum
1667 4311 1927 4431 paucitate,si

468 4436 557 4522 inde
582 4435 809 4542 discesserit,
828 4437 975 4522 hostem
988 4497 1001 4539 ,
1016 4464 1085 4551 qur
1072 4433 1273 4551 quotidie
1300 4430 1453 4520 infestus
1486 4436 1631 4522 adesset
1647 4431 1825 4549 ,oppido
1856 4459 1928 4543 po-

470 4554 650 4692 titurum,
671 4556 780 4671 quod
806 4554 856 4641 ad
881 4552 1097 4641 ducendum
1119 4553 1260 4639 bellum
1293 4577 1427 4639 natura
1446 4556 1535 4640 situs
1568 4582 1748 4691 magnam
1791 4545 1929 4648 faceret

471 4675 740 4762 occasionem:
775 4698 910 4760 cuncta
927 4699 1056 4760 tamen
1080 4675 1220 4761 damna
1235 4702 1344 4789 posse
1368 4673 1529 4760 resarciri
1545 4735 1557 4780 ,
1574 4703 1603 4759 ιι
1590 4671 1710 4758 ’'ab
1699 4697 1782 4785 ipso
1812 4693 1927 4782 pecu-

471 4794 616 4880 niarum
641 4817 829 4909 quantum
860 4793 943 4879 satis
976 4819 1097 4900 esset,
1129 4793 1445 4909 suppeditaretur.
1466 4795 1552 4908 Jam
1569 4792 1670 4879 enim
1693 4818 1731 4875 ιι
1763 4787 1802 4872 in
1819 4791 1929 4871 Etru

470 4914 569 5004 tiam
583 4941 627 5004 ac
644 4911 807 5005 Galliam
816 4911 1042 5031 Cisalpinam
1066 4914 1253 5027 dimisisse,
1268 4943 1336 5034 qui
1324 4912 1509 5006 militum
1529 4910 1718 5026 delectum
1733 4906 1931 5020 haberent

1827 5028 1923 5114 Pau·
