4034 5858
492 400 565 480 35'4
856 371 1132 449 DECRETUM
1159 369 1444 448 AlEXANDRI
1469 366 1533 443 Vl.

471 505 595 608 astur,
624 501 666 587 et‘
687 499 808 617 ipsum
824 525 970 584 nomen
995 493 1198 582 Salvatoris
1221 492 1341 580 nostri
1353 495 1393 580 in
1420 494 1590 613 partibus
1617 493 1684 581 illis
1708 487 1938 586 inducatur:

475 625 705 709 „hortamur
723 649 792 706 vos
806 615 1128 735 quamplurimum
1144 614 1183 699 in
1209 612 1381 702 Domino
1401 674 1414 721 ,
1434 639 1474 700 et
1488 643 1555 732 pet
1584 615 1675 700 sacri
1702 616 1844 702 lavacri
1860 649 1943 704 sus·

478 740 752 858 >sceptionem,
780 766 859 852 qua
874 735 1060 824 mandatis
1076 733 1289 849 apostolicis
1314 734 1471 853 obligati
1498 732 1611 840 estis,
1635 759 1674 821 et
1700 734 1846 822 viscera
1874 740 1944 822 mi·

482 858 725 946 msericordias
752 854 899 943 domini
922 855 1040 944 nostri
1069 854 1159 968 Jesu
1184 853 1322 940 Christi
1351 878 1496 941 attente
1512 853 1759 970 requirimus,
1792 880 1837 942 ut
1850 884 1939 943 curn

482 977 785 1094 ‚expeditionem
802 975 1017 1091 huiusmodi
1034 974 1194 1060 omnino
1209 974 1385 1090 prosequi
1401 1001 1439 1060 et
1466 1002 1651 1059 assumere
1667 1001 1792 1088 prona
1810 1001 1937 1062 mente

484 1096 752 1183 ‚orthodoxae
767 1091 855 1182 fidei
870 1098 953 1181 zelo
967 1092 1181 1200 intendatis,
1206 1092 1368 1209 populos
1383 1091 1422 1178 in
1436 1091 1652 1206 hujusmodi
1667 1092 1798 1178 insulis
1813 1118 1850 1179 et
1865 1119 1938 1179 ter·

482 1216 561 1301 ntis
574 1216 753 1332 degentes
769 1215 821 1301 ad
848 1214 1097 1300 Christianam
1113 1212 1330 1329 religionem
1355 1211 1629 1327 suscipiendum
1657 1210 1839 1298 inducere
1861 1213 1942 1300 veli

482 1334 563 1421 ntis
578 1360 617 1420 et
633 1333 823 1439 debeatis,
845 1362 915 1419 nec
931 1331 1091 1449 pericula
1108 1393 1121 1436 ,
1139 1360 1210 1417 nec
1226 1330 1371 1417 labores
1386 1330 1464 1418 ullo
1481 1360 1664 1447 umquam
1681 1356 1859 1448 tempore
1875 1362 1942 1419 vot

487 1453 759 1557 mereremur,
781 1449 888 1539 firma
916 1482 982 1570 spe
1002 1449 1215 1566 fiduciaque
1239 1451 1462 1565 conceptis,
1491 1450 1600 1566 quod
1631 1454 1737 1535 Deus
1766 1450 1944 1566 omnipo

490 1597 600 1656 „tens
615 1595 772 1657 conatus
789 1597 932 1659 vestros
953 1567 1102 1657 feliciter
1130 1593 1393 1685 prosequetur.
1427 1574 1480 1655 Et
1497 1594 1540 1654 ut
1565 1568 1660 1654 tanti
1686 1568 1834 1685 negotii
1858 1599 1945 1684 pro

487 1689 682 1779 „vinciam
697 1691 923 1806 apostolicae
950 1689 1090 1806 gratiae
1119 1687 1288 1804 largitate
1312 1687 1445 1774 donati
1461 1685 1607 1773 liberius
1628 1712 1667 1772 et
1694 1687 1875 1774 audacius
1889 1718 1946 1773 as·

491 1808 697 1895 assumatis:
728 1837 838 1898 motu
854 1808 1041 1925 proprio,
1069 1835 1149 1891 non
1165 1805 1215 1905 ad
1231 1829 1392 1894 vestram
1410 1807 1471 1894 vel
1486 1806 1633 1893 alterius
1660 1835 1733 1921 pto
1756 1808 1871 1895 vobis
1886 1838 1944 1892 su·

491 1957 586 2042 „per
601 1928 677 2014 hoc
693 1927 801 2015 nobis
826 1929 974 2014 oblatae
999 1924 1184 2041 petitionis
1200 1923 1444 2032 instantiam,
1471 1925 1537 2011 sed
1561 1926 1610 2011 de
1627 1951 1757 2010 nostra
1789 1926 1946 2012 metali

462 2056 464 2058 ’
493 2045 727 2151 rsberalitate,
744 2069 783 2131 et
803 2077 849 2133 ex
864 2069 964 2132 certa
979 2043 1128 2130 scientia
1147 2104 1159 2147 ,
1175 2071 1219 2128 ac
1241 2043 1289 2129 de
1312 2042 1538 2158 apostolicae
1564 2045 1757 2158 potestatis
1784 2044 1943 2159 plenitu-

493 2163 640 2271 ssdine,
670 2190 802 2250 omnes
818 2164 952 2249 insulas
969 2186 1008 2248 et
1024 2187 1137 2247 terras
1161 2159 1284 2247 firmas
1305 2161 1478 2248 inventas
1491 2188 1530 2247 er
1545 2161 1810 2267 inveniendas,
1840 2164 1947 2248 dete·

494 2305 599 2366 ‚mas
615 2305 654 2367 et
675 2282 905 2399 detegendas
932 2310 1059 2368 versus
1088 2278 1323 2365 occidentem
1350 2306 1389 2366 et
1412 2281 1634 2386 meridiem,
1666 2275 1885 2366 fabricando
1908 2306 1949 2368 et

495 2399 779 2485 „construendo
796 2431 912 2487 unam
925 2400 1063 2485 lineam
1079 2428 1101 2482 a
1118 2396 1210 2512 polo
1223 2397 1390 2502 arctico,
1424 2398 1559 2485 scilicet
1582 2398 1838 2512 septentrione
1857 2460 1870 2504 ,
1900 2400 1946 2484 ad

494 2517 654 2633 „polum
671 2520 942 2624 antarcticum,
974 2517 1106 2603 scilicet
1121 2515 1344 2621 meridiem,
1376 2515 1453 2602 sire
1467 2541 1587 2603 terrae
1598 2516 1728 2602 firmae
1746 2541 1787 2602 et
1810 2517 1946 2602 insulae

495 2634 699 2723 „inventae
723 2663 763 2722 er
785 2634 1035 2725 inveniendae.
1049 2635 1120 2720 sint
1154 2662 1282 2721 versus
1307 2634 1452 2721 Indiam
1468 2659 1535 2721 aut
1553 2664 1679 2723 versus
1692 2633 1806 2720 aliam
1820 2664 1946 2750 quam·

470 2764 688 2869 locumque
706 2779 849 2869 partem
868 2813 882 2860 ‚
901 2783 1001 2869 quae
1020 2753 1115 2838 linea
1131 2750 1242 2839 distet
1255 2782 1278 2837 a
1292 2751 1461 2868 qualibet
1488 2753 1721 2860 insularum,
1752 2782 1853 2870 quae
1869 2752 1947 2839 vul·

498 2873 663 2989 „gariter
679 2900 945 2988 nuncupantur
962 2876 1008 2956 de
1025 2878 1079 2957 los
1095 2871 1242 2956 Azores
1265 2870 1412 2956 etCabo
1424 2878 1554 2979 verde,
1570 2898 1723 2958 centum
1740 2871 1849 2957 leucis
1865 2898 1941 2956 ver·

499 3020 587 3075 „sus
602 2990 836 3078 occidentem
846 3015 884 3077 et
902 2988 1110 3075 meridiem:
1129 2988 1178 3072 ita
1194 2988 1302 3104 quod
1321 3018 1455 3076 omnes
1470 2991 1608 3076 insulae
1630 3015 1669 3077 et
1684 3014 1808 3076 terrac
1824 2987 1947 3074 firmae

489 3134 693 3222 „repertae
710 3134 748 3194 et
765 3109 1029 3224 reperiendae,
1046 3107 1215 3193 detectae
1231 3107 1552 3225 etdetegendaea
1575 3105 1742 3225 praefata
1756 3107 1855 3193 linea
1870 3136 1947 3192 ver-

498 3255 586 3324 essus
602 3225 836 3314 occidentem
853 3252 891 3313 et
907 3226 1125 3330 meridiem,
1155 3254 1221 3340 per
1236 3224 1349 3310 alium
1363 3231 1508 3343 Regem
1524 3252 1591 3314 aut
1616 3226 1828 3340 Principem
1846 3225 1946 3310 Chri·

469 3356 474 3361 ”
499 3343 686 3429 ortianum
704 3373 785 3432 non
806 3342 944 3431 fuerint
962 3343 1151 3429 actualiter
1175 3371 1361 3457 possessae
1384 3374 1504 3459 usque
1530 3344 1580 3431 ad
1602 3345 1703 3430 diem
1750 3343 1948 3430 nativitatis

497 3460 670 3547 „domini
696 3463 814 3553 nostri
837 3465 927 3576 Jcsu
941 3461 1079 3548 Christi
1104 3459 1273 3575 proxime
1294 3462 1564 3576 praeteritum,
1587 3492 1709 3579 aquo
1725 3460 1853 3577 incipit
1878 3490 1949 3546 an-

500 3609 599 3666 onus
632 3610 803 3696 praesens
837 3581 1046 3667 millesimus
1081 3578 1469 3695 quadringentesimus
1498 3580 1765 3699 nonagesimus
1793 3580 1948 3686 tertius,

504 3701 693 3815 „quando
709 3695 862 3786 fuerunt
885 3727 951 3814 per
976 3697 1127 3784 nuntios
1142 3720 1181 3782 et
1208 3695 1421 3811 capitaneos
1446 3724 1590 3786 vestros
1615 3700 1793 3789 inventae
1807 3698 1950 3815 aliquae

499 3818 802 3933 „praedictarum
817 3817 1050 3904 inntlarum:
1079 3815 1300 3902 auctoritate
1315 3816 1584 3931 omnipotentis
1597 3818 1670 3903 Dei
1684 3817 1795 3902 nobis
1810 3817 1849 3902 in
1863 3819 1951 3903 bea·

500 3960 571 4021 asto
598 3940 712 4022 Petro
736 3966 942 4043 concessa,
974 3964 1019 4022 ac
1046 3932 1242 4021 vicariatus
1271 3934 1361 4046 Jesu
1393 3935 1559 4042 Christi,
1587 3966 1664 4053 qua
1696 3932 1887 4053 fungimur
1910 3936 1951 4019 in

498 4054 630 4141 arterris
647 4114 661 4161 ‚
688 4084 776 4141 cum
792 4056 968 4142 omnibus
993 4054 1137 4139 illarum
1154 4051 1327 4139 dominiis
1344 4116 1357 4161 ,
1372 4054 1607 4161 civitatibus,
1630 4055 1756 4140 castris
1772 4115 1784 4157 ,
1799 4052 1895 4140 locis
1915 4077 1953 4139 et

497 4172 616 4259 ‚suillis
632 4235 644 4277 ,
660 4171 874 4291 juribusque
895 4200 934 4262 et
970 4171 1276 4288 jurisdictionibus
1298 4200 1343 4258 ac
1389 4173 1614 4287 pertinentiis
1637 4173 1817 4260 universis
1846 4172 1951 4260 vobis

495 4288 797 4410 „heredibusque
829 4319 868 4379 et
906 4290 1174 4380 successoribus
1198 4292 1355 4397 vestris,
1384 4292 1569 4378 Castellae
1602 4317 1641 4379 et
1671 4292 1854 4408 Legionis
1883 4296 1950 4376 Re·

494 4408 654 4525 „gibus,
685 4408 968 4526 inperpetuum
994 4437 1125 4499 tenore
1148 4410 1397 4524 praesentium
1417 4409 1623 4512 donamus,
1643 4410 1891 4496 concedimus
1916 4433 1951 4494 ct

493 4527 783 4646 resignamus,
816 4559 964 4645 vosque
985 4554 1025 4616 et
1067 4528 1222 4614 heredes
1244 4556 1289 4612 ac
1330 4557 1555 4616 successores
1586 4525 1774 4644 praefatos
1807 4528 1949 4614 illarum

493 4646 697 4733 »dominos
713 4677 801 4758 cum
816 4649 927 4763 plena
945 4708 960 4755 ,
980 4649 1094 4734 libera
1108 4669 1147 4732 et
1170 4646 1395 4734 omnimoda
1418 4671 1634 4761 potestate,
1656 4647 1886 4733 auctoritate
1914 4672 1951 4731 ct

492 4764 768 4874 „jurisdictione
788 4764 969 4873 facimus,
993 4767 1253 4852 constituimus
1268 4791 1308 4852 et
1335 4768 1572 4880 deputamus.
1605 4771 1866 4853 Decernentes
1894 4765 1948 4849 nio

489 4882 717 4973 „hlomims
733 4914 799 5002 per
819 4884 1033 5000 hujusmodi
1057 4884 1335 4993 donationem,
1366 4887 1646 4975 concessionem
1662 4912 1701 4974 et
1727 4884 1948 5006 assignatio-

1680 5077 1687 5089 „
1822 5033 1938 5112 ranem
