4034 5858
447 395 681 471 meausrs
705 389 914 470 occurs.
939 399 1161 473 cuturn·
1419 421 1487 493 401

579 647 830 733 carus
886 648 995 735 xu.
1082 765 1083 769 Ν
1158 646 1161 651 ·

653 886 916 972 Summanum.

117 1088 249 1171 ‚Quando
262 1086 315 1145 uit·
330 1083 415 1144 bonus
432 1080 534 1156 ultro,
557 1084 803 1164 pseudoregem
820 1083 974 1156 autjuetut
996 1072 1155 1159 accedere,
1164 1081 1217 1145 vel
1235 1099 1316 1147 tecue
1322 1080 1444 1161 ,debeat
1451 1122 1465 1160 ,
1565 1139 1570 1148 .

66 1164 70 1173 ’
185 1171 226 1229 ad
238 1164 399 1246 fatendum
412 1166 614 1227 testimonium.
686 1189 712 1243 j

91 1369 125 1450 1.
155 1279 337 1573 qUod
350 1390 477 1453 autern
489 1366 635 1452 dicebas
647 1429 659 1471 ,
671 1367 943 1485 theologorum
959 1395 1144 1452 consensu
1160 1364 1263 1454 nulla
1277 1364 1362 1485 lege
1371 1394 1503 1483 quem·

52 1511 177 1597 quam
194 1516 220 1569 o
247 1486 270 1570 li
297 1484 376 1591 ari,
399 1513 443 1571 ut
459 1484 508 1571 de
523 1482 676 1570 occultis
705 1487 917 1572 criminibus
936 1485 1191 1572 testimonium
1224 1485 1323 1570 dicat
1352 1546 1365 1591 ,
1390 1485 1498 1571 theo·

56 1599 166 1718 logi,
192 1602 221 1688 si
236 1516 431 1741 diiigenter
446 1601 638 1718 inspicias,
663 1604 922 1720 quaestionem
941 1604 1041 1690 hanc
1069 1631 1150 1688 non
1181 1602 1386 1718 simpliciter
1413 1602 1498 1691 defi·

55 1716 196 1825 aiunt,
225 1723 292 1808 sed
307 1744 479 1807 interesse
495 1721 664 1826 docent,
693 1719 843 1808 ultrone
857 1721 998 1807 crimen
1013 1717 1156 1809 deferas
1172 1782 1194 1824 ‚,
1207 1749 1257 1804 an
1275 1745 1429 1837 rogatus
1444 1723 1496 1807 ab

57 1835 210 1943 altero,
236 1839 298 1929 vel
312 1838 410 1952 jussu
434 1837 585 1955 legitimi
613 1838 739 1952 judicis
764 1840 814 1926 ad
842 1838 1044 1926 dicendum
1062 1838 1317 1924 testimonium
1329 1838 1497 1928 accedas.

59 1954 167 2041 Nam
184 1954 239 2042 bis
258 1957 484 2062 auctoribus,
501 1956 601 2048 ultro
613 1956 753 2043 crimen
769 1957 860 2044 socii
874 1953 1032 2062 deferre,
1046 1985 1117 2041 nec
1131 1956 1222 2042 boni
1238 1954 1306 2041 viri
1323 1978 1379 2041 est
1396 2018 1408 2061 ,
1427 1986 1497 2045 nec

54 2072 245 2189 religiosi,
273 2100 573 2191 praeterquam,
593 2099 637 2161 ut
661 2076 780 2162 modo
796 2073 997 2179 dicebam,
1021 2075 1050 2160 si
1072 2101 1204 2274 vergat
1220 2073 1259 2159 in
1288 2071 1495 2190 cujuspiam

60 2187 349 2279 incommodum
364 2192 426 2280 vel
441 2191 660 2309 reipublicae
673 2193 884 2305 jacturam,
911 2193 1050 2309 quibus
1079 2221 1141 2277 ma
1155 2193 1182 2276 is
1197 2217 1392 2278 occurrere
1415 2221 1498 2280 non

57 2306 162 2392 aliter
178 2307 330 2415 valeas,
360 2335 427 2395 aut
442 2334 653 2426 antegressa
667 2306 829 2396 fraterna
851 2310 1088 2425 correptione
1107 2307 1186 2424 (sic
1201 2309 1303 2394 enim
1320 2370 1332 2414 ,
1351 2336 1394 2395 ut
1408 2310 1492 2417 scis,
1572 2422 1576 2425 Α

59 2448 205 2511 vocant
227 2428 385 2512 amicam
411 2451 450 2511 et
472 2426 572 2540 piam
602 2427 899 2513 admonitionem
924 2428 939 2541 )
965 2428 995 2512 si
1025 2427 1119 2512 ratio
1143 2426 1308 2541 postulat
1330 2428 1495 2540 peccati:

58 2569 150 2627 nam
177 2566 271 2630 tunc
299 2542 522 2629 imminentis
539 2543 624 2628 mali
648 2573 737 2630 eum
753 2545 887 2658 ,cujus
902 2544 991 2630 scire
1006 2543 1397 2649 intetest,admonere
1420 2605 1432 2649 ,
1456 2569 1497 2634 et

59 2660 157 2745 male
176 2662 407 2778 cogitantem
425 2660 670 2766 nominatim,
686 2661 781 2747 sirei
798 2661 1023 2778 magnitudo
1040 2685 1180 2775 poscet,
1196 2661 1388 2768 indicare,
1413 2691 1495 2748 non

61 2776 234 2863 delatoris
260 2778 456 2864 inhumani
472 2809 598 2894 opus,
628 2778 694 2864 sed
709 2776 793 2892 justi
807 2803 847 2865 et
861 2778 957 2865 boni
985 2779 1052 2864 viri
1069 2775 1236 2864 officium
1263 2808 1341 2865 esse
1369 2778 1495 2865 decer·

58 2892 189 2998 nitur,
217 2897 337 2983 modo
360 2896 399 2983 id
425 2892 545 2981 facere
575 2897 688 3010 possit
703 2896 781 2985 sine
802 2925 872 2981 suo
896 2895 1072 3011 periculo.
1106 2901 1324 3011 Numquae
1354 2895 1494 2982 delatio

58 3011 148 3097 alias
170 3013 268 3099 utilis
282 3039 321 3100 et
334 3014 493 3102 honesta
514 3010 635 3099 fraudi
650 3042 727 3100 esse
752 3036 878 3128 potest
900 3010 1082 3100 deferenti
1106 3074 1119 3119 ,
1150 3012 1218 3099 nisi
1238 3013 1380 3101 crimen
1403 3043 1492 3128 pro-

59 3128 232 3237 baverit,
255 3130 358 3216 banc
368 3131 652 3247 probationibus
668 3131 788 3216 minus
804 3132 1084 3246 suppetentibus
1109 3130 1305 3244 praeterire
1331 3130 1494 3245 pruden-

58 3246 104 3332 tis
119 3272 187 3351 est,
205 3274 359 3336 auctore
375 3249 587 3366 Augustino
603 3310 615 3351 ,
631 3271 669 3333 et
684 3248 826 3365 legibus
840 3273 1007 3335 cavetur.
1042 3248 1106 3334 Sin
1121 3271 1247 3333 autem
1265 3248 1428 3364 rogeris,
1445 3275 1492 3335 ut
1528 3286 1567 3337 oe
1587 3290 1684 3340 nem

1434 3366 1442 3382 ·
1502 3349 1531 3397 ln
1544 3361 1684 3408 sesemet.

58 3364 312 3450 testimonium
330 3367 458 3468 dicas,
486 3391 577 3450 tunc
591 3394 722 3449 causae
737 3395 855 3481 genus
879 3391 935 3451 est
956 3364 1294 3452 considerandum:
1328 3394 1418 3451 nam
1434 3395 1488 3452 ιιι·
1501 3406 1625 3458 notantes.
1657 3408 1686 3457 n

1505 3469 1573 3514 hom.
1582 3469 1613 3513 de
1642 3480 1685 3514 oe·

55 3481 147 3594 juria
163 3482 372 3589 laboranti,
398 3483 607 3600 praesertim
624 3482 664 3569 in
678 3485 804 3597 capitas
820 3507 887 3569 aut
902 3480 1027 3572 famae
1045 3478 1249 3568 discrimine
1266 3543 1277 3587 ,
1296 3482 1362 3601 qui
1375 3544 1387 3586 ,
1401 3509 1489 3567 cum
1503 3525 1586 3574 ..net
1598 3527 1682 3575 naec

55 3598 186 3704 valet,
211 3630 291 3686 non
314 3600 549 3717 opitulatur,
584 3599 737 3713 perinde
762 3624 920 3713 peccat,
950 3598 1074 3686 sceleri
1096 3598 1332 3688 consen-tiens
1360 3660 1373 3703 ,
1401 3627 1445 3683 ac
1462 3599 1492 3683 si
1507 3587 1689 3706 illidam*

53 3745 162 3803 reum
178 3718 367 3805 calumniis
390 3742 656 3836 oppugnaret,
682 3741 781 3802 recte
811 3715 899 3804 viris
926 3716 1141 3804 doctissimis
1167 3715 1492 3831 interpretantibus

51 3836 266 3921 consentire
281 3865 399 3941 eum,
424 3837 495 3954 qui
519 3858 647 3939 tacet,
670 3859 757 3918 cum
772 3834 884 3950 possit
911 3830 1084 3926 refellere.
1119 3837 1222 3920 Nam
1239 3834 1304 3950 qui
1332 3864 1355 3918 a
1386 3833 1489 3920 socio

57 3951 226 4067 iujuriam
244 4016 256 4062 ,
277 3979 321 4042 ut
345 3978 502 4044 testamt
532 3952 778 4059 Ambrosius,
802 3951 831 4036 si
853 3976 1003 4070 potest,
1027 3981 1107 4037 non
1132 3952 1304 4068 repellit,
1333 3975 1411 4039 tam
1434 3976 1489 4038 est
1544 3993 1604 4063 op
1621 4013 1645 4051 ,,

57 4071 99 4156 in
115 4073 234 4179 virio,
257 4103 374 4187 quam
390 4075 457 4189 qui
473 4071 582 4157 facit:
611 4099 679 4156 nec
694 4093 795 4155 caret
810 4070 983 4186 scrupulo
996 4070 1177 4155 societatis
1202 4066 1401 4173 occultae,
1423 4068 1491 4183 qui

58 4185 255 4275 manifesto
269 4186 425 4282 facinori
452 4190 583 4279 desinit
609 4189 763 4277 obviare
784 4249 796 4294 ,
820 4213 864 4274 ut
890 4189 1102 4274 Anastasius
1122 4211 1161 4272 et
1193 4186 1283 4275 item
1306 4190 1491 4271 Damasus

59 4304 260 4392 Pontifices
274 4311 470 4425 scripsere.
501 4310 567 4392 Vir
593 4308 704 4423 igitur
730 4308 854 4391 bonus
881 4306 1121 4391 innocentem
1145 4332 1252 4390 teum
1274 4299 1402 4415 juvare
1418 4333 1490 4392 suo

60 4421 277 4510 test'rnonio
303 4457 382 4511 non
405 4426 646 4544 gravabitur:
676 4423 850 4540 scripturn
866 4448 922 4509 est
936 4422 1046 4511 'enim
1069 4423 1108 4510 in
1137 4422 1306 4538 psalmo:
1338 4424 1494 4531 Eripite
1509 4413 1572 4471 Μ
1586 4419 1625 4468 ⁸¹·

55 4560 294 4652 pauperem,
324 4562 360 4630 et
374 4572 522 4655 egenum
548 4549 593 4627 de
617 4569 724 4625 manu
736 4549 949 4652 peccatoris
967 4541 1136 4624 liberate.
1171 4545 1223 4626 Et
1237 4540 1275 4626 in
1288 4539 1382 4624 libro
1398 4545 1493 4627 Pro·

61 4660 305 4746 verbiotum:
337 4663 440 4746 Erue
455 4690 546 4764 eos,
577 4669 641 4768 qui
652 4663 835 4743 ducuntur
851 4663 903 4742 ad
917 4673 1079 4743 mortem.
1107 4663 1216 4773 -Ergo
1238 4682 1280 4743 ut
1309 4657 1493 4742 innocen·
1526 4651 1627 4717 ⁰⁴³⁴·
1713 4750 1718 4757 ,

63 4804 143 4865 tem
157 4779 321 4866 vindices
336 4812 359 4865 a
376 4781 559 4865 calumnia
575 4841 587 4882 ,
605 4809 686 4862 non
702 4777 802 4880 dico,
815 4803 969 4892 rogatus
984 4776 1238 4863 testimonium
1263 4770 1357 4860 ferre
1380 4774 1494 4859 debes

62 4925 144 4983 non
159 4924 345 5105 gravppg,
365 4896 430 4985 sed
459 4897 541 4984 site
565 4925 680 4984 nemo
696 4917 806 5013 roget
828 4952 843 5000 ‚
867 4893 1069 5008 prudenter
1085 4920 1239 4999 curare,
1265 4915 1311 4979 ut
1336 4919 1420 4976 reus
1437 4890 1494 4977 in-

129 5018 235 5103 Tom.
308 5083 318 5103 .
1030 5019 1109 5098 Eee
1427 5035 1504 5104 nos
