4020 5864
470 358 585 607 rb.
648 462 854 589 nan.
913 355 1479 589 sapucvnnaa
1541 429 1918 585 contrua}

463 661 467 669 ’
554 798 556 803 ,
616 716 690 798 au
710 665 1413 843 oravissmunraaasuran
1429 656 1500 793 ar.
1523 713 1621 837 ur.
1644 708 1787 833 noar
1817 826 1821 835 .

467 897 471 903 ’
509 882 860 1040 nonnarum
880 861 1882 1087 PruM·‚Tm>rscouqusvanr1NUM,

525 1118 558 1132 -
768 1160 1072 1248 PRAEFATIO
1101 1086 1158 1246 ns
1187 1103 1628 1245 antonionum

672 1377 779 1459 PRO
808 1376 1054 1460 ALBERTO
1088 1374 1172 1456 Plo
1206 1373 1442 1454 nanterre
1474 1371 1734 1455 cantans}

847 1562 909 1624 nr
925 1558 1173 1624 anasrrmu
1186 1554 1554 1620 aoraaooaaruar.

477 1689 571 1861 N
571 1767 769 1880 Umquam
796 1756 1172 1878 putaram,Rodulfe
1191 1759 1293 1865 Pie,
1319 1755 1465 1874 praesul
1479 1756 1725 1876 gravissime,
1750 1782 1835 1875 post
1858 1755 1924 1845 Al·

475 1883 571 1973 betti
591 1881 647 1967 Pii
664 1876 839 1994 Principis
856 1880 1055 1993 Carpensis
1075 1878 1196 1995 patrui
1211 1877 1290 1985 tui,
1315 1877 1466 1994 meique
1488 1877 1642 1994 patroni
1667 1876 1843 1984 obitum,
1912 1876 1923 1896 '

478 2030 599 2117 nuper
619 1999 755 2104 nobis,
773 1997 899 2104 idest,
918 1998 1017 2103 suis,
1041 1997 1275 2109 justissimum
1292 1995 1573 2112 maximumque
1598 1993 1819 2083 dolorema
1887 1996 1924 2099 't,

478 2122 531 2208 illi
547 2147 639 2207 vcro
655 2114 862 2234 ingentium
897 2116 1073 2201 laborum
1109 2142 1149 2203 et
1172 2113 1425 2200 molestiarum
1442 2112 1558 2201 finem
1584 2113 1805 2231 imposuisse
1827 2112 1921 2202 vide·

480 2240 592 2326 batur
604 2299 616 2343 ,
638 2234 849 2351 quidquam
868 2235 1019 2323 evenire
1033 2263 1143 2351 posse
1169 2290 1185 2339 ,
1207 2234 1317 2350 quod
1340 2233 1402 2322 vel
1424 2258 1598 2320 nostrum
1625 2261 1841 2322 moerorem
1861 2259 1921 2315 au·

478 2381 614 2476 geret,
640 2353 700 2442 vel
716 2353 791 2469 ejus
812 2383 975 2469 quoquo
993 2353 1118 2439 modo
1134 2352 1303 2468 quietern
1319 2376 1359 2437 et
1386 2351 1701 2468 tranquillitatem
1725 2351 1924 2439 solicitaret

476 2478 548 2572 vir
563 2474 663 2561 enim
685 2498 729 2559 ut
750 2472 930 2586 sapientia
955 2498 995 2558 et
1016 2470 1218 2576 doctrina,
1243 2470 1350 2556 omni
1375 2471 1539 2588 denique
1564 2469 1810 2558 humanitate
1833 2497 1929 2586 prae-

390 2674 396 2679 .
478 2593 617 2692 ditus,
651 2615 691 2677 et
716 2589 830 2677 animi
854 2589 1123 2706 magnitudine
1161 2588 1365 2705 ceterisque
1389 2586 1589 2676 virtutibus
1616 2614 1816 2704 praestans
1843 2649 1855 2695 ‚
1883 2586 1929 2672 sic

480 2714 590 2801 rebus
606 2710 715 2826 gestis
733 2707 941 2820 praeclarus
960 2769 974 2815 ,
998 2708 1094 2794 obiit
1110 2703 1282 2840 procula
1307 2707 1427 2821 patria
1445 2768 1459 2814 ‚
1483 2730 1639 2825 paterna
1656 2705 1804 2794 ditione
1822 2731 1929 2821 atqie

480 2830 616 2947 opibus
640 2826 834 2942 iniquitate
856 2824 1036 2913 fortunae
1061 2826 1258 2939 derectus,
1281 2854 1382 2943 quae
1400 2823 1623 2943 plerumque
1647 2825 1749 2912 solet
1772 2823 1929 2911 invidere

480 2975 651 3037 summae
673 2943 801 3033 virtuti
830 3004 842 3049 ,
874 2972 913 3032 et
941 2945 1028 3032 viris
1060 2943 1212 3059 optimis
1244 2971 1289 3029 ac
1321 2943 1546 3058 sapiennbus
1579 2941 1725 3030 bellum
1750 2944 1930 3046 indicere,

481 3068 714 3179 eosdemque
739 3062 844 3151 velut
867 3062 1034 3149 studiose
1055 3088 1094 3148 et
1118 3061 1354 3179 pertinaciter
1378 3061 1577 3170 insectari,
1601 3091 1722 3178 quam
1752 3062 1932 3148 calamita·

483 3212 564 3275 tem
579 3183 822 3291 vehementer
849 3183 1013 3299 augebat
1030 3181 1230 3267 diuturnus
1251 3180 1406 3266 morbus
1435 3179 1662 3286 articularis,
1695 3210 1784 3294 quo
1810 3178 1930 3267 atroci·

484 3303 660 3393 tetidem
681 3324 721 3386 et
746 3295 1038 3415 frequentissime
1055 3298 1273 3386 vexabatur.
1303 3297 1436 3384 Tantis
1453 3299 1567 3418 igitur
1585 3297 1767 3385 molestiis
1786 3323 1826 3385 et
1846 3296 1929 3381 ola·

488 3422 678 3510 mitatrbus
704 3417 918 3523 exhaustis,
946 3419 1029 3535 quis
1044 3446 1125 3504 non
1141 3440 1333 3532 putasset,
1361 3416 1465 3501 illum
1492 3414 1666 3505 saevitiae
1694 3445 1791 3504 suae
1821 3413 1931 3502 fortu-

489 3571 589 3642 nae,
617 3536 710 3622 dum
727 3564 774 3621 ex
796 3535 869 3619 hac
887 3535 993 3641 vita,
1017 3566 1088 3621 suo
1113 3535 1269 3652 quidem
1297 3532 1455 3649 optabili
1480 3596 1494 3642 ,
1518 3532 1584 3621 sed
1607 3563 1769 3620 suorum
1802 3535 1935 3620 incom-

490 3656 707 3744 modissime
721 3678 893 3769 tempore
910 3653 1086 3770 migraret
1114 3714 1129 3760 ,
1156 3648 1395 3739 satisfecisse?
1425 3655 1484 3739 At
1509 3679 1596 3738 ecce
1629 3652 1770 3738 iterum
1792 3650 1937 3740 fortuna

402 3820 405 3831 ·
489 3777 624 3862 eadem
650 3795 811 3858 renovat
835 3769 932 3856 bella
946 3771 1096 3886 pristina
1112 3795 1407 3886 postmortem,
1439 3799 1510 3858 nec
1525 3770 1617 3856 illius
1641 3800 1777 3856 manes
1805 3771 1935 3858 sinitin

491 3915 624 4008 optata
643 3917 735 4002 pace
752 3947 766 3991 ,
784 3890 859 3974 hoc
874 3886 931 3974 est
948 3917 1113 3995 ,nomen
1127 3888 1205 4002 ejus
1232 3891 1271 3972 in
1288 3888 1476 3975 mentibus
1493 3888 1696 3975 hominum
1712 3917 1809 3975 cum
1827 3888 1933 4006 digni·

491 4036 571 4100 tate
585 4007 772 4123 quiescere
794 4065 808 4109 ,
831 4006 937 4122 quasi
953 4007 1083 4093 volens
1108 4005 1210 4091 claro
1227 4005 1461 4092 documento
1495 4006 1632 4094 docere
1660 4069 1674 4112 ,
1703 4038 1843 4095 verum
1865 4035 1939 4093 esse

493 4127 602 4246 quod
620 4123 838 4211 Aristoteles
861 4123 1042 4229 tradidit,
1069 4122 1235 4209 etiamin
1256 4125 1560 4211 mortuoslicere
1586 4125 1805 4242 quidquam
1829 4125 1942 4213 forru-

495 4278 567 4334 nae
582 4243 791 4330 temeritati.
824 4246 963 4357 Neque
990 4241 1093 4328 enim
1109 4238 1311 4329 defuerunt
1343 4242 1565 4356 importuno
1596 4274 1801 4361 pravoque
1825 4246 1945 4332 homi·

495 4395 562 4452 nes
584 4361 764 4478 ingenio,
791 4360 857 4476 qui
872 4360 1014 4446 technis
1029 4384 1071 4446 et
1089 4359 1280 4444 calumniis
1309 4359 1387 4471 ejus
1402 4357 1525 4449 famae
1548 4360 1802 4472 insidiantes,
1838 4371 1946 4452 Eras-

497 4512 604 4570 mum
621 4480 742 4566 virum
759 4477 924 4594 alioquin
943 4477 956 4592 (
972 4503 1016 4563 ut
1032 4478 1080 4566 de
1096 4478 1244 4596 egregia
1262 4476 1342 4589 ejus
1364 4477 1580 4596 eloquentia
1603 4481 1861 4600 doctrinaque
1894 4511 1942 4572 ta·
1998 4558 2000 4565 .

447 4696 450 4700 ,
496 4607 672 4695 ceam)et
688 4597 849 4711 probum
867 4623 906 4683 et
929 4597 1169 4683 moderantm
1191 4625 1240 4683 eo
1267 4598 1519 4710 compulerint
1531 4594 1625 4685 falsis
1643 4626 1686 4686 ee
1707 4603 1937 4689 calumniosis

500 4716 774 4818 delationibus,
803 4743 845 4800 ut
861 4715 996 4801 librum
1012 4713 1167 4801 ediderit
1182 4714 1220 4798 in
1241 4713 1440 4801 Albertum
1457 4718 1564 4804 Pium
1592 4743 1762 4834 utroque
1783 4723 1938 4837 ipsorum

502 4834 820 4956 indignissinum,
845 4864 926 4953 quo
942 4833 1065 4924 vitum
1095 4832 1476 4948 praestantissinum,
1501 4862 1689 4956 quantum
1722 4841 1885 4957 quidem
1905 4838 1944 4922 in

1872 4986 1949 5076 ¹9⁵⁰
