4050 5858
463 353 575 460 ἰφ
965 360 1436 439 Democrates

479 494 576 580 riam
604 489 789 578 irritantes
819 489 1112 606 investigandae
1133 490 1279 579 veritati
1309 518 1349 581 et
1373 490 1585 580 divinamm
1605 518 1730 580 rertmr
1758 483 1938 581 contem}

347 614 352 623 ’
481 611 641 730 plationi
664 634 829 714 vacant,
849 611 986 694 horum
1017 610 1096 696 uita
1127 610 1327 725 tranquilla
1357 635 1400 697 et
1422 639 1550 696 serena
1566 637 1646 718 est,
1673 636 1790 725 atque
1815 611 1936 730 longe

482 727 705 848 perfectior:
731 728 872 843 quippe
895 758 986 813 cum
1009 732 1118 831 eam,
1145 729 1278 845 quoad
1309 729 1415 834 licet,
1435 729 1670 834 aemuletur,
1686 758 1788 845 quae
1815 728 1934 840 justos

363 915 368 924 .
484 876 524 936 et
545 848 690 932 »ammos
707 848 779 931 Dei
800 875 889 932 vere
905 847 1068 953 beatos,
1093 874 1181 930 cum
1204 875 1249 932 ex
1271 847 1344 935 hac
1369 848 1448 937 vitu
1481 846 1746 964 migraverint,
1769 846 1926 937 elliciet.

485 967 558 1055 Sed
576 993 682 1049 anum
702 980 760 1048 est
774 1026 787 1069 ,
802 964 922 1081 inquit
938 1024 951 1069 ‚
967 972 1243 1072 necessarium,
1262 964 1483 1052 alterutrum
1500 965 1599 1050 enim
1613 1026 1626 1068 ,
1641 965 1821 1052 virtutem
1851 998 1930 1054 mo-

485 1115 570 1170 rum
591 1109 657 1169 aut
684 1082 890 1168 intellectus
914 1083 1036 1167 colere
1061 1110 1209 1168 neccsse
1236 1108 1320 1189 est,
1341 1108 1385 1169 ut
1407 1108 1509 1170 recte
1533 1083 1709 1170 vivatur.
1737 1088 1843 1167 Nam
1859 1088 1926 1200 qui

485 1231 646 1319 utraque
678 1200 876 1317 neglecta,
904 1200 1108 1287 vecordiae.
1126 1229 1164 1285 se
1186 1229 1230 1286 ac
1246 1201 1469 1317 turpitudini
1494 1200 1640 1287 dederit
1657 1261 1670 1306 ‚
1687 1200 1715 1285 is
1736 1229 1818 1287 non
1843 1204 1926 1290 dico

485 1353 510 1408 a
533 1319 857 1424 Christianorum,
876 1319 941 1405 sed
960 1320 1008 1404 ab
1024 1318 1224 1407 hominum
1248 1319 1444 1410 consortio
1472 1318 1597 1433 repelli
1618 1319 1929 1438 exterminarique

487 1441 623 1527 debet.
886 1510 887 1513 a
1263 1508 1266 1511 a
1334 1450 1337 1457 ’
1362 1512 1364 1515 ,
1466 1506 1468 1512 .
1509 1508 1533 1513 ff

547 1559 637 1643 XV.
701 1559 804 1642 Nam
820 1558 849 1642 si
868 1555 951 1674 quis
979 1555 1077 1645 forte
1101 1584 1179 1645 tam
1195 1558 1365 1675 stupidus
1381 1583 1437 1645 est
1457 1582 1529 1664 ,ut
1552 1584 1661 1675 putet
1676 1558 1856 1646 Marthae
1871 1558 1927 1645 of·

488 1675 612 1762 licium
637 1703 681 1760 ac
704 1674 851 1762 liberale
867 1706 963 1793 opus
987 1678 1182 1762 aChristo
1209 1672 1318 1763 fuisse
1341 1676 1621 1791 improbatum,
1639 1677 1741 1793 legat
1756 1678 1927 1794 Augusti-

436 1867 438 1871 .
485 1795 526 1882 ni
547 1793 709 1879 libellum
727 1854 739 1898 ,
754 1823 870 1910 quem
895 1794 1034 1905 scripsit
1049 1799 1094 1879 de
1108 1796 1246 1879 Verbis
1261 1797 1416 1879 Domini
1434 1855 1446 1900 ,
1463 1793 1530 1880 ubi
1546 1796 1648 1881 hunc
1663 1796 1858 1914 Evangelii
1873 1796 1926 1882 lo-

268 1893 575 2022 liiliriif'ffi‘cum
598 1913 747 2000 enarrat
761 1946 773 2017 ,·
788 1937 827 1997 et
842 1936 1030 2026 quantum
1056 1912 1238 1998 sententia
1262 1908 1433 2013 fallatur,
1451 1911 1657 2030 intelliget.
1690 1916 1803 2024 ,Quid
1825 1941 1927 2024 ergo,

486 2033 634 2149 inquit,
645 2045 816 2140 putemus
830 2089 844 2135 ‚
857 2032 1116 2139 reprehensum
1139 2056 1221 2113 esse
1244 2038 1488 2117 musterium
1502 2032 1715 2117 Martbae‘l
1739 2054 1852 2138 quam
1869 2060 1948 2149 cus

488 2179 537 2238 ro
561 2153 833 2258 hospitalitatis
858 2163 1135 2257 occupaverat,
1152 2174 1245 2253 quae
1268 2162 1371 2234 toruo
1395 2152 1539 2258 bospite
1566 2151 1809 2235 laetabatur?
1835 2152 1929 2237 Hoc

487 2277 526 2354 ei
540 2295 671 2352 vnum
700 2284 759 2350 ert
775 2326 790 2372 ,
807 2270 1153 2351 omittatubomines
1168 2269 1360 2375 egentibus
1380 2275 1598 2352 ministrare
1616 2282 1775 2374 ,vacere
1790 2269 1928 2372 umbo,

488 2399 710 2496 occupentur
739 2393 847 2470 droa
866 2393 1059 2470 scientiam
1082 2390 1283 2468 salutarem
1302 2387 1427 2492 ‚nibil
1446 2394 1504 2470 eis
1527 2394 1740 2490 sitcurae,
1766 2392 1853 2492 ouis
1866 2403 1930 2493 pe·

352 2592 353 2595 a
486 2514 661 2614 regrinus
682 2511 722 2584 in
748 2512 834 2587 vico
851 2511 904 2587 sit
923 2563 937 2610 ,
955 2511 1039 2609 quis
1053 2517 1160 2610 egeat
1169 2519 1270 2611 pone
1288 2510 1469 2607 ‚nubant
1495 2522 1609 2612 opero
1636 2506 1930 2608 misericordiae,

486 2632 624 2706 instem
652 2628 715 2704 uni
739 2625 939 2705 sciendae.
973 2623 1060 2705 Non
1077 2624 1346 2729 ergodoninus
1371 2641 1463 2731 opus
1489 2624 1723 2740 reprehendit
1740 2624 1929 2726 ‚sedmu

330 2840 334 2846 .
485 2766 556 2822 uus
584 2745 787 2822 distinxit:
816 2745 985 2846 sequitur
1012 2745 1106 2821 enim
1124 2739 1286 2843 ,Maria
1309 2748 1484 2849 optimam
1494 2755 1646 2848 partem
1674 2746 1820 2850 elegit,
1834 2764 1928 2844 quae

361 2894 372 2934 ,-
488 2883 559 2941 non
582 2856 774 2962 auferetur
789 2857 838 2938 ab
855 2883 900 2941 ea
916 2885 929 2959 3
946 2881 1014 2940 um
1030 2870 1072 2939 tu
1088 2861 1221 2939 malam
1235 2913 1250 2960 ‚
1265 2861 1335 2940 scd
1358 2863 1425 2941 illo
1442 2864 1643 2943 meliorem
1666 2860 1778 2942 Haec
1792 2862 1922 2989 Augu-

487 2975 626 3059 stinus.
656 2972 730 3060 Sed
755 2975 916 3087 apertius
941 2973 1055 3059 etiam
1069 2973 1278 3090 Gregorius
1301 3002 1379 3060 sese
1399 2975 1510 3087 huius
1535 2974 1740 3061 sententiae
1763 2972 1926 3092 gmvtssi-

487 3123 595 3176 mum
617 3114 810 3175 auctorem
834 3090 1026 3196 exhibuit,
1040 3090 1144 3205 cuius
1159 3092 1275 3179 verba
1299 3121 1347 3178 ea
1367 3117 1456 3179 nint
1480 3092 1739 3177 inMorulium
1763 3116 1872 3178 sexto
1889 3089 1928 3175 li·

488 3210 582 3294 bro:
617 3210 695 3292 Per
711 3210 883 3294 Mariam
902 3269 917 3316 ‚
935 3209 1082 3325 inquit,
1103 3235 1197 3317 quac
1218 3212 1339 3294 verba
1365 3213 1533 3296 residens
1555 3213 1756 3311 audiebat,
1774 3225 1926 3294 conum·

481 3332 638 3436 platina
670 3334 757 3410 vito
785 3335 1041 3438 exprimatur.
1064 3328 1143 3412 Per
1171 3329 1367 3412 Maribam
1393 3332 1644 3414 exterioribus
1667 3329 1855 3432 obsequiis
1877 3351 1929 3410 oc·

486 3460 661 3554 cupotom
688 3453 822 3529 omina
843 3453 930 3529 vito
954 3442 1195 3554 significatur
1210 3477 1220 3530 :
1237 3451 1307 3529 sed
1318 3446 1499 3531 iunias
1521 3471 1617 3530 ctera
1639 3471 1708 3530 non
1722 3446 1925 3555 repreben-

348 3627 354 3635 χ
486 3567 623 3668 ditur,
646 3564 780 3650 Maria
803 3571 896 3647 ¹‘nem
914 3568 1089 3648 laudatur
1105 3594 1113 3648 :
1131 3571 1220 3671 qaia
1242 3569 1377 3673 magno
1400 3578 1487 3647 sunt
1512 3573 1664 3648 activae
1683 3570 1791 3647 vitae
1817 3567 1927 3645 nuri·

486 3696 560 3785 ta,
582 3685 651 3763 sed
676 3686 984 3790 contemplativae
1007 3687 1179 3791 potiora.
1215 3684 1389 3795 Utraque
1410 3681 1520 3797 igitur
1552 3680 1659 3786 vita,
1694 3709 1775 3766 non
1808 3678 1930 3765 modo

487 3797 785 3884 doctissimorum
818 3798 1016 3883 hominum
1033 3798 1128 3904 ,sed
1151 3798 1294 3884 Chim
1313 3797 1386 3883 Dei
1406 3798 1542 3911 judicio
1564 3799 1763 3912 probanda
1778 3825 1862 3901 est,
1891 3818 1930 3881 et

486 3915 642 4001 homine
664 3915 878 4002 Christiano
904 3916 1045 4034 digna.
1073 3914 1357 4029 Contemplatio
1386 3939 1515 4002 tamen
1540 3915 1656 4032 longe
1688 3913 1930 4029 auteponinar

299 4080 303 4087 ’
378 4068 381 4073 ·
485 4032 653 4118 actioni.
686 4039 825 4150 Neque
848 4063 942 4120 vero
971 4033 1094 4120 solum
1117 4033 1317 4147 probanda
1342 4023 1494 4121 mitta
1520 4059 1606 4139 est,
1625 4061 1725 4147 quae
1754 4032 1790 4116 in
1814 4029 1932 4116 rebus

486 4152 640 4267 agendis
662 4178 830 4240 versatur
848 4210 862 4256 ‚
877 4151 943 4239 sed
969 4150 1020 4236 ad
1043 4150 1245 4237 hominum
1272 4149 1479 4237 neutralem
1503 4151 1719 4237 societatem
1746 4149 1931 4236 tuendam

487 4271 688 4355 necessaria
702 4299 715 4375 ·,
730 4297 769 4357 et
792 4272 851 4356 hic
880 4267 1034 4357 fortasse
1061 4269 1385 4355 commodissimus
1412 4293 1451 4355 et
1475 4297 1676 4384 germanus
1699 4290 1757 4352 est
1782 4265 1931 4351 intelle·

487 4411 569 4471 ctus
594 4390 799 4474 verborum
813 4389 948 4476 Christi
963 4387 1117 4473 dicentis
1135 4418 1144 4471 ε
1163 4389 1284 4474 Porro
1304 4413 1412 4470 unum
1434 4402 1492 4470 est
1519 4394 1791 4472 necessarium.
1826 4388 1931 4468 Nam

487 4531 576 4591 cum
591 4505 686 4591 duas
709 4507 804 4592 inter
825 4533 864 4592 se
888 4505 1040 4617 vivendi
1067 4504 1229 4590 rationes
1252 4511 1484 4620 compararet
1500 4537 1511 4589 a
1530 4536 1676 4610 unum,
1693 4504 1732 4588 id
1749 4526 1840 4607 est,
1867 4530 1932 4586 ea-

486 4651 573 4709 rum
598 4623 753 4710 alteram
777 4623 893 4710 uitam
909 4684 920 4726 ,
935 4652 1035 4738 quae
1066 4623 1119 4708 rei
1149 4624 1337 4740 gerendae
1356 4623 1626 4711 accomodatur
1647 4685 1660 4728 ‚
1683 4619 1932 4707 necessarium

486 4769 563 4827 esse
579 4741 665 4828 dicit
688 4740 737 4827 ad
751 4742 870 4828 vitam
886 4741 1127 4856 degendam.
1161 4745 1264 4827 Nam
1288 4741 1317 4826 si
1338 4766 1381 4826 ut
1397 4740 1520 4826 Maria
1539 4804 1552 4848 ,
1568 4743 1663 4827 item
1675 4740 1853 4844 Martha,
1873 4766 1933 4824 re·

486 4888 570 4947 rum
595 4862 645 4948 ad
669 4860 890 4955 convivium
914 4859 1199 4952 necessariarum
1223 4859 1357 4952 onusta
1381 4887 1497 4970 cura,
1531 4858 1624 4966 nihil
1646 4858 1775 4968 aliud,
1810 4886 1933 4975 quam

473 5023 484 5044 ι
980 5001 982 5004 ”
1868 5003 1936 5063 au·
