4192 5880
558 371 633 445 40*v
948 346 1170 424 RERUM
1205 345 1552 423 GESTARUM

533 505 659 596 „non
687 477 807 592 pudet
821 470 1037 561 honestis'
1001 473 1114 579 vrris,
1133 500 1178 558 ac
1191 498 1279 558 suae
1304 468 1443 558 libidini
1462 469 1750 580 obsistentibus,
1769 473 1998 591 tyrannidis,

536 626 693 714 quam„
710 597 777 710 ipsi
804 591 979 679 affectant
995 617 1268 706 exercentque,
1286 591 1440 677 nomine
1465 592 1644 680 invidiam
1661 590 1809 700 facere,
1831 621 1870 683 et
1887 599 1994 687 vanis

536 782 565 830 ,‚
585 715 891 802 exsecrationibus
908 711 1107 797 detestari:
1123 740 1229 826 quast
1218 710 1371 796 Deum
1387 711 1662 821 immortalem,
1678 741 1794 829 quem
1816 745 1978 803 nossan

534 898 566 949 „
583 835 676 921 ctius
701 862 745 918 ac
760 830 957 967 religiosius
986 859 1200 917 reveremur
1206 829 1485 965 edimusque,
1499 832 1571 919 suis
1596 832 1767 920 sordibus
1797 862 1973 921 accnmr

536 954 688 1067 „nibus
713 950 1010 1038 consentientem
1024 973 1064 1035 et
1086 948 1363 1064 conspirantem
1381 950 1570 1055 habeant,
1587 978 1626 1039 ιι
1651 982 1732 1038 ιιοιι
1761 882 1996 1069 potius*
1918 954 1995 1039 ira-

537 1138 567 1185 „
581 1098 664 1159 tum
682 1135 694 1180 ,
709 1071 819 1186 quod
833 1068 985 1165 videat,
1002 1098 1109 1154 suam
1124 1067 1341 1203 religionem
1366 1093 1406 1155 ιι
1431 1069 1644 1177 ecclesiam,
1663 1101 1763 1187 quae
1787 1072 1988 1158 sanctimo-

539 1193 668 1305 „nia,
701 1187 954 1323 frugalitate,
980 1186 1114 1272 terreni
1150 1185 1293 1301 imperii
1335 1218 1532 1303 opumque
1561 1191 1785 1305 despectu,
1820 1190 1993 1305 exemplo

537 1309 717 1424 „Christi
743 1335 787 1392 ac
803 1306 902 1391 beati
916 1304 1168 1392 Petrituenda
1184 1330 1290 1411 erat,
1306 1306 1345 1390 in
1370 1307 1613 1392 ambitionem
1629 1333 1669 1395 et
1692 1308 1881 1397 avaritiam
1905 1337 1992 1395 con-

536 1459 724 1544 „versam
742 1424 874 1510 scelere
890 1453 1048 1528 eorum,
1064 1424 1199 1538 quibus
1227 1423 1423 1509 commissa
1439 1454 1515 1515 esse
1530 1426 1699 1512 videtur·
1690 1426 1792 1543 ,qui
1819 1425 1990 1513 sacerdo·

488 1611 491 1638 ι
538 1614 567 1664 ,,
581 1549 657 1652 tia,
673 1546 857 1632 virtutum
880 1542 970 1627 olim
986 1566 1025 1625 et
1049 1539 1247 1626 sanctitatis
1260 1570 1341 1628 non
1371 1567 1450 1629 tam
1466 1544 1655 1658 praemia,
1677 1573 1794 1659 quam
1819 1545 1991 1632 exercita·

538 1732 568 1780 „
555 1688 732 1778 ,menta,
749 1689 851 1746 nunc
876 1660 951 1744 ab
942 1659 1023 1773 ipsis
1036 1659 1075 1745 ιιι
1091 1675 1319 1746 mercaturae
1336 1658 1498 1747 formam
1526 1687 1687 1767 coacta,
1703 1692 1785 1779 quo
1799 1662 1918 1749 carius
1953 1692 1993 1748 e·

538 1852 566 1898 ,‚
582 1807 716 1888 munt,
731 1809 781 1866 ιο
793 1779 936 1894 turpius
950 1779 1000 1864 ad
1016 1780 1295 1896 congerendam
1308 1780 1503 1895 pecuniam
1519 1781 1747 1866 abutuntur.
1766 1786 1840 1886 Et,
1862 1779 1891 1865 si
1909 1781 1995 1896 quis

539 1905 798 2016 „imperatam
814 1897 1010 2015 pecuniam
1032 1898 1194 2012 pendere
1209 1899 1396 2003 renuerit,
1413 1922 1479 1983 aut
1502 1899 1670 2032 ipsorum
1694 1841 1845 1983 libidini
1865 1926 1995 2013 parere

540 2087 568 2134 „
582 2021 722 2134 iussus,
738 2042 782 2102 ut
798 2040 854 2102 est
878 2010 952 2099 hoc
968 2043 1087 2131 genus
1098 2016 1321 2101 hormnum
1312 2016 1577 2130 imperiosum,
1604 2015 1726 2102 mitius
1754 2014 1994 2131 obtempera·

539 2138 705 2251 „verit‚
722 2136 826 2221 hunc
847 2133 1015 2266 protinus
1030 2134 1137 2219 sacris
1161 2133 1409 2239 interdicunt,
1428 2133 1623 2219 horrendis
1647 2133 1913 2219 devotionibus
1928 2134 1994 2219 de-

540 2321 568 2369 „
582 2279 766 2343 testantur
782 2249 970 2367 ,quibus
962 2280 1118 2368 ignavos
1145 2251 1317 2338 homines
1332 2276 1371 2337 et
1386 2250 1652 2365 superstitiosas
1673 2251 1905 2337 mulierculas
1931 2249 1996 2336 de·

540 2374 709 2486 „terreri
722 2392 998 2486 compererunt.
1024 2369 1140 2454 Iidem
1156 2398 1244 2455 cum
1261 2398 1350 2487 erga
1365 2370 1465 2456 viros
1483 2366 1597 2455 fortes
1612 2368 1901 2504 prudentesque,
1925 2396 1996 2473 nec

541 2494 732 2610 „ignaros
747 2520 863 2605 quam
886 2515 984 2575 vana
1013 2485 1087 2571 sint
1116 2487 1184 2572 ista
1214 2489 1497 2593 territamenta,
1517 2487 1584 2572 nisi
1610 2487 1800 2599 justissima
1821 2489 1921 2592 sint,
1938 2486 1995 2571 in·

541 2610 830 2721 „tellexerunt,
863 2631 977 2691 terras
1007 2605 1198 2807 mariaque
1227 2605 1407 2710 miscent,
1438 2630 1478 2691 et
1508 2634 1589 2690 non
1618 2631 1697 2691 tam
1713 2608 1860 2710 Marte,
1879 2634 1997 2736 quam

542 2728 695 2839 „Pluto
715 2726 880 2859 agitante
911 2722 1050 2807 bellum
1080 2750 1118 2806 tn
1156 2751 1269 2827 runt,
1286 2723 1416 2808 scilicet
1441 2748 1486 2808 ut
1516 2723 1670 2808 beatum
1697 2728 1850 2809 Petrum
1864 2752 1997 2837 ,cujus

538 2844 746 2956 „clavibus
771 2872 809 2928 se
852 2842 1033 2953 imperare
1055 2839 1224 2976 jactant,
1250 2841 1466 2947 imitentur,
1498 2841 1565 2956 qui
1591 2841 1630 2926 in
1658 2871 1746 2927 suae
1775 2841 1997 2955 posteritatis

540 2961 795 3079 „exemplum
815 2958 1051 3074 piscatorium
1070 2958 1358 3044 instrumentum
1371 2987 1485 3074 ,quo
1498 2958 1583 3043 solo
1602 2988 1708 3046 suam
1735 2983 1996 3094 paupertatem

542 3080 797 3189 „tolerabat
816 3079 966 3190 iubente
997 3074 1151 3162 Christo
1166 3076 1354 3189 ,abjecit,
1376 3100 1418 3161 ut
1443 3076 1625 3182 doceret,
1647 3100 1792 3211 practer
1818 3078 1996 3164 virtutem

541 3260 569 3309 „
586 3222 625 3284 ιι
639 3197 857 3314 religionem
882 3221 1014 3280 omnes
1032 3222 1088 3278 res
1120 3196 1304 3279 humanas
1324 3191 1454 3279 futuro
1475 3194 1663 3280 Christi
1628 3194 1763 3280 vicario
1778 3224 1859 3279 non
1876 3195 1998 3281 modo

543 3344 665 3425 „non
682 3344 759 3401 esse
783 3311 1037 3429 appetendas,
1054 3310 1119 3396 sed
1146 3311 1259 3396 etiam
1275 3311 1520 3424 abjiciendas.
1553 3317 1684 3428 Atque
1714 3312 1890 3428 equidem
1922 3313 2001 3398 ho·

543 3484 571 3541 „
585 3463 670 3519 rum
706 3459 744 3518 et
771 3429 936 3516 habendi
963 3452 1002 3513 ιι
1026 3427 1247 3514 dominandi
1269 3429 1524 3544 inexplebilem
1546 3430 1762 3516 aviditatem
1790 3456 1999 3545 utcumque

540 3549 817 3659 „tolerandam
834 3576 910 3633 esse
926 3574 1138 3650 censerem,
1159 3578 1187 3631 ιι
1176 3546 1321 3631 ullum
1337 3547 1496 3632 modum
1511 3577 1656 3634 servare
1678 3549 1834 3634 scirent.
1868 3553 1999 3683 Atque

541 3669 681 3776 „adeo
697 3668 842 3784 legatos
857 3692 945 3794 prae
963 3663 1033 3746 hac
1062 3689 1191 3748 nostra
1216 3664 1400 3750 modestia
1429 3693 1538 3779 saepe
1574 3667 1623 3752 ad
1649 3695 1713 3751 eos
1739 3668 1787 3752 de
1803 3695 1894 3782 pace
1909 3665 2001 3752 misi·

540 3845 570 3893 „
584 3816 690 3889 mus,
707 3784 825 3869 multa
842 3782 911 3867 de
904 3810 981 3895 Jure
997 3806 1156 3886 nostro,
1174 3783 1293 3866 multa
1308 3782 1420 3868 etiam
1433 3784 1482 3869 de
1498 3782 1665 3870 libertate
1686 3783 1939 3890 remittentes,
1954 3812 1999 3870 ea

541 3898 781 4010 „offerentes
796 3928 923 3983 annua
941 3898 1078 3984 tributa
1087 3843 1320 4033 ,qhibus3's1
1340 3901 1473 3985 scirent
1488 3901 1661 3988 avaritiae
1677 3930 1895 4016 temperare,
1916 3902 2001 3988 satis

539 4047 767 4133 „superque
782 4018 992 4104 debuerunt
1007 4045 1083 4101 esse
1104 4018 1285 4103 contenti.
1317 4018 1411 4121 Sed,
1429 4017 1480 4102 dii
1499 4019 1726 4103 immortales
1742 4049 1852 4133 ,quo
1881 4014 2000 4123 fastu,

542 4199 571 4245 „
584 4167 661 4252 qua
677 4134 869 4220 insolentia
882 4133 1127 4246 respondere!
1152 4136 1390 4218 Deditionem
1407 4143 1489 4216 sine
1504 4141 1706 4220 conditione
1721 4164 1770 4220 vo
1769 4144 1907 4218 l.umus
1932 4134 2000 4218 Ce

542 4285 571 4361 „
584 4261 662 4337 dite
674 4260 823 4363 patria,
835 4279 877 4334 re
878 4259 1012 4357 linquit
1012 4277 1032 4332 e
1048 4266 1145 4365 opes,
1160 4255 1399 4354 manardute,
1421 4258 1714 4338 misericordiam
1729 4261 1949 4369 supplices
1933 4282 2000 4336 zm·

545 4392 613 4482 „p
614 4379 753 4456 ltorate
781 4385 948 4455 nostrum
964 4377 1017 4452 sit
1040 4375 1080 4450 in
1110 4378 1282 4482 captivos
1295 4373 1570 4478 sammumjus,
1588 4386 1716 4455 nostra
1730 4381 1785 4479 sit
1807 4380 2000 4455 surnmain

544 4549 574 4599 „
580 4493 779 4573 dedititios
793 4497 895 4571 necis
901 4489 1019 4597 juxta
1035 4500 1073 4570 et
1086 4492 1192 4569 vitae
1200 4500 1384 4601 potestas.
1401 4487 1507 4584 Quid
1525 4488 1667 4604 turpius
1679 4514 1804 4576 aerata
1817 4489 1999 4602 mancipia

543 4667 572 4713 „
586 4607 660 4692 ab
650 4603 967 4743 ιιιιροιιιιιιιιιιιιιιι
996 4603 1156 4690 dominis
1171 4604 1323 4712 audire,
1343 4603 1436 4741 quid
1456 4606 1606 4723 gravius
1622 4633 1832 4723 exspectare
1856 4606 1997 4692 solenti

546 4731 642 4833 „lta
662 4752 750 4809 cum
776 4726 820 4810 sit
836 4747 903 4809 aut
919 4723 1196 4857 pugnandum,
1212 4751 1279 4810 aut
1308 4723 1438 4810 misere
1467 4726 1704 4814 serviendum
1736 4726 1802 4812 vel
1839 4750 2002 4812 mortem

551 4839 801 4956 „sortibus
764 4842 850 4934 vtris
880 4866 968 4934 ante
986 4840 1200 4938 servitutem
1223 4843 1442 4962 ponendam
1457 4846 1675 4959 statuinrus.
1703 4851 1824 4986 Ergo,
1846 4844 1914 4933 vin
1903 4841 2003 4930 '·for
