4140 5872
415 388 510 489 rrr4'
569 392 846 487 '·JOAN1N.
888 385 1620 466 Gunusrtsrauonvssonss
1666 402 1670 409 ·

390 524 561 630 cilent'a,
585 521 711 638 qualia
730 543 818 607 sunt
846 517 1026 635 pleraque
1052 518 1286 634 Aethiopum
1314 544 1355 606 et
1380 516 1590 608 Afrorum.
1620 517 1658 604 Si
1680 513 1800 610 locus·
1815 522 1860 614 in

392 642 706 760 septemtrionem
728 663 862 756 vergat
878 698 891 744 ,
906 664 961 724 est
976 638 1034 724 ille
1051 639 1207 755 quidem
1232 637 1385 726 salubris
1407 640 1503 746 ,sed
1525 666 1591 755 per
1606 637 1772 728 hiemem
1787 642 1859 732 fri·
2003 735 2004 738 Ν

394 791 499 880 γἓοτε
523 758 698 848 flantibus
721 757 971 877 Aquilonibus
996 759 1112 875 riget.
1139 757 1308 844 Vitanda
1337 780 1394 844 est
1423 756 1536 843 etiam
1587 755 1731 848 alustris
1760 763 1857 851 vici-

404 883 523 967 nitas:
539 910 628 967 nam
652 905 764 964 aurae
789 877 996 964 matutinae
1011 900 1051 963 et
1073 876 1262 983 nebulae,
1288 903 1388 993 quae
1411 875 1500 962 inde
1586 978 1590 991 .
1617 900 1733 987 nnat,
1754 909 1854 970 exo-

395 1001 523 1086 riente
542 999 619 1085 sole
637 1059 650 1105 ,
673 1025 760 1082 cum
778 1024 842 1112 per
857 1023 896 1081 se
909 993 1128 1111 corporibus
1148 996 1321 1082 humanis
1342 1001 1507 1081 noceant
1526 999 1853 1110 ‚purmmm
2006 1008 2007 1029 2

394 1146 591 1233 ,aquarum
605 1115 790 1230 coenique
805 1138 905 1199 tetro
926 1110 1102 1220 foetore,
1120 1140 1187 1225 aut
1203 1114 1316 1199 eriam
1331 1112 1549 1229 palustrium
1566 1113 1769 1204 bestiarum
1784 1137 1852 1206 ve-

403 1235 548 1322 nenatis
569 1233 751 1352 spiritibus
771 1229 928 1317 infectae
943 1231 1071 1320 locum
1086 1233 1318 1349 pestilentem
1332 1231 1519 1319 reddunt·
1536 1234 1646 1318 Haec
1659 1257 1716 1321 est
1728 1236 1852 1347 esim,

152 1407 153 1411 κ
214 1344 394 1467 ,wlliffiii
405 1378 449 1440 ut
462 1352 642 1458 arbitror,
663 1351 852 1467 potissima
869 1378 981 1436 causa
995 1410 1009 1458 ,
1023 1378 1090 1437 cur
1106 1350 1287 1466 Hispania
1302 1349 1424 1437 multo
1439 1349 1681 1449 salubriorsit
1696 1413 1711 1458 ,
1728 1382 1850 1470 quam

202 1467 347 1557 ‚⁸⁸¹⁰'”¹⁰‘·
403 1472 510 1559 Italia
526 1533 539 1576 ,
555 1469 665 1588 quod
678 1471 772 1555 baec
798 1468 951 1554 lacubus
966 1493 1007 1556 et
1030 1468 1228 1585 paludibus
1249 1465 1383 1558 referta
1407 1493 1490 1558 est:
1518 1495 1585 1583 per
1603 1497 1760 1557 omnem
1775 1504 1848 1561 au-

225 1610 359 1681 rnum.
403 1615 482 1677 rem
509 1589 729 1705 Hispaniam
757 1588 946 1674 salubritas
977 1588 1101 1695 caeli,
1132 1616 1177 1676 ut
1204 1594 1260 1674 Tr
1380 1587 1722 1705 ait,aequalisqae
1737 1593 1851 1703 ¹aeris
2001 1628 2002 1631 ¹

358 1718 360 1723 ’
405 1709 549 1824 spiritus
581 1708 682 1795 nulla
714 1705 908 1821 paludium
939 1705 1045 1823 gravi
1066 1706 1205 1794 nebula
1236 1617 1423 1792 boiciiur.
1460 1710 1655 1821 Aquarum
1680 1735 1851 1825 quoque

402 1826 652 1938 commoditas
672 1823 873 1941 plurimum
892 1820 979 1909 facit
992 1825 1043 1910 ad
1062 1824 1218 1912 salutem
1235 1822 1499 1910 animantium.
1521 1827 1625 1909 Nam
1639 1823 1775 1939 quibus
1792 1856 1853 1915 re·

309 2024 311 2027 ,
401 1941 474 2028 bus
499 1973 609 2059 saepe
641 1967 680 2029 et
711 1943 873 2028 multum
904 1941 1073 2049 utimur,
1091 1942 1163 2029 hae
1187 1942 1347 2030 salubres
1368 1941 1469 2047 sint,
1489 1968 1541 2025 an
1567 1969 1701 2047 secus,
1731 1942 1848 2058 pluri-
2001 2025 2003 2028 Α

401 2086 510 2147 mum
534 2062 686 2148 interest
703 2059 753 2146 ad
770 2059 1051 2165 valetudinem,
1074 2060 1285 2175 cujusmodi
1304 2084 1392 2146 sunt
1405 2088 1528 2178 aquae
1547 2089 1558 2144 ε
1585 2058 1727 2176 quippe
1741 2089 1848 2177 quae

401 2203 486 2264 non
509 2179 631 2266 solum
656 2179 793 2296 potui,
818 2177 1021 2264 sedetiam
1046 2178 1134 2264 cibis
1162 2177 1441 2295 excoquendis,
1458 2202 1499 2263 et
1521 2176 1646 2289 mulos
1669 2177 1742 2293 aliis
1769 2182 1849 2267 usi-

403 2292 473 2380 bus
500 2292 700 2412 aptantur.
731 2297 878 2381 Eadem
903 2319 959 2382 est
980 2294 1073 2381 airis
1088 2297 1183 2383 ratio
1199 2357 1211 2404 ,
1227 2325 1344 2412 quem
1367 2295 1497 2413 spiritu
1518 2295 1754 2384 continenter
1769 2298 1851 2387 du·-
1999 2351 2000 2354 κ

208 2461 214 2469 ·
304 2440 306 2446 ·
333 2433 338 2442 ·
401 2412 519 2498 cimus
544 2418 594 2502 ad
620 2412 742 2503 cordis
763 2414 926 2499 calorem
950 2416 1252 2528 temperandum.
1473 2457 1476 2460 >

207 2594 246 2660 ιο
320 2610 328 2660 ¹
380 2517 383 2519 ⁵
462 2534 627 2619 XXVII.
686 2531 859 2618 Proxima
872 2530 1073 2618 salubritati
1091 2560 1181 2619 cura
1195 2557 1277 2638 est,
1300 2553 1346 2619 ut
1369 2530 1415 2619 sit
1438 2530 1544 2618 locus
1567 2557 1703 2620 namra
1718 2492 1850 2621 muni}

49 2723 55 2730 .
208 2621 493 2752 tuccididtiitus,
521 2674 561 2736 et
579 2652 629 2737 ad
644 2647 793 2755 hostiles
815 2646 962 2761 injurias
989 2649 1215 2766 repellendas
1240 2649 1550 2738 accommodatus
1565 2712 1579 2757 ,
1594 2649 1748 2766 qualem
1764 2680 1849 2743 esse

401 2762 552 2851 constat
566 2767 694 2854 locum
715 2765 859 2852 editum
873 2794 1015 2883 magno
1036 2767 1163 2884 aliquo
1177 2764 1333 2854 flumine
1351 2765 1636 2855 ⁴circumfluente
1652 2829 1665 2874 ,
1680 2792 1721 2854 et
1737 2797 1847 2884 prae·

236 2933 240 2939 ·
400 2883 516 2997 ruptis
541 2886 630 2972 saxis
654 2883 834 2972 vallatum
849 2911 862 2987 ;
879 2883 1089 2996 cujusmodi
1103 2909 1160 2971 est
1174 2884 1302 2972 Toleti
1324 2885 1414 2971 situs
1426 2886 1477 2972 ad
1491 2885 1757 3001 Carpetaniam
1772 2888 1844 2975 cir·

396 3000 629 3089 cumlluente
652 3008 765 3118 Tago
778 3061 791 3107 ,
804 3024 844 3088 et
857 3001 1041 3088 Conchae
1064 3002 1105 3087 in
1123 3002 1321 3093 Celtiberia
1348 3003 1444 3089 inter
1472 3006 1678 3090 Sucronem
1703 3026 1746 3090 et
1769 3002 1846 3093 flu*
1987 3014 1988 3047 ³

395 3144 486 3202 men
512 3119 669 3206 alterurn
684 3181 696 3226 ,
713 3120 862 3205 urbium
873 3119 1076 3235 Hispaniae
1089 3119 1178 3207 loco
1195 3119 1518 3206 munitissimarum
1535 3182 1547 3204 .
1580 3122 1645 3208 Ad
1658 3149 1758 3237 quas
1770 3123 1845 3209 Sc·

389 3233 588 3343 pulvera,
616 3238 720 3326 unde
743 3262 1061 3355 genpunostrum
1084 3236 1348 3344 ,firmitudine
1376 3263 1416 3326 et
1444 3237 1653 3325 munitione
1678 3241 1846 3332 naturali

392 3353 564 3465 proxime
583 3356 753 3460 accedit,
777 3351 1058 3441 circumfluente
1073 3358 1272 3443 Duratone
1292 3354 1449 3444 litaniae
1464 3416 1479 3462 ,
1492 3357 1597 3466 cujus
1619 3354 1748 3444 alveus
1762 3387 1845 3446 cre·

393 3468 579 3581 pidinibus
596 3474 788 3592 utrimque
798 3470 1014 3560 continetur
1030 3475 1148 3580 ,saxis
1164 3536 1178 3582 ,
1198 3474 1413 3590 eisdemque
1428 3473 1597 3589 praealtis
1612 3535 1626 3580 ,
1642 3499 1682 3559 et
1699 3475 1736 3559 in
1751 3477 1842 3562 sub-

211 3602 234 3679 i'
265 3595 276 3614 '‘
312 3590 313 3594 ‘
392 3584 480 3674 lime
508 3589 622 3700 instar
644 3590 750 3679 ‘muri
781 3591 938 3679 directis.
969 3593 1062 3688 Qua
1088 3622 1181 3681 vero
1212 3590 1359 3680 'flumas
1387 3592 1637 3698 intermittit,
1655 3592 1775 3679 altero
1805 3594 1844 3680 i-

335 3739 339 3748 ’
390 3726 495 3811 tem,
522 3708 589 3795 sed
616 3739 737 3825 parvo
760 3706 946 3816 flumine,
963 3734 1002 3796 et
1023 3733 1313 3826 praeruptorum
1345 3738 1520 3798 saxorum
1548 3709 1687 3797 nativo
1709 3713 1840 3803 muni·

199 3809 380 3944 agillimi
393 3845 525 3910 mento
548 3826 760 3942 Sepulveda
781 3826 940 3915 vallatur
955 3827 1091 3943 :quod
1121 3827 1307 3949 oppidum
1332 3826 1426 3916 olim
1449 3827 1699 3939 Segobrigam
1726 3824 1843 3919 baisse

197 3929 379 4053 l?ffi{{fig,b‚‘¹‘
392 3941 585 4053 suspicor,
614 3967 698 4031 tum
734 3944 897 4031 cnloco
925 3968 966 4031 et
994 3944 1148 4062 regione
1177 3945 1425 4054 Celtiberiae,
1451 3969 1535 4032 tum
1565 3974 1612 4032 ex
1643 3945 1842 4036 vocabulo

389 4057 642 4171 conjecturam
670 4058 829 4148 faciem.
856 4066 960 4147 Nam
980 4091 1080 4178 quae
1102 4090 1204 4147 nunc
1224 4063 1441 4173 Sepulveda
1463 4062 1696 4179 corruptiore
1713 4091 1838 4150 voca·

387 4172 480 4261 bulo
505 4177 666 4285 dicitur,
695 4182 793 4267 hanc
821 4179 862 4264 in
878 4180 1064 4266 veteribus
1093 4179 1202 4295 ipsius
1226 4181 1369 4298 legibus
1391 4181 1646 4292 Sepulvegam
1672 4180 1839 4270 vocitari

388 4291 662 4402 animadverti,
690 4298 845 4383 nominc
868 4295 1002 4383 scilicet
1031 4297 1187 4384 nonita
1212 4299 1375 4385 multum
1401 4298 1576 4414 a'primo
1601 4298 1665 4385 illo
1697 4296 1841 4388 ‹lisere-

193 4423 526 4542 ¹pgpu3niopamo
559 4418 628 4500 Est
651 4439 779 4500 autem
794 4412 1006 4529 Sepulveda
1031 4414 1272 4531 municipium
1302 4414 1569 4503 nobilissimum
1585 4417 1636 4504 ad
1667 4418 1843 4532 Orospe-

193 4503 212 4552 Ρ
311 4523 319 4540 ’
386 4527 459 4613 dae
479 4529 643 4637 montis,
657 4560 736 4648 qua
757 4532 1061 4646 septemtrionem
1081 4557 1251 4649 spectat,
1274 4532 1440 4640 radices,
1461 4533 1550 4621 loco
1567 4533 1703 4621 salubri
1718 4534 1839 4624 simul

213 4693 215 4699 ·
384 4668 424 4730 et
439 4646 611 4761 aequali:
638 4679 715 4764 qua
731 4648 1001 4737 commoditate
1015 4650 1196 4737 Toletum
1221 4674 1260 4737 et
1274 4652 1475 4738 Concham
1490 4653 1632 4760 vincit,
1648 4652 1760 4738 urbes
1774 4654 1834 4742 ad
1983 4736 1984 4739 a

207 4760 231 4782 ''
314 4832 317 4843 .
385 4760 698 4856 inambulandum
719 4766 1029 4890 et·eqtritandurn
1052 4792 1206 4890 propter
1226 4768 1296 4860 soli
1322 4768 1624 4890 inaequalitatem
1638 4769 1833 4887 ineptissi-

401 4917 419 4944 '·
1575 4952 1583 4968 ·
1661 4958 1664 4965 -
1721 4916 1835 4982 ΜΩ
