4192 5880
520 395 581 463 '72
803 427 806 432 .
888 363 1528 445 *naxuuoasrxxuxr
1603 388 1605 397 v

486 491 667 610 ·'Aegidio
685 489 780 598 fuit,
796 517 913 608 quam
929 488 989 575 ille
1004 490 1205 596 molestus,
1222 489 1380 577 alterurn
1402 490 1601 577 exercitum
1613 485 1730 609 longe
1755 485 1953 606 majorem,

488 613 569 725 ‚qui
581 613 650 697 sub
667 610 883 699 florentinis
899 634 1086 695 metuerat
1102 609 1201 723 ,pari
1220 604 1345 694 furore
1369 609 1680 724 praedabundum
1696 610 1790 695 circa
1814 642 1950 729 agrum

306 742 486 796 Britannorum
499 730 777 814 Camerinatem
800 726 1039 813 debacchari.
1070 727 1237 813 Britanni
1253 750 1360 814 erant
1384 727 1440 812 isti
1459 754 1496 814 et
1511 729 1694 817 Pannonii
1709 789 1721 833 ,
1737 729 1849 814 niixta
1864 760 1947 846 per-

303 808 483 856 erl’annonutn

303 865 395 923 coriae
410 867 437 915 in
459 883 485 916 a«
500 847 665 933 ditotum
688 845 886 931 hominum
902 845 1081 930 ltalotum
1106 848 1241 931 turba:
1258 845 1395 961 quibus
1426 846 1488 933 vel
1520 874 1646 959 perse
1675 845 1758 931 satis
1783 873 1947 961 potentt-

301 929 482 1097 {iffiptcfiiss
495 963 565 1050 bus
583 1027 595 1072 ,
616 965 871 1071 Ambrosium,
890 993 1006 1080 quem
1022 962 1154 1048 scilcet
1171 991 1321 1048 suarum
1338 962 1472 1050 vitium
1488 963 1718 1078 poenitebat,
1733 964 1828 1052 velle
1840 997 1947 1054 suam

409 1060 427 1099 ι’
494 1083 683 1200 legionem
702 1111 906 1200 aggregare
922 1144 934 1189 ,
952 1110 1081 1166 rumor
1101 1077 1341 1166 afferebatur.
1373 1081 1475 1166 Huic
1497 1080 1590 1196 pesti
1607 1081 1712 1168 omni
1728 1111 1802 1195 ope
1817 1113 1943 1170 occur·

496 1230 575 1286 rere
593 1201 771 1318 Aegidius
792 1224 881 1285 ante
905 1199 1032 1285 omnia
1061 1199 1208 1285 statuit.
1244 1199 1398 1312 Quippe
1418 1228 1499 1284 non
1528 1223 1608 1284 erat
1635 1198 1834 1285 dubitabile
1851 1263 1864 1307 ,
1881 1232 1947 1289 eos

495 1349 567 1434 pto
580 1319 675 1405 sanis
700 1318 790 1403 nihil
806 1347 884 1403 esse
900 1314 1089 1423 facturos,
1107 1343 1146 1402 et
1162 1348 1184 1400 a
1201 1316 1306 1402 nullo
1330 1314 1536 1419 maleficio,
1551 1316 1671 1401 modo
1688 1315 1781 1402 vires
1809 1348 1944 1434 suppe-

492 1460 638 1543 terent,
657 1466 733 1523 sese
760 1460 1053 1550 temperaturos.
1084 1440 1125 1518 ln
1144 1464 1223 1519 rem
1245 1434 1371 1549 itaque
1388 1430 1468 1519 l'ore
1489 1459 1588 1519 ratus
1603 1495 1614 1538 ,
1631 1433 1681 1519 ad
1697 1434 1767 1521 hos
1796 1435 1939 1552 legatos

480 1554 604 1640 {mittit
618 1616 630 1659 ,
644 1555 711 1669 qui
733 1557 876 1669 magnis
893 1552 1217 1668 pollicitationibus
1233 1580 1276 1636 ac
1291 1552 1384 1663 justa
1411 1551 1580 1637 mercede
1595 1552 1864 1640 conducendos
1880 1585 1941 1642 cu·

479 1697 616 1756 tarent
632 1703 640 1755 :
658 1671 722 1757 sed
741 1671 875 1756 frustra
895 1669 1027 1755 avidos
1045 1671 1205 1784 praedae
1230 1670 1374 1753 animos
1390 1669 1439 1755 ad
1465 1671 1658 1781 sanitatem
1677 1699 1851 1758 revocare
1863 1697 1940 1760 ten·

478 1789 608 1896 tavit,
632 1790 699 1906 qui
714 1791 828 1874 obvia
854 1817 1028 1903 quaeque
1046 1787 1214 1902 populati
1239 1816 1304 1902 per
1320 1787 1595 1873 Camerinatem
1622 1817 1755 1903 agrum
1772 1792 1940 1906 Fulgina-

490 1930 673 2021 temque,
694 1905 871 2021 superatis
894 1905 1110 2010 montibus,
1129 1904 1219 1990 fines
1236 1907 1383 1990 Montis
1397 1905 1547 2020 Regalis
1570 1907 1838 2019 pertinuerunt.
1865 1911 1941 1996 Hic

477 2021 604 2139 legati
631 2025 766 2110 iterum
787 2024 835 2106 ab
853 2023 1013 2139 Aegidio
1039 2023 1159 2126 missi,
1175 2023 1241 2137 qui
1265 2022 1352 2107 nihil
1368 2021 1493 2109 voluit
1507 2024 1732 2108 intentatum
1761 2023 1939 2140 relinqui,

489 2167 629 2255 agmen
661 2142 879 2244 consecuti,
896 2140 964 2225 etsi
979 2139 1178 2249 majoribus
1208 2140 1374 2254 praemiis
1405 2139 1678 2255 majoribusque
1709 2139 1941 2257 pollicitatio¹¹

490 2258 599 2358 nibus
633 2260 830 2376 negotium
863 2282 1093 2362 tentassent,
1113 2288 1153 2342 re
1182 2282 1309 2343 tamen
1341 2254 1474 2344 infecta
1494 2258 1702 2346 redierunt.
1737 2264 1790 2346 At
1818 2259 1865 2346 illi
1888 2263 1938 2348 ad

486 2374 677 2490 ‘Aquilam'
702 2375 872 2492 (oppido
900 2375 940 2460 id
972 2404 1115 2460 nomen
1134 2376 1214 2489 est)
1239 2400 1365 2462 wcastra
1378 2403 1559 2490 posuere,
1591 2400 1630 2462 et
1653 2374 1795 2492 ingenti
1808 2378 1941 2466 abacta

436 2550 438 2553 ·
486 2495 655 2604 praeda,
688 2515 896 2607 coeperunt
921 2489 1054 2577 frustra
1084 2492 1268 2606 oppidum
1298 2494 1538 2609 impugnare.
1579 2499 1682 2578 Nam
1715 2495 1938 2606 praesidium

487 2611 614 2719 paucis
642 2635 731 2696 ante
749 2612 880 2696 diebus
910 2610 960 2693 ab
976 2610 1137 2725 Aegldio
1167 2613 1339 2715 missum,
1357 2637 1432 2695 tam
1451 2633 1597 2723 promte
1629 2638 1716 2695 cum
1741 2612 1939 2725 oppidanis

488 2727 642 2831 restitit,
662 2754 707 2813 ut
732 2757 813 2812 non
832 2726 1016 2812 mediocre
1037 2727 1217 2812 damnum
1238 2724 1346 2812 fuerit
1362 2729 1411 2812 ab
1426 2727 1593 2812 hostibus
1617 2752 1825 2842 acceptum.

476 2909 479 2915 .
548 2847 727 2929 XXVIII.
788 2850 900 2928 Tunc
916 2844 1116 2960 Aegidius,
1133 2844 1199 2957 qui
1217 2846 1345 2929 omnia
1374 2845 1481 2958 prius·
1501 2844 1672 2958 experiri,
1696 2874 1812 2959 quam
1828 2849 1937 2935 armis

296 3016 409 3069 comen
442 2988 567 3067 ,dtem
583 2991 710 3078 gerere
735 2962 999 3066 constituerat,
1019 2990 1106 3046 cum
1138 2961 1369 3047 intellexisset
1389 2991 1565 3078 magnam
1583 2962 1737 3078 gratiam
1750 2965 1936 3051 Gometio

293 3079 473 3199 ffljfflg‘gfol·
488 3104 575 3160 cum
602 3079 782 3192 plerisque
799 3080 1065 3172 Britannorum
1095 3078 1400 3185 intercedere,in
1429 3078 1559 3164 eadem
1593 3079 1718 3165 militia
1742 3081 1936 3194 superiori·

488 3191 559 3278 bus
584 3196 687 3280 annis
704 3195 957 3297 conciliatam,
979 3195 1044 3310 ipsi
1071 3194 1227 3309 imperat
1257 3225 1322 3282 eos
1338 3197 1469 3300 adeat,
1488 3221 1720 3312 coneturque
1749 3198 1854 3283 omni
1878 3228 1935 3285 ta·

487 3310 590 3396 tione
616 3313 800 3398 adducere
827 3314 1002 3427 inpartes
1036 3311 1207 3399 ecclesiae
1238 3342 1282 3396 ac
1299 3315 1469 3424 Joannae
1486 3315 1823 3427 Neapolitanorum
1861 3319 1935 3402 Re-

485 3428 621 3543 ginae,
652 3460 750 3544 quae
770 3459 924 3517 suorum
954 3429 1236 3514 inconstantiam
1259 3430 1402 3531 verita,
1435 3429 1545 3515 firmo
1567 3431 1747 3546 praesidio
1772 3460 1933 3549 regnum

485 3549 597 3630 tutati
625 3573 826 3653 statuerat,
843 3548 892 3633 ad
909 3547 1159 3632 continendos
1185 3548 1222 3629 in
1239 3544 1365 3632 officio
1394 3548 1601 3661 principes,
1618 3573 1783 3664 quorum
1814 3578 1928 3635 cona·

484 3685 544 3746 tus
579 3664 693 3777 paulo
720 3690 808 3748 arrte
837 3693 1018 3777 repressos
1049 3661 1157 3748 fuisse
1180 3665 1229 3747 ab
1247 3664 1409 3780 Aegidio
1436 3667 1836 3753 commemoravimus.
1868 3666 1931 3753 llle

484 3806 577 3863 vero
592 3794 679 3865 cum
696 3781 735 3864 in
750 3805 868 3865 castra
883 3781 1131 3893 pervenisset,
1148 3781 1286 3864 amicos
1305 3780 1473 3896 agnoscit
1501 3810 1632 3865 omnes
1653 3777 1755 3887 fere,
1772 3783 1838 3898 qui
1869 3813 1929 3868 or·

483 3895 588 3979 dines
614 3897 803 3983 ducebant
818 3958 830 4002 ,
846 3897 1074 4010 vicissimque
1090 3897 1301 4012 agnoscitur
1315 3900 1362 3981 ab
1383 3898 1490 4011 ipsis:
1510 3927 1553 3982 ac
1579 3924 1665 4013 post
1683 3899 1800 3985 multa
1832 3900 1931 3986 dicta

482 4007 677 4126 factaque,
694 4040 737 4099 ut
765 4015 885 4116 solet,
905 4014 1045 4118 amice,
1064 4014 1235 4128 privatim
1262 4014 1436 4129 singulis,
1453 4043 1617 4128 quorum
1643 4045 1825 4100 summam
1852 4045 1931 4103 esse

480 4126 575 4219 inter
590 4131 688 4243 ipsos
707 4133 966 4217 auctoritatem
990 4130 1244 4235 intellexerat,
1260 4133 1352 4247 quid
1377 4132 1560 4237 venisset,
1576 4132 1768 4245 exposuit,
1790 4134 1925 4239 suasit,

483 4273 650 4359 precatus
666 4274 742 4334 est.
774 4252 886 4343 Quos
917 4248 1070 4332 demum
1088 4278 1174 4333 cunr
1201 4278 1391 4363 persuasos
1425 4248 1591 4365 intelligit
1605 4309 1617 4352 ,
1632 4249 1829 4335 concilium
1860 4281 1928 4363 po

483 4362 558 4446 scit.
590 4365 713 4460 Quod
728 4395 815 4449 cum
833 4363 1006 4480 frequens
1020 4365 1277 4472 convenisset,
1298 4385 1396 4482 quae
1412 4365 1583 4480 privatim
1599 4365 1747 4481 singulis
1764 4365 1927 4473 dixerat,

483 4478 625 4592 publice
653 4482 828 4569 universis
856 4482 1050 4588 elocutus,
1070 4481 1173 4566 facile
1196 4483 1429 4570 insententia
1454 4483 1596 4567 animos
1623 4512 1757 4568 eorum
1789 4483 1923 4571 confir·

485 4597 618 4683 mavit.
652 4601 717 4684 Ad
748 4629 932 4684 summam
966 4629 1038 4713 pax
1086 4625 1125 4685 et
1157 4601 1310 4686 societas
1342 4602 1397 4685 his
1428 4600 1702 4690 conditionibus
1733 4600 1929 4688 convenit:

479 4718 576 4819 „Ut
596 4717 757 4832 Aegidio
778 4717 1020 4832 Reginaeque
1045 4747 1107 4802 sex
1124 4747 1266 4807 menses
1294 4719 1365 4802 hae
1397 4718 1525 4830 copiae
1549 4718 1682 4806 auxilio
1707 4742 1826 4805 essent
1842 4781 1854 4822 ,
1870 4744 1922 4804 at·

478 4892 504 4941 „
527 4861 603 4950 que
618 4835 798 4951 imperata
818 4834 1005 4923 lacerent:
1028 4835 1310 4954 acciperentque
1331 4866 1401 4953 pro
1417 4838 1588 4925 mercede
1604 4836 1829 4924 ducatorum
1845 4865 1929 4921 cen·

1793 4980 1933 5069 „tum
