4006 5850
509 361 580 450 ιιι
804 360 873 433 ot:
898 361 1030 433 ntro
1054 360 1121 433 er
1151 359 1339 436 ιιιιειιο
1357 361 1600 438 nummo

483 483 589 600 gilii,
615 487 853 571 Graecorum
886 484 1185 601 latinorumque
1215 482 1322 573 facile
1349 485 1558 605 principum
1587 482 1822 573 'auctoritate
1846 490 1939 575 coti-

483 602 579 688 tenti
598 634 607 688 :
639 631 806 718 quotum
831 605 1025 692 Homerus
1047 606 1221 693 omnium
1237 610 1440 720 po‘e‘tatum
1455 604 1758 722 antiquissimus,
1783 629 1825 691 et
1840 607 1951 697 idem·

484 720 767 836 sapientissimus
780 785 791 828 ,
805 722 844 806 in
861 723 1056 840 Odysseae
1071 725 1166 811 libro
1183 725 1306 843 ptimo
1323 725 1463 838 Jovem
1480 726 1682 814 hominum
1700 748 1822 842 atquc
1847 727 1933 814 deo·

483 868 569 927 rum
599 865 747 958 patrem
770 865 915 930 ceteros
943 873 1097 961 superos
1114 845 1179 933 „sic
1211 844 1470 963 alloquentem
1499 840 1613 932 facit:
1642 852 1664 899 ·

286 1142 418 1191 numerus
435 1132 483 1182 o·⁸⁴
690 1080 754 1165 Ὢ
767 1083 906 1180 πόποι,
935 1072 1003 1167 oin
1035 1084 1083 1170 lli
1105 1119 1141 1168 νυ
1163 1081 1256 1187 init
1278 1084 1395 1192 insui
1419 1084 1631 1199 elatiorem.

293 1205 398 1326 235⁵&
413 1212 435 1247 ¹·
445 1207 480 1289 v,
693 1200 758 1312 Ἐξ
777 1196 884 1304 iuius
911 1207 990 1305 γάρ
1017 1235 1105 1310 φασι
1133 1197 1404 1305 uuu'ippun·
1425 1197 1456 1283 ai
1472 1203 1603 1284 niuei
1628 1197 1740 1288 atiani

693 1315 828 1430 Σφῆσιν
849 1313 1105 1423 ἀτασθαλίῃσιν
1128 1319 1221 1428 ὑπὲρ
1248 1323 1351 1428 μόνον
1367 1312 1481 1430 ,ἄλγε’
1496 1309 1634 1433 ixisset.

404 1657 406 1668 ‚
475 1560 600 1663 Quae
630 1555 795 1645 carmina
818 1584 890 1644 nos
907 1552 958 1643 sic
986 1555 1261 1644 convertimus:

505 1672 507 1675 ’
663 1679 754 1762 Heu
759 1678 940 1780 facinus!
971 1681 1084 1759 stulte
1101 1682 1275 1760 mortales
1291 1680 1440 1759 nunnae
1463 1675 1664 1781 aeman,

662 1799 722 1881 tta
747 1793 918 1900 referunt
944 1795 1049 1878 nobis
1067 1799 1253 1909 quidquid
1274 1821 1424 1878 sensere
1449 1799 1656 1901 mulorum3

663 1916 721 1999 At
732 1928 888 2024 praeter
894 1911 1026 2018 fatum
1045 1941 1144 1997 mens
1160 1919 1277 1997 stulta
1294 1928 1353 1997 est
1375 1938 1491 1998 causa
1519 1915 1678 1998 doloris.

487 2202 491 2247 ;
562 2152 668 2236 XXI.
717 2150 718 2153 ‘
747 2150 949 2235 Poteratne
974 2151 1144 2266 apertius.
1170 2152 1363 2236 Homerus
1391 2144 1457 2234 fati
1487 2144 1620 2235 tollere
1652 2143 1929 2233 necessitatem!

447 2353 467 2380 „
484 2268 566 2368 Qui
591 2299 670 2354 non
696 2265 1014 2354 homunculorum
1039 2269 1283 2386 quempiam,
1306 2270 1373 2384 qui
1396 2295 1506 2382 saepe
1528 2267 1652 2353 solent
1680 2266 1734 2353 dc
1749 2262 1826 2350 fato
1842 2291 1922 2348 sen·

484 2389 644 2476 tentiam
662 2417 750 2474 cum
782 2384 936 2477 fortuna
962 2413 1223 2493 commutare,
1244 2417 1325 2472 non
1339 2387 1502 2503 aliquem
1528 2384 1751 2501 vulgarium
1769 2384 1931 2488 deorum,

483 2510 552 2625 qui
569 2507 667 2595 forte
693 2531 817 2620 posset
833 2507 948 2623 ,quid
974 2507 1017 2592 sit
1035 2536 1168 2594 verum
1187 2569 1199 2612 ,
1222 2506 1395 2622 ignorate
1411 2505 1503 2611 ,scd
1519 2504 1660 2617 Jovem
1688 2503 1815 2618 ipsum
1843 2499 1931 2615 opti·

484 2659 596 2720 mum
610 2651 648 2713 et
665 2624 871 2710 maximum
895 2627 1083 2729 deorum,
1105 2625 1166 2710 cui
1194 2625 1323 2738 parsit
1348 2625 1388 2708 in
1404 2622 1608 2740 propatulo
1635 2650 1720 2707 esse
1749 2617 1925 2737 quidquid

484 2746 564 2833 aliis
580 2773 760 2830 arcanum
788 2773 865 2857 esse
888 2743 1006 2831 videti
1029 2743 1144 2858 possit
1172 2802 1185 2847 ,
1211 2741 1385 2847 inducit,
1412 2742 1480 2858 qui
1505 2740 1555 2826 sic
1585 2740 1634 2826 de
1666 2738 1753 2825 fato
1791 2763 1931 2824 senten·

482 2866 579 2957 tiam
592 2861 812 2979 pronuntiet
829 2921 842 2969 ,
865 2887 909 2948 ut
924 2861 1108 2948 immunes
1125 2888 1275 2975 prorsus
1291 2862 1341 2947 ab
1355 2861 1462 2946 omni
1478 2855 1580 2947 fatali
1600 2856 1826 2944 necessitate
1839 2881 1931 2940 men·

403 3065 414 3075 „
485 3009 546 3083 vtes
561 2985 746 3070 humanas
769 2979 989 3068 constituat.
1014 2979 1191 3097 Virgilius
1206 3003 1335 3066 autem
1364 3006 1446 3064 non
1475 3007 1521 3063 ex
1548 2974 1705 3091 alcuius
1732 2972 1932 3062 infirmioris

484 3103 582 3209 dei,
609 3125 676 3187 aut
691 3098 893 3186 laborantis
910 3097 1071 3185 hominis
1089 3126 1280 3214 persona,
1301 3097 1362 3182 cui
1378 3095 1472 3183 dum
1488 3095 1655 3183 serviunt
1673 3100 1847 3211 poetae,
1868 3119 1933 3178 sae·

485 3241 540 3337 Jpe
556 3220 658 3307 aliter
676 3217 888 3333 loquuntur
904 3279 916 3323 ,
932 3246 1049 3333 quam
1066 3216 1227 3304 sentiant
1243 3245 1256 3319 ·,
1286 3216 1351 3302 scd
1367 3245 1414 3302 ex
1429 3213 1552 3300 animi,
1572 3213 1628 3300 sui
1657 3213 1806 3328 judicio
1822 3237 1930 3299 totam

484 3342 544 3429 de
566 3337 646 3426 fato
675 3336 899 3423 sententiam
915 3333 995 3423 uno
1018 3335 1082 3422 illo
1097 3333 1291 3424 versiculo
1322 3394 1335 3439 ,
1361 3334 1411 3420 de
1442 3331 1605 3420 Didonis
1619 3357 1752 3422 morte
1783 3333 1929 3434 locutu,

489 3456 810 3575 ,complexusestt
1421 3497 1422 3500 ι
1525 3498 1526 3501 ¹

303 3628 374 3693 vn„
385 3626 493 3688 Am„
615 3698 616 3701 Ν
673 3575 778 3668 Nan
795 3578 884 3679 quia
904 3598 970 3660 nec
983 3568 1106 3682 fato,
1128 3577 1264 3658 merita
1280 3596 1347 3658 nec
1362 3529 1478 3658 morte
1488 3530 1661 3682 peribat.

833 3766 838 3777 ,
1852 3687 1934 3772 Mt·

486 3881 493 3893 '
536 3811 558 3855 θ
598 3811 684 3868 Hunc
695 3811 796 3867 locum
812 3806 937 3867 totidem
956 3807 1078 3867 omnino
1091 3806 1187 3867 verbis
1201 3844 1211 3879 ,
1227 3820 1313 3881 atque
1332 3819 1377 3867 est
1400 3809 1431 3866 in
1450 3806 1581 3866 editione
1602 3807 1727 3883 prime,
1748 3805 1935 3865 excudendum

497 3891 670 3952 curavimus.
692 3889 863 3947 Perisiensis
879 3903 978 3945 tamen
992 3902 1021 3946 et
1033 3887 1218 3947 Coloniensis
1234 3907 1299 3946 eum
1314 3888 1399 3949 aliter
1416 3889 1610 3946 exhibentia
1624 3882 1934 3962 iliisenimpostvetba

486 3974 551 4033 illa
561 3990 570 4033 t
580 3973 626 4032 sic
638 3967 940 4048 alloquentemfacit,
953 3971 1084 4043 sequitur
1100 3970 1221 4026 statim:
1242 3970 1338 4028 dicam
1349 3968 1423 4030 enirn
1433 4007 1445 4042 ,
1456 3970 1486 4027 si
1494 3978 1618 4043 putero,
1631 3966 1768 4028 batim

816 4066 923 4150 Quum
940 4071 1189 4135 tmereincasant
1201 4069 1342 4129 mortales
1355 4072 1468 4130 numina
1483 4109 1495 4143 ,
1513 4083 1617 4146 nosque

703 4152 704 4155 ’
824 4147 1125 4227 Auctoresfaciunt,
1139 4151 1168 4208 si
1181 4152 1253 4226 quid
1265 4168 1381 4210 sensere
1394 4151 1555 4213 mulorum:

824 4231 893 4290 Οινννν
902 4242 1025 4307 praeter
1029 4227 1132 4307 fotum
1146 4231 1193 4289 bis
1207 4232 1314 4306 pariat
1325 4248 1401 4291 enens
1413 4231 1507 4289 stulta
1526 4230 1650 4290 dolores.

486 4370 491 4398 ‹
504 4345 664 4406 Poteratne
676 4338 819 4417 apertius,
833 4351 888 4397 cet.
911 4337 1057 4415 Quoniam
1069 4337 1179 4413 primae
1192 4339 1274 4416 hujus
1287 4339 1381 4414 operis
1396 4338 1532 4397 editionis
1541 4339 1723 4397 mentionem
1734 4335 1872 4413 ferimus,
1881 4353 1941 4397 mo·

493 4428 599 4484 nitum
616 4428 754 4480 lectorem
771 4425 902 4475 volumus
921 4458 932 4491 ,
951 4436 1015 4475 eam
1026 4437 1043 4475 a
1056 4420 1139 4476 nobis
1161 4421 1208 4478 hic
1232 4421 1315 4477 innui
1334 4459 1354 4493 „
1376 4437 1448 4493 qaae
1466 4422 1541 4477 hane
1558 4417 1688 4494 praefert
1707 4422 1939 4498 inscriptionem:

505 4504 631 4583 Joannir
644 4498 764 4560 Genesii
775 4497 958 4572 Sepuloedae
971 4495 1161 4559 Cordubensis
1174 4502 1282 4557 artium
1295 4510 1324 4559 et
1335 4499 1502 4580 theologiae
1515 4501 1645 4559 doctoris
1655 4501 1693 4558 de
1698 4498 1782 4578 fato
1802 4502 1840 4574 8
1858 4501 1942 4560 triete

485 4578 488 4618 Ᾰ
505 4584 636 4644 arbitrio
648 4579 723 4637 libre
740 4589 812 4637 tres.
834 4576 904 4657 Quo
917 4579 1045 4652 inopere
1058 4580 1160 4660 dogma
1179 4577 1328 4656 affurium
1344 4581 1477 4638 Martini
1489 4580 1615 4639 Lutlreri
1630 4580 1666 4639 de
1676 4593 1850 4641 cunctarum
1858 4581 1942 4639 nair

486 4685 590 4737 ,nurn,
612 4671 829 4734 eventorumque
845 4659 1018 4717 necessitate
1037 4671 1095 4716 turn
1116 4659 1312 4734 naturalibus,
1326 4671 1384 4718 tuen
1404 4659 1581 4740 theologicis
1602 4661 1774 4722 rationibus
1787 4663 1942 4722 destinat

504 4735 958 4825 acelegantissimecarpsutatur.
972 4739 1009 4811 4⁰
1029 4740 1093 4797 Hoc
1106 4757 1176 4815 opus
1191 4751 1246 4808 (ut
1264 4743 1370 4816 legitur
1390 4745 1420 4799 in
1440 4740 1522 4810 fine)
1540 4742 1647 4817 prodiit
1661 4744 1694 4800 in
1721 4746 1824 4803 lucem
1842 4746 1940 4817 liam}

483 4826 485 4856 ³
505 4843 585 4884 anno
598 4823 641 4881 M.
657 4822 696 4879 D.
711 4819 826 4879 XXVI.
846 4819 964 4874 Hancce
976 4819 1134 4877 editionem
1149 4835 1249 4895 utpote
1262 4823 1392 4878 omniurn
1415 4823 1642 4897 copiosissimam
1657 4841 1729 4898 prae
1741 4828 1839 4884 oculis
1850 4820 1946 4882 nanni-

483 4950 487 4957 -
506 4925 592 4983 mus,
605 4923 640 4970 ac
652 4920 719 4968 cunt
731 4894 797 4971 eliis
809 4900 1157 4993 diligentpraontuiimus
1169 4945 1184 4985 ,
1196 4915 1273 4966 utet
1285 4904 1518 4967 notulisnostt'u
1528 4904 1693 4968 ⁴cliluclslins
1703 4908 1877 4983 appmeoit.
1934 4910 1939 4953 ἱ
