4034 5858
460 362 522 437 m
545 358 707 437 causis
731 355 944 433 occurs.
970 362 1163 439 catum.
1404 374 1407 378 ·
1434 381 1498 461 391

76 499 181 604 cujas
197 489 386 603 asenias
423 491 674 605 Quamquam
689 487 974 604 quodperriner
989 487 1041 575 ad
1055 487 1116 575 ilia
1129 512 1346 577 sanctorum
1376 495 1528 607 parrum

79 614 265 730 exempla,
280 614 399 730 longe.
410 608 544 699 rectius
554 632 608 695 ‘etr
617 607 857 696 commodius
866 607 1064 695 Abrabam
1077 634 1115 695 et
1128 611 1249 724 Jacob
1264 611 1313 697 de
1330 611 1531 699 mendacio

74 733 225 853 purgari
239 728 532 836 contenderim,
553 726 615 835 si,
630 727 960 845 quemadmodum
979 727 1080 814 credi
1106 757 1174 843 par
1189 753 1270 836 est,
1300 728 1350 814 sic
1373 758 1439 816 eos
1469 729 1526 818 lo·

72 877 183 940 curos
195 882 274 940 esse
290 851 459 938 dicamus
487 849 646 936 latenrer
661 847 906 935 admonitos
923 877 946 932 a
965 846 1117 960 jubente
1134 852 1243 954 Deo,
1270 848 1376 962 cujus
1390 848 1529 936 volun·

72 972 141 1058 tati
156 971 225 1089 qui
242 995 372 1086 paret,
400 968 428 1054 is
452 992 552 1055 recte
581 967 718 1083 pieque
733 963 850 1073 facit,
876 967 962 1054 licet
978 966 1169 1054 interdum
1186 966 1432 1054 nescientibus
1455 968 1527 1054 ho·

74 1090 237 1176 minibus
261 1114 416 1204 peccare
440 1087 637 1174 videatur:
664 1114 709 1172 ac
724 1086 866 1187 eodem
889 1085 1011 1172 modo
1033 1086 1171 1199 iudico<
1186 1086 1236 1172 de
1267 1085 1458 1172 lenociniis
1488 1111 1528 1173 et
1644 1132 1648 1137 ·

74 1206 262 1299 blanditiis
280 1206 444 1321 ,quibus
458 1205 597 1292 illectus
612 1230 668 1291 est
695 1235 718 1290 a
744 1203 1104 1318 Judith‘Olofernes
1118 1265 1133 1311 ,
1146 1231 1192 1291 ret
1206 1203 1434 1322 quibusdam
1449 1205 1527 1292 aliis
1550 1225 1647 1291 suaet.
1662 1247 1701 1290 ιι.

74 1324 117 1411 in
132 1351 261 1416 verere
274 1336 511 1411 ¹testamento
528 1324 760 1412 memoratis.
784 1323 873 1420 Qui
899 1323 931 1410 si
958 1323 1045 1409 talia
1066 1319 1234 1411 fecissent
1259 1323 1399 1437 injussu
1430 1323 1527 1433 Dei,

75 1445 141 1546 vix
158 1507 170 1551 ,
187 1469 254 1531 aut
270 1472 320 1528 ne
346 1442 409 1530 vix
428 1443 593 1557 quidem
610 1456 762 1558 possent
776 1467 970 1558 apeccato
998 1442 1189 1530 vindicari.
1222 1442 1330 1527 Talia
1347 1471 1441 1530 vero
1466 1472 1529 1530 ex-

75 1562 216 1676 empla,
232 1560 260 1647 si
273 1560 358 1677 quis
376 1560 550 1667 dubitat,
567 1587 716 1647 rectene
728 1561 870 1675 possint
894 1561 944 1647 ad
969 1584 1213 1665 communem
1229 1560 1529 1647 Christianorum
1668 1560 1669 1563 ‘

73 1680 191 1767 viram
208 1676 420 1784 transferri,
447 1679 679 1795 Gregorium
710 1679 888 1764 adhibeat
905 1702 1122 1784 auctorem,
1144 1678 1248 1790 cujus
1275 1677 1335 1763 illa
1361 1706 1417 1766 est
1442 1708 1527 1797 gra-

73 1798 223 1888 vissima
238 1794 450 1885 sententiar
477 1795 638 1910 Siquis
656 1815 732 1905 per
759 1811 880 1888 uatus
899 1810 1157 1883 armamentum
1170 1823 1279 1883 suum
1308 1805 1393 1882 vult
1426 1789 1715 1923 tuerissss‘ss-{ugff

72 1920 301 2036 merdarium
319 1921 579 2020 ,emanantis
601 1920 685 2002 illic
704 1915 923 2024 quibusdam
940 1914 1117 2022 fhrtasse
1134 1922 1328 2025 mouerit,
1348 1919 1453 2001 dicat
1463 1942 1527 2001 ne·

72 2060 179 2125 cesse
197 2049 294 2139 este,
314 2058 440 2125 rerum
460 2039 670 2129 alienarum
685 2049 867 2144 raptum,
895 2035 1173 2122 retributionem
1205 2038 1399 2143 injuriae,
1431 2062 1531 2142 quae·

70 2150 334 2254 infitiaris-illic
348 2177 526 2239 concessa
541 2167 659 2259 sant,
685 2155 762 2241 'sibi
785 2178 914 2240 meere
942 2178 1011 2236 non
1027 2171 1141 2262 posse
1158 2177 1290 2258 :quae
1304 2162 1424 2239 omnia
1440 2181 1534 2238 cun--

72 2279 149 2357 etis
177 2276 293 2378 liquet
321 2285 463 2378 quanta
491 2275 822 2361 animadversione
846 2278 997 2357 veritas
1014 2277 1237 2378 insequitur
1260 2331 1273 2377 ,
1298 2274 1552 2381 penetrabis,

59 2389 150 2504 jam
165 2385 459 2503 significationis
475 2415 566 2507 suae
581 2391 714 2478 umbra
721 2399 972 2504 postposita,
996 2396 1042 2476 in
1056 2416 1154 2476 vera
1170 2415 1283 2477 carne
1297 2393 1535 2488 declararum„

178 2706 182 2715 ,
417 2726 479 2738 ..
564 2586 844 2716 'CAPUT
902 2567 1018 2713 vm.-
1080 2645 1081 2651 Ν

547 2883 552 2891 ’
590 2880 618 2944 s
669 2863 932 2952 Summanum.

86 3099 144 3158 1Ι.
201 3092 607 3180 θωρῆιεαιιινεοννωναιίο,
621 3097 672 3174 qur·
684 3098 861 3177 marcium
873 3093 1379 3175 salrumrespondenrr’sexcuranr,
1398 3099 1485 3176 quart·
1525 3150 1531 3177 ι.

237 3177 318 3237 abrit
334 3177 482 3252 irnicr'antr'
494 3175 634 3254 fallendi
651 3178 798 3237 voluntas.
937 3182 938 3185 ’
1048 3189 1050 3193 “
1475 3247 1478 3256 Ι

111 3256 159 3323 11.
200 3255 357 3339 ,Quaedam
370 3276 441 3334 quae
453 3256 656 3317 involuntaria
664 3275 728 3318 esse
741 3259 881 3320 videntur
888 3295 901 3332 ,
915 3254 1079 3334 probantur·
1092 3271 1156 3317 asro
1169 3254 1483 3318 voluntaria'Arr'sto-
1526 3299 1532 3308 ·

83 3395 87 3404 ,
220 3337 353 3413 relirer
369 3336 424 3404 Au
445 3339 740 3412 astinaaucrorirare.
1258 3377 1267 3386 =-
1487 3353 1489 3356 ·
1524 3356 1526 3360 ·

111 3416 178 3478 111.
201 3413 292 3501 ,Quid
301 3419 345 3475 sir
357 3358 481 3494 saldra
495 3418 527 3481 r'n
538 3417 713 3491 'definitione
727 3417 894 3502 mendacii,
920 3427 951 3480 et
973 3417 1049 3495 quod
1066 3417 1248 3494 deceptiones
1260 3417 1397 3495 quaedam
1415 3429 1480 3485 runt

234 3498 278 3558 r'r'e
290 3501 303 3572 ,'
316 3499 369 3574 qur'
374 3495 558 3577 falluntur,
578 3497 735 3560 salutares.
1209 3500 1214 3508 ’

80 3701 135 3790 xI.
162 3621 303 3794 Pina.
327 3698 526 3796 Quoniam
545 3725 608 3784 me
623 3725 738 3816 urges
750 3699 892 3786 invidia
906 3697 1080 3786 vocabuli
1107 3697 1123 3815 (
1135 3725 1191 3788 est
1210 3699 1312 3786 eninr
1336 3699 1520 3788 mendacii
1624 3807 1632 3824 ⁸
1674 3809 1680 3824 ι

72 3841 218 3904 nornen
243 3817 487 3904 vehementer
518 3814 725 3933 odiosum)
748 3817 823 3930 pm
842 3816 935 3906 illud
952 3817 1164 3906 confitebor
1187 3846 1229 3906 et
1256 3819 1487 3908 contendam
1505 3809 1711 3928 ‚ababa

100 3934 181 4021 uod
196 3963 274 4025 esse
287 3934 449 4023 arbitror
477 3935 682 4053 Augustini
706 3935 826 4023 verbis
846 3943 1171 4043 consentaneum,
1190 3942 1359 4024 metune
1381 3936 1517 4026 falsum
1531 3929 1630 3981 mm·

72 3964 227 4139 derrasse
247 4053 373 4141 dicere-
388 4055 506 4162 ,sed
520 4053 720 4142 mendacio
735 4055 1029 4172 nonimplicari
1057 4061 1115 4145 Ut
1137 4057 1236 4143 enim
1254 4058 1283 4142 si
1298 4057 1381 4175 quis
1407 4061 1517 4173 quod

73 4195 250 4278 nonest,
272 4171 313 4259 id
327 4201 404 4260 esse
419 4198 557 4289 putans
571 4170 756 4284 affirmet,
772 4171 909 4261 falsum
921 4177 1077 4292 quidem
1093 4174 1211 4283 dicat,
1226 4176 1293 4262 sed
1307 4205 1389 4264 non
1406 4204 1517 4262 men-

72 4284 188 4374 tiatur
205 4348 218 4394 ,
233 4291 418 4404 quoniam
432 4293 472 4381 id
487 4321 614 4382 errore
628 4290 742 4401 facit,
771 4322 852 4382 non
869 4295 998 4380 animo
1010 4291 1163 4380 wfallendi
1181 4327 1190 4379 :
1209 4294 1260 4379 sic
1281 4323 1352 4381 nec
1366 4296 1396 4382 is
1412 4324 1517 4382 men·

73 4404 135 4492 tiri
150 4409 341 4520 putandus
358 4435 444 4519 est,
461 4409 803 4529 quifabumjudici
829 4412 1060 4528 respondet,
1093 4441 1174 4500 non
1202 4438 1247 4501 ut
1270 4442 1359 4527 eum
1384 4411 1516 4523 fallat,

72 4521 292 4613 vetfalsum
321 4528 448 4638 dicat,
474 4531 606 4619 sedne
635 4533 779 4630 socium
808 4532 942 4647 perdat
970 4556 1010 4618 er
1032 4528 1214 4619 infamet:
1240 4531 1278 4618 in
1308 4532 1386 4648 ipsa
1416 4531 1518 4619 enirn
1632 4606 1635 4611 s

73 4642 260 4730 mendacii
277 4644 494 4736 defiuitione
514 4653 776 4769 numianus,
805 4678 922 4766 quern
938 4674 1133 4738 auctorem
1147 4652 1292 4758 citasti,
1314 4650 1371 4739 ad'
1388 4647 1519 4736 salsam

74 4760 383 4878 significationem
411 4766 544 4880 adjecit
573 4770 742 4869 animum
771 4767 923 4858 attend
952 4832 966 4878 ,
997 4770 1073 4858 hoc
1101 4795 1164 4858 est-
1189 4770 1336 4858 dicendi
1362 4766 1525 4855 falsum.-

74 4883 197 4976 Ttuo.
216 4887 313 4980 Non
328 4883 414 4982 saris
427 4885 595 5010 brettgo
609 4891 704 5013 quid
728 4889 854 4984 deas:
878 4888 945 4982 nisi
964 4885 1062 4981 forte
1078 4888 1293 5006 hujusmodi
1307 4912 1363 4976 est
1379 4949 1392 4997 ,
1412 4915 1519 5002 prae·

1460 5029 1518 5095 ter
