<?xml version="1.0" encoding="UTF-8"?>
<!DOCTYPE html PUBLIC "-//W3C//DTD XHTML 1.0 Transitional//EN"
    "http://www.w3.org/TR/xhtml1/DTD/xhtml1-transitional.dtd">
<html xmlns="http://www.w3.org/1999/xhtml" xml:lang="en" lang="en">
 <head>
  <title>
</title>
<meta http-equiv="Content-Type" content="text/html;charset=utf-8" />
  <meta name='ocr-system' content='tesseract 3.04.00' />
  <meta name='ocr-capabilities' content='ocr_page ocr_carea ocr_par ocr_line ocrx_word'/>
</head>
<body>
  <div class='ocr_page' id='page_1' title='image "./joannisgenesiis01sepgoog/joannisgenesiis01sepgoog_0241.png"; bbox 0 0 4050 5858; ppageno 0'>
   <div class='ocr_carea' id='block_1_1' title="bbox 251 427 1963 3632">
    <p class='ocr_par' dir='ltr' id='par_1_1' title="bbox 512 427 1451 522">
     <span class='ocr_line' id='line_1_1' title="bbox 512 427 1451 522; baseline -0.003 -20"><span class='ocrx_word' id='word_1_1' title='bbox 512 435 582 522; x_wconf 87' lang='lat'>246</span> <span class='ocrx_word' id='word_1_2' title='bbox 974 427 1451 503; x_wconf 74' lang='lat' dir='ltr'>DEMOCRATES&#39;</span> 
     </span>
    </p>

    <p class='ocr_par' dir='ltr' id='par_1_2' title="bbox 283 550 1937 675">
     <span class='ocr_line' id='line_1_2' title="bbox 283 550 1937 675; baseline -0.006 -26"><span class='ocrx_word' id='word_1_3' title='bbox 283 556 483 675; x_wconf 51' lang='lat' dir='ltr'>,ssfflffssml’sslll</span> <span class='ocrx_word' id='word_1_4' title='bbox 544 557 669 642; x_wconf 84' lang='lat' dir='ltr'><strong>XXII.</strong></span> <span class='ocrx_word' id='word_1_5' title='bbox 730 551 937 669; x_wconf 86' lang='lat' dir='ltr'><strong>Episcopus</strong></span> <span class='ocrx_word' id='word_1_6' title='bbox 956 558 1051 670; x_wconf 84' lang='lat' dir='ltr'>ergo</span> <span class='ocrx_word' id='word_1_7' title='bbox 1067 615 1080 660; x_wconf 94' lang='lat'>,</span> <span class='ocrx_word' id='word_1_8' title='bbox 1097 553 1165 671; x_wconf 89' lang='lat' dir='ltr'>qui</span> <span class='ocrx_word' id='word_1_9' title='bbox 1178 552 1375 641; x_wconf 83' lang='lat' dir='ltr'>Christum</span> <span class='ocrx_word' id='word_1_10' title='bbox 1397 550 1588 669; x_wconf 87' lang='lat' dir='ltr'>optimum</span> <span class='ocrx_word' id='word_1_11' title='bbox 1611 572 1652 637; x_wconf 95' lang='lat' dir='ltr'>et</span> <span class='ocrx_word' id='word_1_12' title='bbox 1667 575 1863 639; x_wconf 88' lang='lat' dir='ltr'>summurn</span> <span class='ocrx_word' id='word_1_13' title='bbox 1879 552 1937 668; x_wconf 83' lang='lat' dir='ltr'>pa·</span> 
     </span>
    </p>

    <p class='ocr_par' dir='ltr' id='par_1_3' title="bbox 283 666 1937 791">
     <span class='ocr_line' id='line_1_3' title="bbox 283 666 1937 791; baseline -0.005 -24"><span class='ocrx_word' id='word_1_14' title='bbox 283 679 644 789; x_wconf 56' lang='lat' dir='ltr'>{ffssgssfmnl‘ssstorem</span> <span class='ocrx_word' id='word_1_15' title='bbox 659 699 704 758; x_wconf 91' lang='lat' dir='ltr'>ac</span> <span class='ocrx_word' id='word_1_16' title='bbox 726 673 803 783; x_wconf 84' lang='lat' dir='ltr'>ejus</span> <span class='ocrx_word' id='word_1_17' title='bbox 831 672 1025 787; x_wconf 90' lang='lat' dir='ltr'>apostolos</span> <span class='ocrx_word' id='word_1_18' title='bbox 1040 671 1114 760; x_wconf 88' lang='lat' dir='ltr'>hac</span> <span class='ocrx_word' id='word_1_19' title='bbox 1134 673 1173 759; x_wconf 93' lang='lat' dir='ltr'>in</span> <span class='ocrx_word' id='word_1_20' title='bbox 1196 699 1303 790; x_wconf 88' lang='lat' dir='ltr'>parte</span> <span class='ocrx_word' id='word_1_21' title='bbox 1318 680 1498 791; x_wconf 90' lang='lat' dir='ltr'>poscente</span> <span class='ocrx_word' id='word_1_22' title='bbox 1522 666 1651 758; x_wconf 87' lang='lat' dir='ltr'>officio</span> <span class='ocrx_word' id='word_1_23' title='bbox 1676 670 1874 779; x_wconf 88' lang='lat' dir='ltr'>voluerit,</span> <span class='ocrx_word' id='word_1_24' title='bbox 1895 699 1937 759; x_wconf 91' lang='lat' dir='ltr'>ut</span> 
     </span>
    </p>

    <p class='ocr_par' dir='ltr' id='par_1_4' title="bbox 478 789 1935 909">
     <span class='ocr_line' id='line_1_4' title="bbox 478 789 1935 909; baseline -0.007 -23"><span class='ocrx_word' id='word_1_25' title='bbox 478 794 577 887; x_wconf 85' lang='lat' dir='ltr'>uelle</span> <span class='ocrx_word' id='word_1_26' title='bbox 601 793 714 894; x_wconf 88' lang='lat' dir='ltr'>debet</span> <span class='ocrx_word' id='word_1_27' title='bbox 730 851 742 895; x_wconf 92' lang='lat'>,</span> <span class='ocrx_word' id='word_1_28' title='bbox 759 791 892 878; x_wconf 89' lang='lat' dir='ltr'>imitari</span> <span class='ocrx_word' id='word_1_29' title='bbox 909 792 1124 906; x_wconf 84' lang='lat' dir='ltr'>,quoniam</span> <span class='ocrx_word' id='word_1_30' title='bbox 1151 792 1231 907; x_wconf 79' lang='lat' dir='ltr'>ejus</span> <span class='ocrx_word' id='word_1_31' title='bbox 1247 789 1478 909; x_wconf 79' lang='lat' dir='ltr'>praefectura</span> <span class='ocrx_word' id='word_1_32' title='bbox 1495 814 1535 877; x_wconf 92' lang='lat' dir='ltr'>et</span> <span class='ocrx_word' id='word_1_33' title='bbox 1549 789 1656 906; x_wconf 87' lang='lat' dir='ltr'>quasi</span> <span class='ocrx_word' id='word_1_34' title='bbox 1682 817 1847 907; x_wconf 89' lang='lat' dir='ltr'>regnum</span> <span class='ocrx_word' id='word_1_35' title='bbox 1862 791 1935 906; x_wconf 92' lang='lat' dir='ltr'>spi·</span> 
     </span>
    </p>

    <p class='ocr_par' dir='ltr' id='par_1_5' title="bbox 475 908 1930 1027">
     <span class='ocr_line' id='line_1_5' title="bbox 475 908 1930 1027; baseline 0.001 -30"><span class='ocrx_word' id='word_1_36' title='bbox 475 913 580 1001; x_wconf 91' lang='lat' dir='ltr'>ritale</span> <span class='ocrx_word' id='word_1_37' title='bbox 608 935 664 998; x_wconf 92' lang='lat' dir='ltr'>est</span> <span class='ocrx_word' id='word_1_38' title='bbox 680 970 693 1015; x_wconf 93' lang='lat'>,</span> <span class='ocrx_word' id='word_1_39' title='bbox 707 936 841 997; x_wconf 90' lang='lat' dir='ltr'>contra</span> <span class='ocrx_word' id='word_1_40' title='bbox 863 910 1126 1024; x_wconf 92' lang='lat' dir='ltr'>improborum</span> <span class='ocrx_word' id='word_1_41' title='bbox 1156 937 1309 1027; x_wconf 88' lang='lat' dir='ltr'>peccata</span> <span class='ocrx_word' id='word_1_42' title='bbox 1325 973 1338 1018; x_wconf 95' lang='lat'>,</span> <span class='ocrx_word' id='word_1_43' title='bbox 1355 935 1395 998; x_wconf 92' lang='lat' dir='ltr'>et</span> <span class='ocrx_word' id='word_1_44' title='bbox 1418 909 1698 998; x_wconf 87' lang='lat' dir='ltr'>haereticorum</span> <span class='ocrx_word' id='word_1_45' title='bbox 1719 908 1930 1022; x_wconf 79' lang='lat' dir='ltr'>impietates</span> 
     </span>
    </p>

    <p class='ocr_par' dir='ltr' id='par_1_6' title="bbox 282 1025 1935 1149">
     <span class='ocr_line' id='line_1_6' title="bbox 282 1025 1935 1149; baseline -0.003 -30"><span class='ocrx_word' id='word_1_46' title='bbox 282 1035 324 1087; x_wconf 54' lang='grc' dir='ltr'>Δ*</span> <span class='ocrx_word' id='word_1_47' title='bbox 339 1032 392 1085; x_wconf 82' lang='lat' dir='ltr'>m.</span> <span class='ocrx_word' id='word_1_48' title='bbox 411 1047 435 1086; x_wconf 86' lang='lat'>¹·</span> <span class='ocrx_word' id='word_1_49' title='bbox 473 1060 552 1119; x_wconf 93' lang='lat' dir='ltr'>sese</span> <span class='ocrx_word' id='word_1_50' title='bbox 575 1031 769 1147; x_wconf 90' lang='lat' dir='ltr'>primum,</span> <span class='ocrx_word' id='word_1_51' title='bbox 795 1028 933 1116; x_wconf 89' lang='lat' dir='ltr'>deinde</span> <span class='ocrx_word' id='word_1_52' title='bbox 963 1059 1052 1115; x_wconf 93' lang='lat' dir='ltr'>suos</span> <span class='ocrx_word' id='word_1_53' title='bbox 1078 1031 1186 1146; x_wconf 82' lang='lat' dir='ltr'>quasi</span> <span class='ocrx_word' id='word_1_54' title='bbox 1216 1030 1361 1149; x_wconf 87' lang='lat' dir='ltr'>legatos</span> <span class='ocrx_word' id='word_1_55' title='bbox 1390 1055 1430 1116; x_wconf 94' lang='lat' dir='ltr'>et</span> <span class='ocrx_word' id='word_1_56' title='bbox 1460 1028 1698 1116; x_wconf 77' lang='lat' dir='ltr'>centuriones</span> <span class='ocrx_word' id='word_1_57' title='bbox 1731 1025 1814 1113; x_wconf 85' lang='lat' dir='ltr'>telis</span> <span class='ocrx_word' id='word_1_58' title='bbox 1848 1059 1935 1146; x_wconf 88' lang='lat' dir='ltr'>apo·</span> 
     </span>
    </p>

    <p class='ocr_par' dir='ltr' id='par_1_7' title="bbox 472 1145 1937 1264">
     <span class='ocr_line' id='line_1_7' title="bbox 472 1145 1937 1264; baseline -0.003 -23"><span class='ocrx_word' id='word_1_59' title='bbox 472 1149 608 1241; x_wconf 81' lang='lat' dir='ltr'><strong>stolicis</strong></span> <span class='ocrx_word' id='word_1_60' title='bbox 630 1147 818 1254; x_wconf 89' lang='lat' dir='ltr'>armabit,</span> <span class='ocrx_word' id='word_1_61' title='bbox 835 1148 1078 1254; x_wconf 89' lang='lat' dir='ltr'>innocentia,</span> <span class='ocrx_word' id='word_1_62' title='bbox 1095 1149 1279 1236; x_wconf 85' lang='lat' dir='ltr'>modestia</span> <span class='ocrx_word' id='word_1_63' title='bbox 1295 1210 1309 1256; x_wconf 92' lang='lat'>,</span> <span class='ocrx_word' id='word_1_64' title='bbox 1336 1149 1588 1264; x_wconf 79' lang='lat' dir='ltr'>temperantia</span> <span class='ocrx_word' id='word_1_65' title='bbox 1606 1208 1620 1254; x_wconf 95' lang='lat'>,</span> <span class='ocrx_word' id='word_1_66' title='bbox 1636 1145 1863 1234; x_wconf 82' lang='lat' dir='ltr'>sanctitate:</span> <span class='ocrx_word' id='word_1_67' title='bbox 1895 1174 1937 1236; x_wconf 92' lang='lat' dir='ltr'>ut</span> 
     </span>
    </p>

    <p class='ocr_par' dir='ltr' id='par_1_8' title="bbox 472 1265 1937 1385">
     <span class='ocr_line' id='line_1_8' title="bbox 472 1265 1937 1385; baseline -0.003 -28"><span class='ocrx_word' id='word_1_68' title='bbox 472 1267 677 1384; x_wconf 86' lang='lat' dir='ltr'>exemplo,</span> <span class='ocrx_word' id='word_1_69' title='bbox 696 1268 788 1354; x_wconf 88' lang='lat' dir='ltr'>item</span> <span class='ocrx_word' id='word_1_70' title='bbox 812 1266 964 1385; x_wconf 87' lang='lat' dir='ltr'>egregia</span> <span class='ocrx_word' id='word_1_71' title='bbox 983 1268 1152 1383; x_wconf 89' lang='lat' dir='ltr'>quadam</span> <span class='ocrx_word' id='word_1_72' title='bbox 1178 1267 1381 1376; x_wconf 88' lang='lat' dir='ltr'>doctrina,</span> <span class='ocrx_word' id='word_1_73' title='bbox 1410 1292 1455 1355; x_wconf 91' lang='lat' dir='ltr'>ut</span> <span class='ocrx_word' id='word_1_74' title='bbox 1479 1266 1653 1355; x_wconf 92' lang='lat' dir='ltr'>oratione</span> <span class='ocrx_word' id='word_1_75' title='bbox 1675 1265 1797 1381; x_wconf 86' lang='lat' dir='ltr'>possit</span> <span class='ocrx_word' id='word_1_76' title='bbox 1823 1265 1937 1354; x_wconf 86' lang='lat' dir='ltr'>crimi-</span> 
     </span>
    </p>

    <p class='ocr_par' dir='ltr' id='par_1_9' title="bbox 472 1386 1937 1506">
     <span class='ocr_line' id='line_1_9' title="bbox 472 1386 1937 1506; baseline -0.002 -32"><span class='ocrx_word' id='word_1_77' title='bbox 472 1417 524 1475; x_wconf 86' lang='lat' dir='ltr'>na</span> <span class='ocrx_word' id='word_1_78' title='bbox 544 1387 725 1506; x_wconf 86' lang='lat' dir='ltr'>castigare</span> <span class='ocrx_word' id='word_1_79' title='bbox 740 1447 753 1492; x_wconf 93' lang='lat'>,</span> <span class='ocrx_word' id='word_1_80' title='bbox 769 1411 810 1473; x_wconf 92' lang='lat' dir='ltr'>et</span> <span class='ocrx_word' id='word_1_81' title='bbox 837 1415 955 1502; x_wconf 85' lang='lat' dir='ltr'>prava</span> <span class='ocrx_word' id='word_1_82' title='bbox 985 1386 1170 1504; x_wconf 84' lang='lat' dir='ltr'>dogmata</span> <span class='ocrx_word' id='word_1_83' title='bbox 1198 1388 1441 1503; x_wconf 86' lang='lat' dir='ltr'>redarguere.</span> <span class='ocrx_word' id='word_1_84' title='bbox 1473 1386 1598 1470; x_wconf 75' lang='grc' dir='ltr'><em>Ανηια</em></span> <span class='ocrx_word' id='word_1_85' title='bbox 1620 1390 1719 1468; x_wconf 89' lang='lat' dir='ltr'>enim</span> <span class='ocrx_word' id='word_1_86' title='bbox 1753 1400 1937 1492; x_wconf 84' lang='lat' dir='ltr'>nostrae,</span> 
     </span>
    </p>

    <p class='ocr_par' dir='ltr' id='par_1_10' title="bbox 283 1501 1940 1622">
     <span class='ocr_line' id='line_1_10' title="bbox 283 1501 1940 1622; baseline -0.003 -27"><span class='ocrx_word' id='word_1_87' title='bbox 283 1508 458 1561; x_wconf 54' lang='lat' dir='ltr'>*mm*</span> <span class='ocrx_word' id='word_1_88' title='bbox 473 1507 513 1595; x_wconf 92' lang='lat' dir='ltr'>id</span> <span class='ocrx_word' id='word_1_89' title='bbox 539 1530 598 1594; x_wconf 90' lang='lat' dir='ltr'>est</span> <span class='ocrx_word' id='word_1_90' title='bbox 622 1504 884 1622; x_wconf 89' lang='lat' dir='ltr'>apostolicae,</span> <span class='ocrx_word' id='word_1_91' title='bbox 909 1511 1066 1589; x_wconf 84' lang='lat' dir='ltr'>ncilitiue</span> <span class='ocrx_word' id='word_1_92' title='bbox 1092 1532 1161 1590; x_wconf 86' lang='lat' dir='ltr'>nun</span> <span class='ocrx_word' id='word_1_93' title='bbox 1191 1513 1363 1591; x_wconf 83' lang='lat' dir='ltr'>carnellu</span> <span class='ocrx_word' id='word_1_94' title='bbox 1387 1519 1506 1610; x_wconf 85' lang='lat' dir='ltr'>sunt,</span> <span class='ocrx_word' id='word_1_95' title='bbox 1532 1501 1657 1619; x_wconf 91' lang='lat' dir='ltr'>inquit</span> <span class='ocrx_word' id='word_1_96' title='bbox 1689 1501 1830 1590; x_wconf 89' lang='lat' dir='ltr'>Paulus</span> <span class='ocrx_word' id='word_1_97' title='bbox 1846 1565 1859 1610; x_wconf 93' lang='lat'>,</span> <span class='ocrx_word' id='word_1_98' title='bbox 1874 1509 1940 1590; x_wconf 86' lang='lat' dir='ltr'>sed</span> 
     </span>
    </p>

    <p class='ocr_par' dir='ltr' id='par_1_11' title="bbox 467 1625 1940 1739">
     <span class='ocr_line' id='line_1_11' title="bbox 467 1625 1940 1739; baseline -0.003 -26"><span class='ocrx_word' id='word_1_99' title='bbox 467 1634 639 1739; x_wconf 79' lang='lat' dir='ltr'>peremta</span> <span class='ocrx_word' id='word_1_100' title='bbox 661 1627 745 1708; x_wconf 88' lang='lat' dir='ltr'>Deo</span> <span class='ocrx_word' id='word_1_101' title='bbox 768 1626 823 1707; x_wconf 90' lang='lat' dir='ltr'>ad</span> <span class='ocrx_word' id='word_1_102' title='bbox 843 1625 1131 1709; x_wconf 83' lang='lat' dir='ltr'>destructionem</span> <span class='ocrx_word' id='word_1_103' title='bbox 1153 1633 1418 1730; x_wconf 88' lang='lat' dir='ltr'>munitionum,</span> <span class='ocrx_word' id='word_1_104' title='bbox 1439 1630 1598 1708; x_wconf 85' lang='lat' dir='ltr'>consiliu</span> <span class='ocrx_word' id='word_1_105' title='bbox 1616 1625 1883 1729; x_wconf 81' lang='lat' dir='ltr'>destruentes,</span> <span class='ocrx_word' id='word_1_106' title='bbox 1901 1636 1940 1709; x_wconf 83' lang='lat' dir='ltr'>et</span> 
     </span>
    </p>

    <p class='ocr_par' dir='ltr' id='par_1_12' title="bbox 419 1740 1940 1843">
     <span class='ocr_line' id='line_1_12' title="bbox 419 1740 1940 1843; baseline -0.005 -11"><span class='ocrx_word' id='word_1_107' title='bbox 419 1761 422 1767; x_wconf 84' lang='grc'><strong>’</strong></span> <span class='ocrx_word' id='word_1_108' title='bbox 472 1771 611 1834; x_wconf 86' lang='lat' dir='ltr'>omnem</span> <span class='ocrx_word' id='word_1_109' title='bbox 634 1746 867 1827; x_wconf 72' lang='lat' dir='ltr'>altitudinem</span> <span class='ocrx_word' id='word_1_110' title='bbox 892 1748 1122 1827; x_wconf 79' lang='lat' dir='ltr'>extollentem</span> <span class='ocrx_word' id='word_1_111' title='bbox 1146 1769 1187 1826; x_wconf 89' lang='lat' dir='ltr'>se</span> <span class='ocrx_word' id='word_1_112' title='bbox 1204 1748 1393 1827; x_wconf 85' lang='lat' dir='ltr'>aduersus</span> <span class='ocrx_word' id='word_1_113' title='bbox 1421 1747 1625 1826; x_wconf 85' lang='lat' dir='ltr'>scientium</span> <span class='ocrx_word' id='word_1_114' title='bbox 1642 1740 1722 1823; x_wconf 87' lang='lat' dir='ltr'>Dei</span> <span class='ocrx_word' id='word_1_115' title='bbox 1739 1797 1754 1843; x_wconf 96' lang='lat'>,</span> <span class='ocrx_word' id='word_1_116' title='bbox 1769 1755 1806 1823; x_wconf 87' lang='lat' dir='ltr'>et</span> <span class='ocrx_word' id='word_1_117' title='bbox 1819 1749 1859 1823; x_wconf 85' lang='lat' dir='ltr'>in</span> <span class='ocrx_word' id='word_1_118' title='bbox 1877 1766 1940 1825; x_wconf 87' lang='lat' dir='ltr'>ca·</span> 
     </span>
    </p>

    <p class='ocr_par' dir='ltr' id='par_1_13' title="bbox 466 1857 1939 1976">
     <span class='ocr_line' id='line_1_13' title="bbox 466 1857 1939 1976; baseline -0.001 -29"><span class='ocrx_word' id='word_1_119' title='bbox 466 1871 693 1976; x_wconf 80' lang='lat' dir='ltr'>plinitutem</span> <span class='ocrx_word' id='word_1_120' title='bbox 719 1866 930 1970; x_wconf 82' lang='lat' dir='ltr'>redigentes</span> <span class='ocrx_word' id='word_1_121' title='bbox 954 1887 1091 1945; x_wconf 84' lang='lat' dir='ltr'>emnem</span> <span class='ocrx_word' id='word_1_122' title='bbox 1121 1868 1344 1947; x_wconf 85' lang='lat' dir='ltr'>intellectum</span> <span class='ocrx_word' id='word_1_123' title='bbox 1382 1868 1423 1942; x_wconf 86' lang='lat' dir='ltr'>in</span> <span class='ocrx_word' id='word_1_124' title='bbox 1458 1860 1674 1967; x_wconf 82' lang='lat' dir='ltr'>obsequium</span> <span class='ocrx_word' id='word_1_125' title='bbox 1704 1857 1852 1944; x_wconf 79' lang='lat' dir='ltr'>Christi</span> <span class='ocrx_word' id='word_1_126' title='bbox 1868 1917 1884 1963; x_wconf 93' lang='lat'>,</span> <span class='ocrx_word' id='word_1_127' title='bbox 1900 1872 1939 1946; x_wconf 82' lang='lat' dir='ltr'>tl</span> 
     </span>
    </p>

    <p class='ocr_par' dir='ltr' id='par_1_14' title="bbox 473 1976 1940 2090">
     <span class='ocr_line' id='line_1_14' title="bbox 473 1976 1940 2090; baseline -0.002 -24"><span class='ocrx_word' id='word_1_128' title='bbox 473 1989 515 2066; x_wconf 85' lang='lat' dir='ltr'>in</span> <span class='ocrx_word' id='word_1_129' title='bbox 538 1997 690 2090; x_wconf 81' lang='lat' dir='ltr'>promtu</span> <span class='ocrx_word' id='word_1_130' title='bbox 711 1980 886 2063; x_wconf 80' lang='lat' dir='ltr'>debentes</span> <span class='ocrx_word' id='word_1_131' title='bbox 916 1986 1050 2064; x_wconf 76' lang='lat' dir='ltr'>umlsci</span> <span class='ocrx_word' id='word_1_132' title='bbox 1077 2006 1214 2066; x_wconf 87' lang='lat' dir='ltr'>omnem</span> <span class='ocrx_word' id='word_1_133' title='bbox 1237 1982 1557 2065; x_wconf 84' lang='lat' dir='ltr'>inobedientium.</span> <span class='ocrx_word' id='word_1_134' title='bbox 1595 1977 1712 2074; x_wconf 83' lang='lat' dir='ltr'>Quae</span> <span class='ocrx_word' id='word_1_135' title='bbox 1734 2005 1842 2063; x_wconf 87' lang='lat' dir='ltr'>arma</span> <span class='ocrx_word' id='word_1_136' title='bbox 1865 1976 1896 2063; x_wconf 91' lang='lat' dir='ltr'>si</span> <span class='ocrx_word' id='word_1_137' title='bbox 1917 2006 1940 2063; x_wconf 83' lang='lat' dir='ltr'>a</span> 
     </span>
    </p>

    <p class='ocr_par' dir='ltr' id='par_1_15' title="bbox 474 2093 1942 2214">
     <span class='ocr_line' id='line_1_15' title="bbox 474 2093 1942 2214; baseline -0.003 -29"><span class='ocrx_word' id='word_1_138' title='bbox 474 2099 722 2213; x_wconf 87' lang='lat' dir='ltr'>pertinacibus</span> <span class='ocrx_word' id='word_1_139' title='bbox 738 2097 993 2214; x_wconf 89' lang='lat' dir='ltr'>negligentur,</span> <span class='ocrx_word' id='word_1_140' title='bbox 1009 2098 1201 2184; x_wconf 83' lang='lat' dir='ltr'>co&#39;e&#39;rcebit</span> <span class='ocrx_word' id='word_1_141' title='bbox 1221 2128 1287 2185; x_wconf 92' lang='lat' dir='ltr'>eos</span> <span class='ocrx_word' id='word_1_142' title='bbox 1304 2097 1418 2184; x_wconf 87' lang='lat' dir='ltr'>etiarn</span> <span class='ocrx_word' id='word_1_143' title='bbox 1439 2093 1625 2199; x_wconf 72' lang='lat' dir='ltr'>vinculis,</span> <span class='ocrx_word' id='word_1_144' title='bbox 1642 2093 1832 2209; x_wconf 88' lang='lat' dir='ltr'>desperata</span> <span class='ocrx_word' id='word_1_145' title='bbox 1849 2122 1942 2209; x_wconf 88' lang='lat' dir='ltr'>pot·</span> 
     </span>
    </p>

    <p class='ocr_par' dir='ltr' id='par_1_16' title="bbox 475 2209 1942 2333">
     <span class='ocr_line' id='line_1_16' title="bbox 475 2209 1942 2333; baseline -0.001 -31"><span class='ocrx_word' id='word_1_146' title='bbox 475 2243 522 2304; x_wconf 90' lang='lat' dir='ltr'>to</span> <span class='ocrx_word' id='word_1_147' title='bbox 549 2217 736 2321; x_wconf 86' lang='lat' dir='ltr'>sanitate,</span> <span class='ocrx_word' id='word_1_148' title='bbox 759 2217 890 2302; x_wconf 84' lang='lat' dir='ltr'>ultima</span> <span class='ocrx_word' id='word_1_149' title='bbox 920 2216 1101 2332; x_wconf 88' lang='lat' dir='ltr'>praesidia</span> <span class='ocrx_word' id='word_1_150' title='bbox 1124 2239 1228 2331; x_wconf 87' lang='lat' dir='ltr'>peret</span> <span class='ocrx_word' id='word_1_151' title='bbox 1251 2248 1276 2303; x_wconf 87' lang='lat' dir='ltr'>a</span> <span class='ocrx_word' id='word_1_152' title='bbox 1297 2209 1441 2333; x_wconf 91' lang='lat' dir='ltr'>legibus</span> <span class='ocrx_word' id='word_1_153' title='bbox 1469 2211 1717 2302; x_wconf 89' lang='lat' dir='ltr'>ecclesiasticis</span> <span class='ocrx_word' id='word_1_154' title='bbox 1747 2235 1789 2299; x_wconf 89' lang='lat' dir='ltr'>et</span> <span class='ocrx_word' id='word_1_155' title='bbox 1811 2210 1942 2300; x_wconf 87' lang='lat' dir='ltr'>civili·-</span> 
     </span>
    </p>

    <p class='ocr_par' dir='ltr' id='par_1_17' title="bbox 251 2331 1937 2451">
     <span class='ocr_line' id='line_1_17' title="bbox 251 2331 1937 2451; baseline -0.005 -26"><span class='ocrx_word' id='word_1_156' title='bbox 251 2359 253 2366; x_wconf 80' lang='grc'>’</span> <span class='ocrx_word' id='word_1_157' title='bbox 370 2402 373 2409; x_wconf 87' lang='grc'>-</span> <span class='ocrx_word' id='word_1_158' title='bbox 475 2334 574 2441; x_wconf 88' lang='lat' dir='ltr'>bus,</span> <span class='ocrx_word' id='word_1_159' title='bbox 598 2336 736 2451; x_wconf 90' lang='lat' dir='ltr'>quibus</span> <span class='ocrx_word' id='word_1_160' title='bbox 758 2334 950 2448; x_wconf 84' lang='lat' dir='ltr'>justissime</span> <span class='ocrx_word' id='word_1_161' title='bbox 977 2334 1251 2420; x_wconf 86' lang='lat' dir='ltr'>haereticorum</span> <span class='ocrx_word' id='word_1_162' title='bbox 1273 2333 1475 2450; x_wconf 85' lang='lat' dir='ltr'>pertinacia</span> <span class='ocrx_word' id='word_1_163' title='bbox 1503 2331 1717 2422; x_wconf 87' lang='lat' dir='ltr'>vindicatur</span> <span class='ocrx_word' id='word_1_164' title='bbox 1734 2358 1747 2414; x_wconf 80' lang='lat' dir='ltr'>a</span> <span class='ocrx_word' id='word_1_165' title='bbox 1765 2357 1937 2446; x_wconf 87' lang='lat' dir='ltr'>quotum</span> 
     </span>
    </p>

    <p class='ocr_par' dir='ltr' id='par_1_18' title="bbox 475 2448 1940 2569">
     <span class='ocr_line' id='line_1_18' title="bbox 475 2448 1940 2569; baseline -0.003 -31"><span class='ocrx_word' id='word_1_166' title='bbox 475 2454 594 2540; x_wconf 89' lang='lat' dir='ltr'>scelus</span> <span class='ocrx_word' id='word_1_167' title='bbox 607 2480 718 2541; x_wconf 88' lang='lat' dir='ltr'>tanto</span> <span class='ocrx_word' id='word_1_168' title='bbox 733 2480 789 2540; x_wconf 90' lang='lat' dir='ltr'>est</span> <span class='ocrx_word' id='word_1_169' title='bbox 811 2452 1034 2569; x_wconf 90' lang='lat' dir='ltr'>reipublicae</span> <span class='ocrx_word' id='word_1_170' title='bbox 1049 2453 1285 2569; x_wconf 89' lang='lat' dir='ltr'>perniciosius</span> <span class='ocrx_word' id='word_1_171' title='bbox 1299 2477 1339 2540; x_wconf 93' lang='lat' dir='ltr'>et</span> <span class='ocrx_word' id='word_1_172' title='bbox 1361 2454 1481 2539; x_wconf 87' lang='lat' dir='ltr'>acrius</span> <span class='ocrx_word' id='word_1_173' title='bbox 1499 2448 1800 2554; x_wconf 88' lang='lat' dir='ltr'>vindicandum,</span> <span class='ocrx_word' id='word_1_174' title='bbox 1821 2476 1940 2565; x_wconf 86' lang='lat' dir='ltr'>quam</span> 
     </span>
    </p>

    <p class='ocr_par' dir='ltr' id='par_1_19' title="bbox 475 2565 1942 2776">
     <span class='ocr_line' id='line_1_19' title="bbox 475 2565 1942 2691; baseline -0.001 -35"><span class='ocrx_word' id='word_1_175' title='bbox 475 2572 717 2686; x_wconf 88' lang='lat' dir='ltr'>praedonum</span> <span class='ocrx_word' id='word_1_176' title='bbox 738 2599 778 2658; x_wconf 93' lang='lat' dir='ltr'>et</span> <span class='ocrx_word' id='word_1_177' title='bbox 802 2597 1084 2689; x_wconf 77' lang='lat' dir='ltr'>grassatorum,</span> <span class='ocrx_word' id='word_1_178' title='bbox 1102 2597 1253 2691; x_wconf 88' lang='lat' dir='ltr'>quanto</span> <span class='ocrx_word' id='word_1_179' title='bbox 1278 2572 1395 2691; x_wconf 82' lang='lat' dir='ltr'>pietas</span> <span class='ocrx_word' id='word_1_180' title='bbox 1413 2594 1454 2659; x_wconf 92' lang='lat' dir='ltr'>et</span> <span class='ocrx_word' id='word_1_181' title='bbox 1482 2570 1613 2690; x_wconf 90' lang='lat' dir='ltr'>religio</span> <span class='ocrx_word' id='word_1_182' title='bbox 1641 2567 1809 2658; x_wconf 82' lang='lat' dir='ltr'>externis</span> <span class='ocrx_word' id='word_1_183' title='bbox 1832 2565 1942 2655; x_wconf 90' lang='lat' dir='ltr'>bonis</span> 
     </span>
     <span class='ocr_line' id='line_1_20' title="bbox 479 2685 706 2776; baseline -0.004 -1"><span class='ocrx_word' id='word_1_184' title='bbox 479 2685 706 2776; x_wconf 84' lang='lat' dir='ltr'>antefertur.</span> 
     </span>
    </p>

    <p class='ocr_par' dir='ltr' id='par_1_20' title="bbox 477 2801 1963 3157">
     <span class='ocr_line' id='line_1_21' title="bbox 537 2801 1943 2923; baseline -0.001 -33"><span class='ocrx_word' id='word_1_185' title='bbox 537 2809 678 2894; x_wconf 82' lang='lat' dir='ltr'><strong>XXIII.</strong></span> <span class='ocrx_word' id='word_1_186' title='bbox 737 2805 912 2920; x_wconf 88' lang='lat' dir='ltr'>Princeps</span> <span class='ocrx_word' id='word_1_187' title='bbox 937 2830 1095 2913; x_wconf 90' lang='lat' dir='ltr'>autem,</span> <span class='ocrx_word' id='word_1_188' title='bbox 1117 2834 1235 2923; x_wconf 92' lang='lat' dir='ltr'>quem</span> <span class='ocrx_word' id='word_1_189' title='bbox 1260 2808 1421 2893; x_wconf 78' lang='lat' dir='ltr'>maxime</span> <span class='ocrx_word' id='word_1_190' title='bbox 1451 2803 1587 2892; x_wconf 90' lang='lat' dir='ltr'>vellem</span> <span class='ocrx_word' id='word_1_191' title='bbox 1611 2832 1695 2891; x_wconf 91' lang='lat' dir='ltr'>non</span> <span class='ocrx_word' id='word_1_192' title='bbox 1724 2803 1847 2890; x_wconf 92' lang='lat' dir='ltr'>minus</span> <span class='ocrx_word' id='word_1_193' title='bbox 1867 2801 1943 2889; x_wconf 87' lang='lat' dir='ltr'>vit·</span> 
     </span>
     <span class='ocr_line' id='line_1_22' title="bbox 477 2919 1963 3042; baseline -0.001 -34"><span class='ocrx_word' id='word_1_194' title='bbox 477 2924 621 3008; x_wconf 91' lang='lat' dir='ltr'>tutibus</span> <span class='ocrx_word' id='word_1_195' title='bbox 639 2982 652 3027; x_wconf 93' lang='lat'>,</span> <span class='ocrx_word' id='word_1_196' title='bbox 672 2937 792 3037; x_wconf 83' lang='lat' dir='ltr'>qua&#39;m</span> <span class='ocrx_word' id='word_1_197' title='bbox 811 2924 1021 3009; x_wconf 87' lang='lat' dir='ltr'>honoribus</span> <span class='ocrx_word' id='word_1_198' title='bbox 1046 2949 1085 3011; x_wconf 91' lang='lat' dir='ltr'>et</span> <span class='ocrx_word' id='word_1_199' title='bbox 1101 2925 1284 3042; x_wconf 88' lang='lat' dir='ltr'>dignitate</span> <span class='ocrx_word' id='word_1_200' title='bbox 1301 2948 1446 3011; x_wconf 91' lang='lat' dir='ltr'>ceteros</span> <span class='ocrx_word' id='word_1_201' title='bbox 1471 2921 1648 3010; x_wconf 82' lang='lat' dir='ltr'>excellere</span> <span class='ocrx_word' id='word_1_202' title='bbox 1664 2983 1677 3026; x_wconf 92' lang='lat'>,</span> <span class='ocrx_word' id='word_1_203' title='bbox 1693 2921 1862 3035; x_wconf 90' lang='lat' dir='ltr'>primum</span> <span class='ocrx_word' id='word_1_204' title='bbox 1877 2919 1963 3026; x_wconf 68' lang='lat' dir='ltr'>da,</span> 
     </span>
     <span class='ocr_line' id='line_1_23' title="bbox 478 3036 1943 3157; baseline 0 -34"><span class='ocrx_word' id='word_1_205' title='bbox 478 3040 535 3126; x_wconf 94' lang='lat' dir='ltr'>bit</span> <span class='ocrx_word' id='word_1_206' title='bbox 557 3069 740 3155; x_wconf 87' lang='lat' dir='ltr'>operam,</span> <span class='ocrx_word' id='word_1_207' title='bbox 764 3063 807 3126; x_wconf 94' lang='lat' dir='ltr'>ut</span> <span class='ocrx_word' id='word_1_208' title='bbox 828 3040 930 3128; x_wconf 91' lang='lat' dir='ltr'>cives</span> <span class='ocrx_word' id='word_1_209' title='bbox 952 3043 1139 3156; x_wconf 86' lang='lat' dir='ltr'>aequabili</span> <span class='ocrx_word' id='word_1_210' title='bbox 1164 3044 1244 3157; x_wconf 79' lang='lat' dir='ltr'>jure</span> <span class='ocrx_word' id='word_1_211' title='bbox 1269 3043 1462 3129; x_wconf 87' lang='lat' dir='ltr'>contineat</span> <span class='ocrx_word' id='word_1_212' title='bbox 1479 3103 1491 3146; x_wconf 91' lang='lat'>,</span> <span class='ocrx_word' id='word_1_213' title='bbox 1508 3067 1548 3128; x_wconf 88' lang='lat' dir='ltr'>et</span> <span class='ocrx_word' id='word_1_214' title='bbox 1565 3037 1779 3126; x_wconf 89' lang='lat' dir='ltr'>secundum</span> <span class='ocrx_word' id='word_1_215' title='bbox 1795 3036 1943 3154; x_wconf 83' lang='lat' dir='ltr'>religio</span> 
     </span>
    </p>

    <p class='ocr_par' dir='ltr' id='par_1_21' title="bbox 367 3156 1940 3393">
     <span class='ocr_line' id='line_1_24' title="bbox 367 3156 1940 3275; baseline 0 -32"><span class='ocrx_word' id='word_1_216' title='bbox 367 3208 369 3224; x_wconf 55' lang='grc' dir='ltr'>ι</span> <span class='ocrx_word' id='word_1_217' title='bbox 480 3185 572 3244; x_wconf 91' lang='lat' dir='ltr'>nem</span> <span class='ocrx_word' id='word_1_218' title='bbox 597 3157 799 3274; x_wconf 81' lang='lat' dir='ltr'>civilesque</span> <span class='ocrx_word' id='word_1_219' title='bbox 826 3157 928 3275; x_wconf 92' lang='lat' dir='ltr'>leges</span> <span class='ocrx_word' id='word_1_220' title='bbox 945 3219 958 3264; x_wconf 93' lang='lat'>,</span> <span class='ocrx_word' id='word_1_221' title='bbox 975 3158 1113 3248; x_wconf 88' lang='lat' dir='ltr'>deinde</span> <span class='ocrx_word' id='word_1_222' title='bbox 1135 3159 1372 3247; x_wconf 90' lang='lat' dir='ltr'>turbulentos</span> <span class='ocrx_word' id='word_1_223' title='bbox 1393 3188 1432 3248; x_wconf 96' lang='lat' dir='ltr'>et</span> <span class='ocrx_word' id='word_1_224' title='bbox 1457 3157 1667 3275; x_wconf 83' lang='lat' dir='ltr'>flagitiosos</span> <span class='ocrx_word' id='word_1_225' title='bbox 1697 3156 1840 3244; x_wconf 90' lang='lat' dir='ltr'>metitis</span> <span class='ocrx_word' id='word_1_226' title='bbox 1855 3181 1940 3269; x_wconf 87' lang='lat' dir='ltr'>poe·</span> 
     </span>
     <span class='ocr_line' id='line_1_25' title="bbox 478 3274 1940 3393; baseline -0.002 -31"><span class='ocrx_word' id='word_1_227' title='bbox 478 3274 537 3362; x_wconf 89' lang='lat' dir='ltr'>nis</span> <span class='ocrx_word' id='word_1_228' title='bbox 560 3301 836 3393; x_wconf 92' lang='lat' dir='ltr'>prosequetur,</span> <span class='ocrx_word' id='word_1_229' title='bbox 853 3305 901 3363; x_wconf 94' lang='lat' dir='ltr'>ne</span> <span class='ocrx_word' id='word_1_230' title='bbox 923 3301 1041 3364; x_wconf 90' lang='lat' dir='ltr'>status</span> <span class='ocrx_word' id='word_1_231' title='bbox 1063 3278 1285 3392; x_wconf 90' lang='lat' dir='ltr'>reipublicae</span> <span class='ocrx_word' id='word_1_232' title='bbox 1307 3279 1578 3367; x_wconf 86' lang='lat' dir='ltr'>detrimentum</span> <span class='ocrx_word' id='word_1_233' title='bbox 1602 3276 1788 3393; x_wconf 86' lang='lat' dir='ltr'>patiatur.</span> <span class='ocrx_word' id='word_1_234' title='bbox 1823 3275 1940 3361; x_wconf 87' lang='lat' dir='ltr'>Hunc</span> 
     </span>
    </p>

    <p class='ocr_par' dir='ltr' id='par_1_22' title="bbox 457 3391 1944 3511">
     <span class='ocr_line' id='line_1_26' title="bbox 457 3391 1944 3511; baseline -0.003 -29"><span class='ocrx_word' id='word_1_235' title='bbox 457 3394 585 3497; x_wconf 13' lang='lat' dir='ltr'>necuim</span> <span class='ocrx_word' id='word_1_236' title='bbox 608 3397 716 3511; x_wconf 91' lang='lat' dir='ltr'>quasi</span> <span class='ocrx_word' id='word_1_237' title='bbox 737 3423 896 3508; x_wconf 90' lang='lat' dir='ltr'>scopum</span> <span class='ocrx_word' id='word_1_238' title='bbox 919 3421 1062 3510; x_wconf 88' lang='lat' dir='ltr'>spectat</span> <span class='ocrx_word' id='word_1_239' title='bbox 1078 3395 1250 3484; x_wconf 87' lang='lat' dir='ltr'>doctrina</span> <span class='ocrx_word' id='word_1_240' title='bbox 1273 3396 1413 3503; x_wconf 89' lang='lat' dir='ltr'>civilis,</span> <span class='ocrx_word' id='word_1_241' title='bbox 1436 3422 1481 3483; x_wconf 92' lang='lat' dir='ltr'>ut</span> <span class='ocrx_word' id='word_1_242' title='bbox 1506 3394 1634 3490; x_wconf 88' lang='lat' dir='ltr'>civitas</span> <span class='ocrx_word' id='word_1_243' title='bbox 1660 3393 1767 3482; x_wconf 88' lang='lat' dir='ltr'>salva</span> <span class='ocrx_word' id='word_1_244' title='bbox 1793 3391 1871 3499; x_wconf 87' lang='lat' dir='ltr'>sit,</span> <span class='ocrx_word' id='word_1_245' title='bbox 1898 3416 1944 3477; x_wconf 86' lang='lat' dir='ltr'>ac</span> 
     </span>
    </p>

    <p class='ocr_par' dir='ltr' id='par_1_23' title="bbox 323 3509 1944 3632">
     <span class='ocr_line' id='line_1_27' title="bbox 323 3509 1944 3632; baseline -0.001 -34"><span class='ocrx_word' id='word_1_246' title='bbox 323 3546 422 3622; x_wconf 58' lang='lat' dir='ltr'>Quibus</span> <span class='ocrx_word' id='word_1_247' title='bbox 439 3552 474 3593; x_wconf 76' lang='lat' dir='ltr'>ex</span> <span class='ocrx_word' id='word_1_248' title='bbox 483 3511 668 3631; x_wconf 88' lang='lat' dir='ltr'>dignitate</span> <span class='ocrx_word' id='word_1_249' title='bbox 698 3538 739 3599; x_wconf 93' lang='lat' dir='ltr'>et</span> <span class='ocrx_word' id='word_1_250' title='bbox 766 3514 978 3601; x_wconf 90' lang='lat' dir='ltr'>commodis</span> <span class='ocrx_word' id='word_1_251' title='bbox 1008 3541 1218 3632; x_wconf 87' lang='lat' dir='ltr'>augeatur.</span> <span class='ocrx_word' id='word_1_252' title='bbox 1250 3516 1401 3604; x_wconf 89' lang='lat' dir='ltr'>Deinde</span> <span class='ocrx_word' id='word_1_253' title='bbox 1432 3514 1462 3601; x_wconf 92' lang='lat' dir='ltr'>si</span> <span class='ocrx_word' id='word_1_254' title='bbox 1489 3540 1569 3630; x_wconf 91' lang='lat' dir='ltr'>qua</span> <span class='ocrx_word' id='word_1_255' title='bbox 1599 3513 1656 3600; x_wconf 87' lang='lat' dir='ltr'>uis</span> <span class='ocrx_word' id='word_1_256' title='bbox 1686 3515 1737 3599; x_wconf 80' lang='lat' dir='ltr'>ab</span> <span class='ocrx_word' id='word_1_257' title='bbox 1769 3509 1944 3598; x_wconf 90' lang='lat' dir='ltr'>hostibus</span> 
     </span>
    </p>
   </div>
   <div class='ocr_carea' id='block_1_2' title="bbox 294 3603 1943 3746">
    <p class='ocr_par' dir='ltr' id='par_1_24' title="bbox 294 3603 1943 3746">
     <span class='ocr_line' id='line_1_28' title="bbox 294 3603 1943 3746; baseline -0.005 -23"><span class='ocrx_word' id='word_1_258' title='bbox 294 3603 475 3726; x_wconf 70' lang='lat' dir='ltr'>fih⁵¹⁸sudiii</span> <span class='ocrx_word' id='word_1_259' title='bbox 483 3631 524 3718; x_wconf 94' lang='lat' dir='ltr'>in</span> <span class='ocrx_word' id='word_1_260' title='bbox 546 3661 655 3718; x_wconf 88' lang='lat' dir='ltr'>suam</span> <span class='ocrx_word' id='word_1_261' title='bbox 675 3630 867 3718; x_wconf 84' lang='lat' dir='ltr'>civitatem</span> <span class='ocrx_word' id='word_1_262' title='bbox 891 3633 1082 3746; x_wconf 87' lang='lat' dir='ltr'>parabitur</span> <span class='ocrx_word' id='word_1_263' title='bbox 1098 3694 1111 3739; x_wconf 90' lang='lat'>‚</span> <span class='ocrx_word' id='word_1_264' title='bbox 1129 3658 1197 3722; x_wconf 90' lang='lat' dir='ltr'>aut</span> <span class='ocrx_word' id='word_1_265' title='bbox 1220 3630 1427 3737; x_wconf 87' lang='lat' dir='ltr'>inferetur,</span> <span class='ocrx_word' id='word_1_266' title='bbox 1452 3631 1553 3718; x_wconf 86' lang='lat' dir='ltr'>banc</span> <span class='ocrx_word' id='word_1_267' title='bbox 1576 3655 1622 3718; x_wconf 92' lang='lat' dir='ltr'>ut</span> <span class='ocrx_word' id='word_1_268' title='bbox 1646 3629 1724 3717; x_wconf 92' lang='lat' dir='ltr'>sine</span> <span class='ocrx_word' id='word_1_269' title='bbox 1749 3631 1866 3716; x_wconf 85' lang='lat' dir='ltr'>armis</span> <span class='ocrx_word' id='word_1_270' title='bbox 1881 3628 1943 3716; x_wconf 92' lang='lat' dir='ltr'>de·</span> 
     </span>
    </p>
   </div>
   <div class='ocr_carea' id='block_1_3' title="bbox 295 3732 1964 5138">
    <p class='ocr_par' dir='ltr' id='par_1_25' title="bbox 295 3732 1951 4696">
     <span class='ocr_line' id='line_1_29' title="bbox 295 3732 1947 3866; baseline -0.001 -30"><span class='ocrx_word' id='word_1_271' title='bbox 295 3732 397 3784; x_wconf 52' lang='lat' dir='ltr'>‘&#39;m‘&#39;</span> <span class='ocrx_word' id='word_1_272' title='bbox 487 3748 630 3866; x_wconf 82' lang='lat' dir='ltr'>pellat,</span> <span class='ocrx_word' id='word_1_273' title='bbox 655 3749 762 3835; x_wconf 90' lang='lat' dir='ltr'>omni</span> <span class='ocrx_word' id='word_1_274' title='bbox 786 3748 932 3836; x_wconf 87' lang='lat' dir='ltr'>ratione</span> <span class='ocrx_word' id='word_1_275' title='bbox 954 3752 1153 3838; x_wconf 87' lang='lat' dir='ltr'>conabitur</span> <span class='ocrx_word' id='word_1_276' title='bbox 1174 3784 1184 3838; x_wconf 91' lang='lat'><strong>:</strong></span> <span class='ocrx_word' id='word_1_277' title='bbox 1209 3751 1319 3839; x_wconf 92' lang='lat' dir='ltr'>sedsi</span> <span class='ocrx_word' id='word_1_278' title='bbox 1343 3752 1469 3838; x_wconf 89' lang='lat' dir='ltr'>hostes</span> <span class='ocrx_word' id='word_1_279' title='bbox 1493 3777 1565 3836; x_wconf 86' lang='lat' dir='ltr'>noc</span> <span class='ocrx_word' id='word_1_280' title='bbox 1579 3749 1729 3836; x_wconf 89' lang='lat' dir='ltr'>honesti</span> <span class='ocrx_word' id='word_1_281' title='bbox 1755 3773 1947 3864; x_wconf 84' lang='lat' dir='ltr'>respectus</span> 
     </span>
     <span class='ocr_line' id='line_1_30' title="bbox 488 3861 1948 3984; baseline -0.003 -29"><span class='ocrx_word' id='word_1_282' title='bbox 488 3866 733 3955; x_wconf 84' lang='lat' dir='ltr'>retardaverit</span> <span class='ocrx_word' id='word_1_283' title='bbox 749 3928 762 3973; x_wconf 93' lang='lat'>,</span> <span class='ocrx_word' id='word_1_284' title='bbox 778 3894 848 3954; x_wconf 91' lang='lat' dir='ltr'>nec</span> <span class='ocrx_word' id='word_1_285' title='bbox 874 3866 989 3980; x_wconf 78' lang='lat' dir='ltr'>justae</span> <span class='ocrx_word' id='word_1_286' title='bbox 1009 3869 1291 3957; x_wconf 89' lang='lat' dir='ltr'>dehortationes</span> <span class='ocrx_word' id='word_1_287' title='bbox 1317 3898 1363 3957; x_wconf 89' lang='lat' dir='ltr'>ac</span> <span class='ocrx_word' id='word_1_288' title='bbox 1387 3868 1692 3957; x_wconf 90' lang='lat' dir='ltr'>denuntiationes</span> <span class='ocrx_word' id='word_1_289' title='bbox 1713 3861 1948 3984; x_wconf 66' lang='lat' dir='ltr'>,quaesom-</span> 
     </span>
     <span class='ocr_line' id='line_1_31' title="bbox 487 3985 1947 4103; baseline -0.001 -32"><span class='ocrx_word' id='word_1_290' title='bbox 487 3985 537 4071; x_wconf 83' lang='lat' dir='ltr'>ali</span> <span class='ocrx_word' id='word_1_291' title='bbox 552 3990 817 4073; x_wconf 89' lang='lat' dir='ltr'>Romanorum</span> <span class='ocrx_word' id='word_1_292' title='bbox 842 3985 920 4099; x_wconf 80' lang='lat' dir='ltr'>jure</span> <span class='ocrx_word' id='word_1_293' title='bbox 941 3988 1240 4086; x_wconf 81' lang='lat' dir='ltr'>continebantur</span> <span class='ocrx_word' id='word_1_294' title='bbox 1244 4048 1258 4093; x_wconf 95' lang='lat'>,</span> <span class='ocrx_word' id='word_1_295' title='bbox 1279 3989 1330 4074; x_wconf 92' lang='lat' dir='ltr'>ab</span> <span class='ocrx_word' id='word_1_296' title='bbox 1352 3988 1483 4103; x_wconf 87' lang='lat' dir='ltr'>injuria</span> <span class='ocrx_word' id='word_1_297' title='bbox 1498 3987 1770 4087; x_wconf 78' lang='lat' dir='ltr'>deterrebant3</span> <span class='ocrx_word' id='word_1_298' title='bbox 1784 4006 1947 4069; x_wconf 89' lang='lat' dir='ltr'>auctore</span> 
     </span>
     <span class='ocr_line' id='line_1_32' title="bbox 487 4103 1947 4237; baseline -0.003 -46"><span class='ocrx_word' id='word_1_299' title='bbox 487 4106 576 4191; x_wconf 91' lang='lat' dir='ltr'>Deo</span> <span class='ocrx_word' id='word_1_300' title='bbox 592 4104 767 4237; x_wconf 91' lang='lat' dir='ltr'>duceque</span> <span class='ocrx_word' id='word_1_301' title='bbox 791 4128 955 4212; x_wconf 87' lang='lat' dir='ltr'>natura,</span> <span class='ocrx_word' id='word_1_302' title='bbox 974 4130 1106 4193; x_wconf 88' lang='lat' dir='ltr'>coacta</span> <span class='ocrx_word' id='word_1_303' title='bbox 1128 4105 1285 4194; x_wconf 83' lang='lat' dir='ltr'>fortium</span> <span class='ocrx_word' id='word_1_304' title='bbox 1307 4106 1477 4196; x_wconf 91' lang='lat' dir='ltr'>virorum</span> <span class='ocrx_word' id='word_1_305' title='bbox 1499 4134 1645 4210; x_wconf 89' lang='lat' dir='ltr'>manu,</span> <span class='ocrx_word' id='word_1_306' title='bbox 1665 4103 1875 4220; x_wconf 73' lang='lat' dir='ltr'>sumusque</span> <span class='ocrx_word' id='word_1_307' title='bbox 1890 4125 1947 4187; x_wconf 91' lang='lat' dir='ltr'>ar·</span> 
     </span>
     <span class='ocr_line' id='line_1_33' title="bbox 489 4220 1950 4337; baseline -0.001 -29"><span class='ocrx_word' id='word_1_308' title='bbox 489 4221 580 4326; x_wconf 79' lang='lat' dir='ltr'>urb,</span> <span class='ocrx_word' id='word_1_309' title='bbox 596 4223 647 4308; x_wconf 91' lang='lat' dir='ltr'>ab</span> <span class='ocrx_word' id='word_1_310' title='bbox 666 4223 889 4335; x_wconf 67' lang='lat' dir='ltr'>intentorum</span> <span class='ocrx_word' id='word_1_311' title='bbox 905 4223 1105 4310; x_wconf 90' lang='lat' dir='ltr'>hominum</span> <span class='ocrx_word' id='word_1_312' title='bbox 1129 4225 1363 4331; x_wconf 88' lang='lat' dir='ltr'>immanitate</span> <span class='ocrx_word' id='word_1_313' title='bbox 1389 4248 1428 4312; x_wconf 95' lang='lat' dir='ltr'>et</span> <span class='ocrx_word' id='word_1_314' title='bbox 1453 4220 1638 4311; x_wconf 86' lang='lat' dir='ltr'>maleficio</span> <span class='ocrx_word' id='word_1_315' title='bbox 1661 4222 1875 4307; x_wconf 86' lang='lat' dir='ltr'>libertatern</span> <span class='ocrx_word' id='word_1_316' title='bbox 1898 4247 1950 4337; x_wconf 77' lang='lat' dir='ltr'>as</span> 
     </span>
     <span class='ocr_line' id='line_1_34' title="bbox 491 4336 1948 4456; baseline 0.002 -32"><span class='ocrx_word' id='word_1_317' title='bbox 491 4363 613 4444; x_wconf 91' lang='lat' dir='ltr'>seret,</span> <span class='ocrx_word' id='word_1_318' title='bbox 642 4340 930 4456; x_wconf 87' lang='lat' dir='ltr'>commodisque</span> <span class='ocrx_word' id='word_1_319' title='bbox 960 4343 1033 4429; x_wconf 92' lang='lat' dir='ltr'>suis</span> <span class='ocrx_word' id='word_1_320' title='bbox 1061 4366 1101 4430; x_wconf 95' lang='lat' dir='ltr'>et</span> <span class='ocrx_word' id='word_1_321' title='bbox 1133 4373 1223 4431; x_wconf 88' lang='lat' dir='ltr'>suae</span> <span class='ocrx_word' id='word_1_322' title='bbox 1249 4344 1407 4433; x_wconf 88' lang='lat' dir='ltr'>civitatis</span> <span class='ocrx_word' id='word_1_323' title='bbox 1438 4369 1483 4428; x_wconf 93' lang='lat' dir='ltr'>ac</span> <span class='ocrx_word' id='word_1_324' title='bbox 1515 4342 1704 4429; x_wconf 93' lang='lat' dir='ltr'>sociorum</span> <span class='ocrx_word' id='word_1_325' title='bbox 1736 4336 1948 4455; x_wconf 86' lang='lat' dir='ltr'>prospiciet,</span> 
     </span>
     <span class='ocr_line' id='line_1_35' title="bbox 302 4453 1951 4590; baseline -0.005 -40"><span class='ocrx_word' id='word_1_326' title='bbox 302 4453 507 4590; x_wconf 52' lang='lat' dir='ltr'>mggf(</span> <span class='ocrx_word' id='word_1_327' title='bbox 523 4455 660 4549; x_wconf 85' lang='lat' dir='ltr'>utiliter</span> <span class='ocrx_word' id='word_1_328' title='bbox 683 4457 785 4543; x_wconf 89' lang='lat' dir='ltr'>eninr</span> <span class='ocrx_word' id='word_1_329' title='bbox 811 4458 971 4546; x_wconf 89' lang='lat' dir='ltr'>vincitur</span> <span class='ocrx_word' id='word_1_330' title='bbox 998 4460 1058 4567; x_wconf 92' lang='lat' dir='ltr'>is,</span> <span class='ocrx_word' id='word_1_331' title='bbox 1083 4486 1178 4550; x_wconf 91' lang='lat' dir='ltr'>teste</span> <span class='ocrx_word' id='word_1_332' title='bbox 1210 4462 1457 4580; x_wconf 86' lang='lat' dir='ltr'>Augustino,</span> <span class='ocrx_word' id='word_1_333' title='bbox 1473 4461 1535 4546; x_wconf 88' lang='lat' dir='ltr'>cui</span> <span class='ocrx_word' id='word_1_334' title='bbox 1563 4459 1711 4546; x_wconf 88' lang='lat' dir='ltr'>licentia</span> <span class='ocrx_word' id='word_1_335' title='bbox 1742 4455 1951 4574; x_wconf 87' lang='lat' dir='ltr'>iniquitatis</span> 
     </span>
     <span class='ocr_line' id='line_1_36' title="bbox 491 4572 1947 4696; baseline -0.003 -32"><span class='ocrx_word' id='word_1_336' title='bbox 491 4572 678 4691; x_wconf 87' lang='lat' dir='ltr'>eripitur)</span> <span class='ocrx_word' id='word_1_337' title='bbox 702 4603 772 4661; x_wconf 92' lang='lat' dir='ltr'>nec</span> <span class='ocrx_word' id='word_1_338' title='bbox 800 4603 857 4661; x_wconf 89' lang='lat' dir='ltr'>res</span> <span class='ocrx_word' id='word_1_339' title='bbox 881 4579 1022 4665; x_wconf 86' lang='lat' dir='ltr'>ablatas</span> <span class='ocrx_word' id='word_1_340' title='bbox 1052 4582 1163 4667; x_wconf 90' lang='lat' dir='ltr'>armis</span> <span class='ocrx_word' id='word_1_341' title='bbox 1190 4606 1359 4696; x_wconf 91' lang='lat' dir='ltr'>repetere</span> <span class='ocrx_word' id='word_1_342' title='bbox 1389 4604 1457 4667; x_wconf 88' lang='lat' dir='ltr'>aut</span> <span class='ocrx_word' id='word_1_343' title='bbox 1482 4603 1610 4664; x_wconf 91' lang='lat' dir='ltr'>sontes</span> <span class='ocrx_word' id='word_1_344' title='bbox 1639 4574 1805 4694; x_wconf 88' lang='lat' dir='ltr'>punire,</span> <span class='ocrx_word' id='word_1_345' title='bbox 1831 4601 1947 4690; x_wconf 86' lang='lat' dir='ltr'>turpe</span> 
     </span>
    </p>

    <p class='ocr_par' dir='ltr' id='par_1_26' title="bbox 493 4690 1959 4931">
     <span class='ocr_line' id='line_1_37' title="bbox 493 4690 1946 4816; baseline -0.001 -34"><span class='ocrx_word' id='word_1_346' title='bbox 493 4719 562 4782; x_wconf 88' lang='lat' dir='ltr'>aut</span> <span class='ocrx_word' id='word_1_347' title='bbox 585 4690 756 4810; x_wconf 87' lang='lat' dir='ltr'>religioni</span> <span class='ocrx_word' id='word_1_348' title='bbox 782 4692 999 4782; x_wconf 85' lang='lat' dir='ltr'>habendum</span> <span class='ocrx_word' id='word_1_349' title='bbox 1027 4726 1105 4787; x_wconf 85' lang='lat' dir='ltr'>esse</span> <span class='ocrx_word' id='word_1_350' title='bbox 1137 4700 1309 4816; x_wconf 91' lang='lat' dir='ltr'>putabit:</span> <span class='ocrx_word' id='word_1_351' title='bbox 1339 4729 1421 4786; x_wconf 92' lang='lat' dir='ltr'>non</span> <span class='ocrx_word' id='word_1_352' title='bbox 1450 4697 1622 4814; x_wconf 88' lang='lat' dir='ltr'>denique</span> <span class='ocrx_word' id='word_1_353' title='bbox 1649 4693 1792 4812; x_wconf 89' lang='lat' dir='ltr'>pigebit</span> <span class='ocrx_word' id='word_1_354' title='bbox 1824 4721 1946 4800; x_wconf 87' lang='lat' dir='ltr'>eum,</span> 
     </span>
     <span class='ocr_line' id='line_1_38' title="bbox 496 4810 1959 4931; baseline -0.002 -29"><span class='ocrx_word' id='word_1_355' title='bbox 496 4811 760 4902; x_wconf 86' lang='lat' dir='ltr'>Abrahamum</span> <span class='ocrx_word' id='word_1_356' title='bbox 785 4812 910 4902; x_wconf 89' lang='lat' dir='ltr'>uirum</span> <span class='ocrx_word' id='word_1_357' title='bbox 935 4811 1074 4928; x_wconf 88' lang='lat' dir='ltr'>justum</span> <span class='ocrx_word' id='word_1_358' title='bbox 1098 4843 1137 4906; x_wconf 92' lang='lat' dir='ltr'>et</span> <span class='ocrx_word' id='word_1_359' title='bbox 1163 4819 1326 4905; x_wconf 87' lang='lat' dir='ltr'>amicum</span> <span class='ocrx_word' id='word_1_360' title='bbox 1349 4818 1423 4905; x_wconf 91' lang='lat' dir='ltr'>Dei</span> <span class='ocrx_word' id='word_1_361' title='bbox 1449 4839 1713 4931; x_wconf 89' lang='lat' dir='ltr'>nuncupatum</span> <span class='ocrx_word' id='word_1_362' title='bbox 1744 4810 1959 4917; x_wconf 73' lang='lat' dir='ltr'>enudari,</span> 
     </span>
    </p>

    <p class='ocr_par' dir='ltr' id='par_1_27' title="bbox 437 4930 1962 5138">
     <span class='ocr_line' id='line_1_39' title="bbox 437 4930 1962 5138; baseline -0.004 -118"><span class='ocrx_word' id='word_1_363' title='bbox 437 5019 445 5032; x_wconf 84' lang='grc'><em>,</em></span> <span class='ocrx_word' id='word_1_364' title='bbox 497 4931 569 5050; x_wconf 84' lang='lat' dir='ltr'>qui</span> <span class='ocrx_word' id='word_1_365' title='bbox 595 4930 721 5052; x_wconf 89' lang='lat' dir='ltr'>legem</span> <span class='ocrx_word' id='word_1_366' title='bbox 749 4956 906 5028; x_wconf 76' lang='lat' dir='ltr'>nunnae</span> <span class='ocrx_word' id='word_1_367' title='bbox 929 4959 1078 5029; x_wconf 77' lang='lat' dir='ltr'>secunus</span> <span class='ocrx_word' id='word_1_368' title='bbox 1094 4998 1108 5051; x_wconf 90' lang='lat'>,</span> <span class='ocrx_word' id='word_1_369' title='bbox 1124 4935 1247 5026; x_wconf 79' lang='lat' dir='ltr'>mdtis</span> <span class='ocrx_word' id='word_1_370' title='bbox 1279 4936 1408 5029; x_wconf 82' lang='lat' dir='ltr'>scolis</span> <span class='ocrx_word' id='word_1_371' title='bbox 1433 4960 1522 5027; x_wconf 87' lang='lat' dir='ltr'>aute</span> <span class='ocrx_word' id='word_1_372' title='bbox 1551 4935 1703 5056; x_wconf 82' lang='lat' dir='ltr'>scriptas</span> <span class='ocrx_word' id='word_1_373' title='bbox 1731 4931 1836 5053; x_wconf 88' lang='lat' dir='ltr'>leges</span> <span class='ocrx_word' id='word_1_374' title='bbox 1844 4934 1962 5138; x_wconf 81' lang='lat' dir='ltr'>bHe·</span> 
     </span>
    </p>

    <p class='ocr_par' dir='ltr' id='par_1_28' title="bbox 738 5075 1964 5138">
     <span class='ocr_line' id='line_1_40' title="bbox 738 5075 1964 5138; baseline -0.002 -27"><span class='ocrx_word' id='word_1_375' title='bbox 738 5102 744 5111; x_wconf 88' lang='lat'>.</span> <span class='ocrx_word' id='word_1_376' title='bbox 1049 5079 1051 5083; x_wconf 82' lang='lat'>&#39;</span> <span class='ocrx_word' id='word_1_377' title='bbox 1875 5075 1964 5138; x_wconf 66' lang='lat' dir='ltr'>ne.</span> 
     </span>
    </p>
   </div>
   <div class='ocr_carea' id='block_1_4' title="bbox 0 0 2046 5858">
    <p class='ocr_par' dir='ltr' id='par_1_29' title="bbox 0 0 2046 5858">
     <span class='ocr_line' id='line_1_41' title="bbox 0 0 2046 5858; baseline 0 0"><span class='ocrx_word' id='word_1_378' title='bbox 0 0 2046 5858; x_wconf 95' lang='lat' dir='ltr'> </span> 
     </span>
    </p>
   </div>
  </div>
 </body>
</html>
