4050 5858
700 363 888 436 arnna
934 364 964 430 1
1060 335 1062 337 ’
1459 383 1530 456 233

109 495 297 586 chabaeos
327 518 484 580 narras
476 495 498 553 ’
516 489 683 605 Judaeos
698 485 896 591 homines,
921 511 960 573 et
984 453 1189 574 memoriae
1217 511 1475 604 ριινιιιιιιιι.
1507 495 1557 580 de

103 613 318 701 Christianis
338 612 554 748 quaerimus
570 669 583 713 ,
600 631 641 693 et
654 604 738 722 lege
759 548 950 692 utentihus
964 608 1207 723 evangelica,
1224 636 1306 694 non
1320 609 1369 695 de
1383 611 1553 697 Hebrae

101 729 131 815 is
144 761 279 848 ,quos
307 735 441 816 scimus
471 724 780 846 sanguinolentos
806 722 941 830 fuisse,
978 748 1019 810 et
1049 726 1185 841 quibus
1216 755 1304 812 cum
1335 728 1551 816 Christianis

97 794 188 933 nihil
216 849 337 937 estin
363 850 435 934 hac
463 872 570 961 parte
597 871 822 929 commune.
874 847 972 927 Data.
1002 844 1327 931 Christianorum
1318 847 1431 962 rgitur
1445 854 1551 934 Deus

97 964 189 1065 alter
217 993 273 1055 est
300 994 346 1051 ac
371 967 625 1099 Judaeorum
665 967 777 1045 Lem.
808 965 936 1046 Deum
962 961 1120 1095 quidem
1147 991 1269 1048 unum
1300 992 1404 1070 esse,
1429 991 1545 1082 atque

95 1086 277 1171 eumdem
302 1084 476 1170 omnium
511 1081 679 1198 gentium
710 1084 913 1199 rerumque
937 1078 1111 1164 omnium
1144 1082 1382 1167 conditorem
1414 1107 1454 1168 et
1475 1116 1547 1201 gu·

94 1199 337 1288 bernatorem
370 1199 617 1346 profitemur,
639 1224 729 1280 nam
746 1202 842 1280 idem
859 1200 1024 1281 dominus
1039 1206 1224 1304 omnium,
1241 1223 1285 1285 ut
1312 1199 1436 1316 inquit
1450 1205 1544 1288 Pau·
1559 1240 1684 1292 «arm,
1653 1257 1735 1297 ..t

91 1316 182 1423 lus,
208 1335 248 1403 et
277 1325 390 1404 dives
417 1329 459 1402 ιιι
479 1344 631 1420 omnes,
658 1321 723 1421 qui
748 1322 925 1399 invocant
953 1321 1082 1400 illrum
1112 1317 1178 1419 sed
1203 1344 1402 1434 praecepta
1428 1343 1469 1404 et
1492 1320 1543 1407 le·

92 1466 162 1553 ges
188 1437 275 1523 alias
299 1438 372 1523 ιιι
401 1438 508 1524 datas
533 1465 611 1522 esse
634 1460 752 1519 nemo
775 1433 948 1568 ignorat
983 1437 1116 1551 ltaque
1144 1436 1297 1546 Judaeis
1323 1466 1390 1549 per
1418 1435 1541 1554 legem

93 1553 308 1670 belligerare
331 1554 495 1660 licebat,
511 1550 725 1639 Christianis
738 1578 820 1637 non
834 1551 925 1636 item
940 1548 1045 1637 licet.
1073 1552 1181 1687 Quid
1196 1579 1252 1640 est
1267 1555 1367 1640 enim
1380 1584 1541 1670 ,quam-

95 1671 229 1757 ohrem
260 1701 431 1789 pugnare
464 1672 632 1774 debeat,
661 1668 729 1783 qui
759 1668 928 1755 violento
953 1695 1034 1754 non
1065 1671 1258 1778 resistere,
1293 1674 1358 1760 sed
1388 1673 1540 1762 dextera

90 1817 191 1904 gena
215 1790 382 1904 colapho
410 1812 597 1904 accepto,
627 1783 781 1869 alteram
808 1787 1041 1873 caedendam
1067 1817 1283 1904 exponere,
1306 1813 1345 1877 et
1369 1790 1596 1877 tunicam
1550 1809 1596 1856 a
1596 1810 1675 1867 aas·
1713 1801 1717 1807 ’

91 1905 251 2019 spoliare
276 1906 432 1994 conanti
459 1906 611 2022 pallium
637 1902 749 1988 etiam
775 1901 940 2009 dedere,
956 1904 1044 1990 ab
1033 1934 1044 1989 ι
1045 1936 1116 2019 pso
1146 1907 1298 1993 Christo
1319 1908 1469 2022 jubetur
1484 1920 1615 2035 iam

90 2051 279 2138 quocum
307 2029 438 2110 Petrus
464 2020 758 2160 reprehensus·
732 2045 806 2127 stt,
830 2020 940 2157 quod
960 2024 1171 2110 adversus
1161 2025 1360 2140 impioset
1320 1982 1604 2114 cartelera-'‘⁴''

89 2163 150 2226 tos
179 2169 252 2254 pro
281 2141 585 2228 innocentissimo
601 2138 801 2226 Domino
801 2139 957 2226 strinxit
970 2137 1135 2228 ferrum:
1136 2173 1260 2279 quae
1290 2144 1428 2258 poterit
1455 2174 1533 2232 esse
1657 2255 1659 2259 Δ

88 2260 199 2343 causa
214 2259 401 2373 posthac,
417 2284 462 2347 ut
497 2258 618 2346 homo
640 2256 905 2344 Christianus
896 2258 1067 2370 mjuriam
1096 2259 1227 2371 injuria
1253 2261 1432 2375 repellat,
1448 2264 1533 2378 qui,

89 2402 141 2460 ne
162 2375 326 2511 pluribus
340 2407 487 2494 agam,
482 2407 576 2463 suos
599 2376 725 2461 hostes
739 2374 852 2460 etiam
869 2376 1020 2491 diligere
1035 2377 1275 2492 praecipitur?
1304 2384 1403 2462 Dm
1422 2381 1530 2466 Chri·
1541 2401 1707 2518 pertimeo

90 2516 169 2577 stus
199 2492 307 2629 igitur
334 2520 500 2582 veterem
512 2493 747 2607 Judaeorum
770 2490 893 2607 legem
922 2491 1156 2599 abolevisse,
1180 2520 1220 2581 et
1247 2521 1446 2610 praecepta
1462 2471 1663 2633 mihis
1558 2534 1662 2575 nnnnnnn
1665 2481 1708 2578 ‘ui

89 2608 182 2695 data
206 2613 352 2724 penitus
377 2613 588 2727 antiquasse
613 2610 681 2696 tibi
707 2609 884 2696 videtur!
919 2615 1031 2694 Laos.
1059 2555 1156 2696 Nori
1176 2612 1266 2697 mihi
1290 2612 1548 2745 quidem
1467 2645 1570 2746 so-aut
1561 2587 1752 2709 ahili&

92 2724 195 2832 lum,
211 2727 276 2814 sed
292 2758 380 2817 cum
395 2729 471 2815 aliis
486 2728 690 2845 plerisque,
705 2749 789 2811 tum
805 2726 918 2812 eriam
933 2728 1052 2813 Paulo
1064 2728 1159 2844 ,qui
1179 2729 1218 2815 in
1237 2728 1410 2844 epistola,
1455 2761 1526 2821 uae

87 2869 144 2931 est
168 2846 219 2932 ad
234 2848 414 2955 Galatas,
428 2762 518 2932 nihil
544 2845 646 2932 aliud
666 2845 945 2979 propemodum
1031 2869 1047 2931 t
1058 2875 1205 2961 ,quam
1221 2872 1266 2933 ut
1286 2708 1600 2966 veterisiegism

84 2911 414 3050 observationem,
418 2963 673 3096 ιιιιιιιιιοιιιιι
681 2961 821 3095 etiam,
839 2990 920 3047 non
945 2992 989 3046 so
1003 2994 1067 3047 um
1092 2963 1259 3050 mutilem
1288 2992 1367 3050 esse
1390 2964 1527 3054 doceat

74 3077 324 3167 Christiano:
350 3085 419 3166 Ex
444 3085 647 3191 operibus,
663 3078 812 3219 inquit,
828 3085 925 3188 legis
944 3106 1012 3165 non
1030 3080 1269 3190 justificatur
1284 3090 1400 3166 omnis
1414 3111 1525 3173 caro:
1538 3106 1649 3161 ·ιισοι
1665 3122 1690 3158 2·

85 3219 126 3281 ιι
138 3198 254 3311 paulo
269 3224 383 3333 post:
418 3200 468 3282 Si
478 3219 552 3309 prr
566 3205 682 3308 legem
700 3201 885 3307 justitia,
904 3224 994 3307 ergo
1012 3207 1142 3306 gratis
1156 3198 1337 3284 Christus
1360 3218 1526 3289 mortuas

86 3329 169 3399 est
197 3317 379 3402 etitem:
412 3317 647 3426 ,Quicumque
678 3341 729 3399 est
760 3317 935 3449 operilfas
965 3321 1060 3424 legis
1091 3331 1207 3422 sunt,
1237 3319 1307 3400 sub
1332 3325 1527 3406 maledicto

83 3448 182 3516 sant.
217 3439 321 3520 Tota
336 3433 500 3549 denique
523 3431 678 3548 epistola
704 3431 780 3516 huc
795 3431 954 3546 pertinet
970 3491 985 3538 ,
1001 3456 1045 3517 ut
1059 3431 1133 3523 lex
1142 3432 1202 3520 illa
1217 3463 1324 3552 ,qua
1347 3436 1523 3558 utebatur

84 3547 245 3661 populus
264 3551 525 3665 Judaeorum,
548 3551 688 3636 abolita
718 3578 795 3634 esse
818 3549 1067 3665 intelligatur.

143 3666 243 3750 Vlll.
301 3675 402 3755 Dru.
417 3675 482 3754 Tu
506 3698 600 3758 vero
617 3729 629 3771 ,
647 3665 871 3781 leopolde,
888 3668 962 3752 utri
988 3667 1113 3782 potius
1128 3667 1359 3755 credendum
1381 3694 1521 3776 censes,

83 3780 254 3868 Christi
244 3786 353 3900 ipsius
376 3787 611 3922 evangelicae
634 3782 880 3900 professioni,
896 3813 946 3868 an
961 3784 1065 3870 Pauli
1081 3846 1093 3891 ,
1109 3816 1138 3871 ιι
1126 3785 1371 3920 quidquam
1398 3787 1448 3871 ab
1472 3816 1522 3875 eo

83 3895 291 4017 discrepare
316 3904 487 3991 videatur
503 3966 515 4010 ,
531 3902 716 4019 epistolari
732 3902 949 3988 doctrinae?
977 3909 1090 3988 Laos.
1115 3904 1252 3989 Christi
1281 3903 1405 4016 potius
1432 3931 1522 3991 ver·

82 4016 162 4102 bis:
153 4025 286 4107 ·Deus
307 4021 408 4109 enim
436 4045 519 4128 est,
524 4021 574 4106 in
590 4051 705 4137 quem
727 4048 798 4106 nec
823 4047 926 4105 error
952 4045 1078 4135 potest
1106 4049 1180 4106 nec
1197 4020 1342 4108 vanitas
1371 4020 1519 4128 cadere,

81 4162 111 4218 ιι
99 4132 288 4223 Paulus
285 4170 308 4224 a
333 4139 486 4226 Christo
513 4139 729 4226 dissentiat:
748 4138 814 4224 sed
841 4138 1028 4225 dissentire
1055 4165 1136 4222 non
1162 4161 1315 4273 potest,
1334 4137 1435 4223 idem
1464 4163 1521 4228 est

82 4247 182 4335 enim
197 4256 347 4368 Spiritus
363 4281 511 4344 sanctus
528 4316 542 4363 ,
557 4287 624 4373 ιιιιι
612 4254 838 4372 loquitur
828 4285 869 4339 m
893 4284 1082 4372 utroque:
1096 4256 1219 4340 immo
1231 4279 1270 4340 et
1292 4255 1369 4368 ipse
1383 4254 1520 4341 Paulus

79 4367 304 4456 Christum
295 4405 333 4458 ιιι
357 4404 397 4460 se
423 4375 570 4491 loquip
571 4372 740 4461 rolitetur
765 4374 820 4459 his
847 4374 995 4460 verbis:
1020 4373 1087 4456 An
1102 4380 1392 4482 experimentum
1409 4397 1557 4480 quae·
1535 4393 1664 4446 uva
1671 4404 1711 4455 o·
1835 4420 1837 4428 ι

77 4493 170 4568 ritis
196 4492 306 4597 ejus,
323 4501 386 4598 qui
412 4502 452 4576 in
483 4492 727 4601 maloquitrtr'
748 4492 951 4576 Christus?
997 4495 1097 4574 Dan
1127 4494 1181 4577 At
1212 4489 1418 4577 Christus
1408 4511 1520 4579 ιιιι·

75 4606 279 4720 vangelio:
304 4611 393 4694 Noa
406 4620 494 4695 verri
510 4610 691 4726 in,quit,
708 4616 824 4719 legem
853 4616 998 4693 solvere
1026 4621 1092 4692 aut
1114 4611 1349 4719 prophetas,
1366 4612 1437 4691 sed
1451 4611 1518 4693 ad·
1531 4662 1622 4712 m„
1636 4671 1660 4720 ,

73 4727 247 4830 implere
280 4733 392 4814 Laor.
418 4729 504 4815 At
496 4752 564 4813 rsta
586 4723 767 4842 professio
784 4726 922 4813 Christi
951 4755 1033 4813 non
1062 4750 1214 4813 tantum
1240 4754 1323 4810 non
1338 4724 1522 4860 discrepat

19 4915 23 4921 .
73 4867 99 4923 a
129 4837 301 4929 doctrina
333 4846 468 4957 Pauli,
492 4847 559 4939 sed
591 4874 679 4935 cum
710 4845 789 4964 ipsa
819 4843 993 4963 congruit
1021 4845 1134 4934 etiam
1162 4843 1214 4930 ad
1244 4842 1448 4930 amussim.
1479 4850 1524 4931 ιι

131 4959 240 5046 Tom-
264 4961 331 5052 W.
805 4966 875 5080 Gg
1461 4991 1526 5050 ve·
