4192 5880
476 390 616 466 sao.
652 381 1059 462 nnnonrrorrr
1089 388 1200 462 nra
1236 392 1316 463 111.
1539 392 1584 483 ,ι

157 507 455 653 prehenditur
418 540 587 602 vrrorum
611 508 906 639 mulierumque,
922 508 989 624 qui
1016 538 1149 598 omnes
1174 512 1314 650 ingenti
1333 542 1433 631 rogo
1446 518 1605 604 combu

159 633 202 720 sti
220 634 314 721 tanti
340 629 509 719 facinoris
536 659 679 748 poenas
694 629 855 728 dedere,
880 652 919 716 et
935 628 1199 743 presbyteros,
1215 631 1282 746 qui
1309 663 1445 749 parum
1465 634 1609 773 flagitiis

157 751 313 841 istorum
343 749 524 839 obstitisse
541 747 892 882 comperiebantur,
902 747 1152 865 dignitatibus
1167 777 1212 838 ac
1228 752 1495 861 sacerdotiis
1464 783 1515 840 ers
1543 758 1605 842 ab·

155 872 334 992 rogatis
312 935 332 986 ,
341 867 557 961 muneribus
571 866 780 1038 ,siquibus
795 864 943 980 publice
972 861 1255 1051 iungebantur,
1252 899 1345 956 sese
1339 875 1576 1073 cogebat
1545 876 1607 1072 ab

155 989 291 1082 dicare.
391 1060 393 1065 .
1629 1016 1632 1020 *

160 1113 302 1200 VII.
362 1106 432 1196 Has
450 1109 560 1194 rebus
584 1106 715 1224 gestis,
733 1070 913 1221 Aegidius
926 1132 1014 1191 cum
1033 1105 1073 1189 in
1091 1046 1353 1196 Fbmrmam't
1324 1138 1336 1194 ι
1336 1120 1402 1196 ιιι
1401 1112 1608 1199 'convenire

156 1195 236 1336 ιιι,
256 1226 392 1317 obvios
417 1227 549 1315 habuit
573 1226 717 1360 legatos
747 1225 933 1336 aJoanne
949 1223 1117 1340 Olegio,
1136 1225 1332 1313 bononiae
1364 1228 1403 1315 id
1431 1232 1607 1344 temporis

156 1344 419 1480 imperitante
432 1345 531 1443 Qui
550 1373 650 1433 cum
669 1342 774 1429 initio
797 1342 885 1427 huic
909 1341 991 1428 urbi
1022 1345 1289 1435 aBarnabove
1312 1329 1440 1435 fuisset
1465 1345 1608 1463 praefers

156 1489 263 1599 crus
254 1526 266 1569 ,
280 1465 457 1598 quaesita
470 1462 585 1578 paulo
602 1487 689 1578 post
698 1488 834 1565 causa,
852 1459 1123 1549 Vlcecomitis
1106 1476 1295 1576 imperata
1314 1474 1495 1580 spernere
1518 1494 1613 1553 coe

156 1582 237 1697 pit:
256 1612 301 1669 ac
315 1581 502 1671 civitatem
519 1611 589 1669 suo
605 1580 786 1667 arbitratu
811 1606 958 1694 suoque
984 1577 1158 1669 nomine
1165 1610 1264 1669 non
1280 1607 1370 1668 tam
1377 1585 1612 1681 ιιιοιιιιιιιι

156 1723 219 1786 tur
235 1759 250 1807 ,
251 1731 383 1818 quarn
408 1700 622 1817 diripiebat.
650 1699 750 1783 Hic
741 1697 853 1832 rgitur
877 1697 976 1784 bello
993 1727 1015 1781 a
1032 1699 1259 1787 Barnabove
1271 1724 1454 1817 agitatus,
1459 1703 1520 1790 ad
1534 1696 1608 1806 lle-J
1730 1748 1732 1752 2

156 1819 301 1954 gidium
317 1819 534 1933 hujusmodi
557 1817 784 1952 legationem
798 1815 972 1902 mittit:
930 1876 983 1920 „
997 1816 1210 1903 Bononiam
1229 1848 1267 1903 se
1289 1849 1377 1904 cum
1381 1848 1539 1954 magno
1558 1823 1609 1908 ci
1622 1840 1757 1972 lpqonb
1752 1841 1800 1891 Ae·

155 1997 183 2043 „
196 1937 302 2024 vium
326 1967 510 2025 consensu
536 1935 646 2072 ipsius
675 1933 851 2049 potestati
882 1933 1169 2047 permissurum,
1186 1936 1306 2023 modo
1334 1935 1408 2022 suis
1436 1915 1636 2026 militibus
1627 1964 1720 2022 runo
1721 1916 1757 2012 it
1759 1915 1800 1951 ‘¹¹²

158 2113 186 2162 „
201 2057 394 2173 superioris
408 2055 591 2192 temporis·
601 2051 811 2141 mercedem
825 2080 1039 2143 numeraret
1056 2114 1067 2157 ,
1085 2082 1185 2167 quae
1200 2086 1347 2140 summa
1363 2054 1448 2142 satis
1469 2088 1608 2174 magna

155 2228 189 2279 ,,
198 2200 279 2262 erat
291 2205 438 2292 ,seque
456 2175 522 2267 uni
535 2173 693 2288 cuime
709 2170 834 2257 Piceni
861 2170 1000 2263 civitan
990 2170 1257 2286 praeficeret:
1275 2175 1383 2287 quod
1417 2202 1456 2259 se
1482 2173 1610 2265 facero

153 2350 183 2399 „
197 2237 346 2382 dicebat
361 2293 593 2380 Barnabovis
612 2289 850 2408 tyrannidem
882 2314 1114 2403 pertaesum,
1140 2315 1180 2375 et
1205 2292 1508 2378 Bononiensis
1477 2295 1603 2383 crvita·
1633 2334 1635 2337 ·

157 2411 243 2517 „tis
260 2413 505 2499 misericordia
525 2435 690 2514 tactum,
706 2438 806 2524 quae
829 2406 947 2493 multa
964 2407 1118 2524 indigna
1140 2437 1354 2542 magnaque
1386 2411 1611 2503 detrimenta

155 2587 184 2633 ‚,
197 2532 350 2617 avaritia
371 2556 488 2648 atque
505 2529 744 2644 improbitate
763 2525 1024 2631 Barnabovis',
1050 2555 1089 2612 se
1116 2525 1259 2633 inviro,
1275 2525 1469 2642 perferret.
1504 2535 1610 2620 Tum
1743 2556 1749 2561 ”

157 2649 311 2754 „etiam
330 2650 466 2736 adduci
481 2678 520 2735 se
552 2647 731 2782 religione
761 2669 800 2730 et
815 2642 968 2749 studio,
982 2672 1081 2758 quo
1090 2643 1278 2739 ecclesiam
1297 2657 1605 2834 prosequeretur,
1816 2687 1822 2698 ’

156 2767 384 2882 „adquam
407 2768 485 2882 jure
501 2767 713 2854 bononiam
727 2762 910 2878 pertinere
923 2791 1013 2847 non
1029 2763 1290 2878 ignoraret..
1240 2772 1266 2816 “

219 2887 318 2972 VIII.
377 2883 741 3000 Auditalegatione,
757 2880 963 2998 Aegidius‚
978 2908 1028 2965 ne
1041 2880 1134 3015 quid
1148 2880 1211 2969 vel
1229 2817 1372 2998 cupide
1379 2882 1485 2970 vel
1475 2855 1609 2999 rnjust'e
1719 2877 1739 2956 i,
1759 2871 1761 2875 ’

155 2958 282 3088 Iecisse
312 3004 525 3109 videretur,
543 3032 621 3088 non
652 3000 800 3116 putavit
822 2998 1061 3114 quidquam
1052 3029 1190 3135 rnpussu
1219 2999 1407 3088 Pontificis
1431 3002 1498 3089 sibi
1528 3032 1609 3093 esse

155 3122 397 3208 conandum.
431 3129 533 3209 Nam
547 3121 616 3206 etsi
639 3119 769 3223 sciret,
788 3118 1001 3203 Bononiam
1017 3146 1094 3203 esse
1110 3116 1197 3231 juris
1215 3120 1460 3227 ecclesiastici,
1478 3147 1609 3213 tamen

156 3240 362 3351 quominus
392 3263 653 3356 repeteretur,
685 3236 859 3324 obstabat
889 3232 1023 3321 foedus
1054 3265 1134 3320 non
1166 3236 1310 3349 pridem
1336 3235 1520 3326 factum
1511 3266 1608 3333 mter

156 3355 393 3444 Clementem
407 3361 475 3453 VI.
492 3381 531 3444 et
544 3357 732 3491 Joannem
746 3353 1077 3467 Archiepiscopum
1095 3353 1203 3439 simul
1223 3378 1273 3491 qt
1295 3357 1502 3472 Principem
1519 3362 1607 3451 Me·

156 3471 431 3563 diolanensem.
462 3481 565 3565 Cum
582 3474 681 3561 enim
701 3472 949 3587 superioribus
978 3471 1108 3558 diebus
1124 3473 1298 3558 Bononia
1325 3476 1377 3560 ab
1391 3475 1541 3563 ecclesia
1555 3477 1606 3566 ad
1620 3503 1674 3611 Qu·
1698 3502 1797 3554 tattone

158 3588 259 3687 hunc
272 3596 462 3708 Joannem
488 3591 679 3682 defecisset
693 3653 705 3697 ,
721 3591 895 3677 Clemens
920 3592 989 3685 VI.
1002 3591 1070 3705 qui
1101 3614 1195 3677 tunc
1219 3619 1342 3677 retum
1369 3565 1638 3709 ροιίιιιιιιιι,Β
1620 3578 1691 3673 dl}
1690 3577 1748 3673 oin
1720 3565 1798 3674 ³22⁴

1620 3694 1660 3733 ίθδ
1681 3684 1796 3736 devenit.

157 3708 269 3797 misso
298 3715 336 3799 in
361 3714 504 3800 Italiam
530 3736 709 3817 oratore,
724 3708 979 3806 Florentinos
983 3734 1022 3795 et
1038 3709 1248 3797 Mastinurn
1279 3709 1455 3798 Scalam
1444 3743 1485 3800 ur
1511 3717 1605 3805 Mc·

154 3826 642 3919 diolanensemconcitavit.
1001 3895 1003 3900 ·

213 3952 283 4041 IX.
338 3958 397 4038 At
412 3975 568 4037 mortuo
586 3923 756 4034 Mastino
769 4009 782 4054 ‚
794 3974 862 4062 qur
849 3862 1154 4035 Vicecomitum
1171 3921 1514 4038 Mediolanensium
1538 3970 1605 4043 co'·

152 4067 364 4155 natibus
328 4071 485 4156 mmium
505 4067 680 4157 obstabat
692 4068 917 4180 ,Joannes,
932 4091 1083 4180 captata
1114 4067 1273 4153 amicitia
1299 4067 1408 4182 hujus
1424 4066 1487 4157 filii
1506 4074 1602 4189 ‚qui

153 4210 300 4295 patrem
324 4190 479 4274 nomine
499 4216 607 4274 tenus
623 4129 805 4271 refdrebat
820 4185 938 4268 Canis
954 4186 1124 4270 Grandis
1140 4186 1344 4301 appellatus
1359 4248 1372 4294 ‚
1387 4217 1520 4276 omnes
1533 4193 1605 4281 Gi

154 4301 289 4389 bilinae
311 4303 481 4392 factionis
509 4305 720 4391 homines
711 4334 750 4389 ιιι
770 4303 947 4389 Flammia
972 4327 1012 4389 et
1027 4310 1078 4389 Et
1063 4304 1177 4389 truria
1199 4332 1288 4391 cunr
1302 4335 1352 4393 co
1371 4305 1422 4394 ad
1438 4336 1604 4396 suama-

153 4419 331 4506 micitiam
351 4426 643 4561 societatemque
667 4421 858 4509 traduxit:
874 4449 919 4506 ac
946 4421 1058 4511 misso
1074 4423 1298 4512 Barnabove
1320 4453 1368 4511 cx
1394 4421 1508 4514 fratre
1531 4457 1602 4516 ne-

153 4566 247 4675 pote
263 4543 500 4627 Bononiam
496 4544 590 4658 ,qui
614 4571 702 4626 cunr
717 4570 860 4658 magno
878 4539 1062 4653 pracsidio
1075 4539 1310 4655 oppidanos
1300 4573 1339 4627 rn
1354 4536 1485 4630 officio
1512 4573 1604 4632 con

154 4659 287 4746 cineret
303 4659 572 4772 ,recipiendae
591 4659 694 4744 urbis
722 4655 895 4743 Pontifici
922 4687 1024 4770 spem
1051 4657 1212 4744 multum
1243 4661 1404 4748 ademit.
1437 4662 1603 4774 Joannea

154 4806 246 4865 veto
286 4808 373 4862 cum
407 4805 572 4862 successu
604 4806 729 4861 rerum
760 4775 992 4862 florentinos
1030 4775 1131 4861 bello
1161 4778 1333 4892 persequi
1362 4782 1602 4892 perrexisset,

155 4894 257 5011 ipsi,
281 4895 462 5069 adjunctis
491 4895 559 5047 sibi
592 4894 813 4981 Senensibus
851 4899 891 4982 ct
907 4892 1068 4982 Aretinis
1094 4895 1374 5012 Perusinisque,
1393 4897 1603 4988 VicecomI·

1050 5014 1134 5097 H2
1219 5014 1221 5018 ⁴
1520 5042 1604 5109 tum
