4140 5872
412 433 480 508 134
545 366 587 483 '‚
643 397 1588 500 toamncrnastrsrrnnvrnrn
1647 435 1650 441 ,

192 543 369 666 cssffluffgj
382 535 679 625 commodorum
703 556 831 618 autem
852 525 1165 640 consequentium
1182 554 1303 613 unum
1318 552 1402 635 est,
1429 529 1538 646 quod
1561 559 1607 616 ex
1623 531 1842 624 ambitione

383 657 676 772 competitorum
698 645 802 734 facilc
827 644 1040 761 largitiones
1063 646 1240 732 exsisnmt
1256 707 1269 753 ,
1284 675 1384 762 quae
1401 650 1562 764 primum
1579 651 1776 738 avaritiam
1794 655 1843 742 in

384 777 602 879 civitatem,
620 795 762 886 pestem
787 764 921 850 scilicet
943 763 1145 849 maximam
1168 765 1378 871 inducunt,
1402 796 1547 883 semper
1571 770 1673 855 enim
1693 770 1836 857 suffra-

382 919 534 1012 gatores
549 895 599 979 ad
625 885 881 1003 accipiendum
898 883 1101 997 paratiores
1125 881 1222 970 liunt
1239 913 1251 987 3
1269 885 1406 972 deinde
1420 887 1641 974 candidatos
1655 890 1754 1004 ipsos
1769 922 1835 980 ex·

382 1014 588 1118 hauriunt,
616 1033 683 1096 aut
712 1004 826 1093 etiam
850 1001 1015 1088 maximo
1039 1029 1126 1089 aere
1151 1002 1275 1089 alieno
1308 1018 1498 1122 gravant,
1514 1007 1565 1093 ad
1592 1036 1687 1123 quas
1704 1010 1832 1122 jactu·

381 1159 442 1218 ras
464 1130 700 1235 sarciendas,
727 1124 794 1240 qui
817 1121 939 1237 pretio
969 1121 1126 1227 vicerit,
1152 1122 1302 1240 cogitur
1326 1124 1426 1211 idem
1457 1149 1563 1212 emto
1591 1125 1749 1243 imperio
1769 1131 1837 1220 ad

383 1277 584 1367 quaestum
612 1276 678 1363 per
708 1243 913 1329 multorum
935 1239 1106 1353 injuriam
1131 1266 1172 1328 ct
1200 1242 1448 1356 direptionem
1479 1243 1607 1331 abuti.

209 1426 322 1474 „emm
335 1414 373 1464 5,
456 1373 565 1455 XlX.
626 1364 798 1452 Alterum
828 1359 1119 1448 incommodum
1148 1360 1236 1446 huic
1260 1361 1474 1477 proximum
1498 1389 1584 1472 est,
1613 1367 1836 1482 quodlicet

194 1482 365 1535 ⁶⁰⁸¹¹¹¹⁰⁶¹¹¹¹¹·
383 1487 508 1574 nullae
523 1484 736 1602 largitiones
751 1478 1012 1565 antecesserint
1027 1540 1040 1584 ,
1058 1506 1150 1564 cura
1165 1503 1294 1566 tamen
1317 1483 1539 1596 posteritatis
1554 1544 1568 1589 ,
1583 1513 1631 1570 nc
1643 1484 1738 1571 filios
1754 1487 1834 1601 pri·

383 1633 495 1694 vatos
519 1628 777 1723 pauperesque
801 1596 1013 1711 relinquat,
1029 1597 1245 1709 hujusmodi
1260 1627 1389 1719 regem
1415 1627 1455 1688 et
1478 1602 1576 1719 ipsos
1604 1602 1736 1689 liberos
1763 1632 1834 1691 ex-

384 1725 522 1842 agitat.
549 1719 672 1821 Quod
695 1717 837 1805 malum
864 1714 1083 1828 injustarum
1111 1719 1350 1805 exactionum
1372 1718 1592 1826 ,interdum
1620 1722 1734 1807 etiam
1762 1745 1832 1837 ty·

222 1896 349 1952 mm„
381 1844 549 1930 rannidis
565 1842 675 1959 origo
691 1863 769 1925 cst.
789 1834 961 1920 Tertium
977 1897 990 1940 ,
1005 1836 1115 1952 quod
1134 1836 1174 1923 in
1190 1837 1321 1925 talium
1344 1867 1478 1957 regum
1496 1837 1619 1955 capita
1634 1839 1834 1955 conspira-

383 1992 426 2050 re
440 1961 607 2077 proclive
619 1986 676 2045 est
695 1986 708 2062 3
733 1982 835 2041 nunc
850 1953 1089 2070 popularium
1111 1957 1264 2046 avaritia
1283 1985 1476 2075 ,quorum
1493 1958 1649 2074 quidam
1674 1988 1762 2044 cum
1781 1987 1831 2045 se·

381 2080 462 2168 mel
484 2079 641 2193 jttstitiae
666 2074 946 2188 modestiaeque
960 2070 1053 2161 lines
1077 2073 1153 2160 hoc
1174 2076 1368 2194 ingenere
1395 2076 1632 2182 transierint,
1659 2072 1830 2192 suffragi·

387 2228 454 2283 um
470 2197 663 2313 fidemque
684 2193 855 2282 venalem
874 2192 1039 2278 habent:
1065 2220 1167 2279 nunc
1191 2194 1269 2309 ejus
1292 2193 1465 2312 flagitio,
1481 2191 1748 2313 quiregnum,
1764 2217 1832 2282 aut

381 2316 499 2403 etiam
530 2313 769 2433 tyrannidem
799 2338 983 2425 occupare
1011 2310 1182 2427 cogitat.
1213 2312 1327 2398 Plena
1352 2337 1409 2398 est
1439 2315 1568 2401 civitas
1599 2312 1830 2427 historiaque
1963 2390 1964 2393 a

384 2439 562 2522 Romana
577 2496 591 2541 ,
606 2461 705 2551 quae
719 2430 873 2547 quidem
890 2429 939 2514 dc
961 2457 1120 2543 regum,
1135 2429 1202 2546 qui
1219 2436 1464 2546 Imperatores
1477 2431 1718 2536 dicebantur,
1734 2452 1831 2515 tem·

380 2554 542 2669 poribus
566 2554 702 2668 scripta
723 2573 807 2655 est,
835 2544 1050 2657 huiusmodi
1080 2550 1266 2632 malorum
1290 2548 1483 2664 exemplis.
1511 2550 1574 2636 Ab
1592 2549 1701 2635 Aelio
1732 2548 1830 2633 enim

387 2671 605 2776 Pertinace,
627 2668 695 2786 qui
721 2664 956 2782 octogesimo
975 2663 1117 2779 imperii
1149 2666 1211 2750 die
1239 2695 1262 2749 a
1287 2666 1464 2752 militibus
1492 2667 1645 2780 Juliano
1674 2690 1830 2752 auctore

388 2815 543 2877 necatus
558 2812 643 2892 est,
664 2785 731 2902 qui
759 2785 896 2897 etipse
922 2780 1081 2894 septimo
1103 2782 1277 2897 occupati
1301 2784 1443 2899 imperii
1471 2814 1598 2871 mense
1614 2815 1638 2869 a
1652 2783 1831 2900 Septimio

382 2912 532 2995 Severo
559 2904 809 2992 obtruncatus
822 2898 918 3005 fuit,
940 2926 1060 3012 usque
1082 2899 1133 2984 ad
1157 2902 1433 2988 Numerianum
1448 2903 1536 2989 Cari
1550 2900 1696 3006 filium,
1713 2931 1832 2989 nona·

390 3026 496 3142 ginta
516 3026 657 3111 circiter
676 3049 864 3106 annorum
889 3016 1037 3132 spatio,
1061 3015 1194 3133 viginti
1208 3050 1330 3105 unum
1344 3026 1590 3135 Imperatores
1607 3083 1620 3126 ,
1648 3049 1739 3105 cum
1754 3049 1831 3106 me·

391 3142 551 3228 moriam
573 3166 791 3257 temporum
809 3137 959 3222 illorum
987 3132 1201 3248 replicarem
1215 3198 1227 3241 ,
1243 3139 1440 3225 numeravi
1455 3200 1467 3246 ,
1483 3164 1522 3224 et
1537 3137 1688 3245 nescio,
1702 3167 1754 3222 an
1769 3137 1831 3223 ali·

386 3289 508 3377 quem
519 3257 823 3377 praetermiserim
840 3314 853 3360 ,
869 3254 936 3370 qui
950 3281 1105 3338 suorum
1121 3253 1255 3340 insidiis
1271 3280 1311 3341 et
1332 3257 1607 3372 conspiratione
1622 3256 1834 3371 petierunt.

385 3448 387 3457 t
452 3383 542 3468 XX.
602 3375 747 3464 Confer
770 3400 873 3460 nunc
904 3401 1039 3488 regaun
1067 3371 1210 3456 horum
1234 3368 1412 3491 suffragio
1437 3373 1569 3489 populi
1600 3374 1835 3460 delectorum

207 3523 531 3598 retnrpmnstamm
557 3526 646 3583 cum
672 3495 927 3610 Hispanorum
945 3550 958 3594 ,
974 3488 1040 3605 qui
1054 3488 1134 3602 jure
1156 3489 1382 3593 hereditario
1413 3519 1461 3578 ex
1484 3492 1619 3579 cadem
1643 3489 1833 3607 Pelagida·

199 3600 286 3704 iiiiii
299 3586 379 3700 ilii}
392 3647 477 3706 rum
495 3617 634 3704 familia
655 3613 694 3699 in
709 3641 869 3729 regnum
893 3607 1383 3716 succedunt,conditione,
1400 3608 1834 3725 fortassenilrilpraeter·

199 3704 439 3823 “mmet
462 3737 513 3824 aa
540 3737 639 3821 nnc
669 3761 819 3818 nuum
844 3727 1119 3842 altinonam
1149 3728 1399 3815 tatanus.
1426 3728 1648 3844 mungens
1671 3727 1835 3844 qnas-

394 3856 502 3973 ginta
525 3854 665 3940 circiter
694 3848 909 3951 annisum,
934 3875 1022 3930 cum
1047 3873 1138 3963 rege
1160 3844 1354 3932 Roderico
1381 3875 1428 3932 ex
1450 3848 1692 3933 Gotthorum
1719 3870 1834 3963 gente

394 3974 536 4090 prasio
560 3971 710 4059 devicto
736 3993 853 4083 atque
875 3988 1038 4067 necato,
1066 3989 1105 4049 er
1129 3990 1153 4046 a
1180 3964 1342 4049 barbaris
1370 3963 1653 4051 Mahumetanis
1676 3961 1832 4050 exam·

392 4120 442 4179 ca
469 4117 509 4178 et
532 4089 671 4176 Arabia
701 4085 903 4204 Hispaniae
932 4081 1091 4167 maxima
1120 4109 1225 4197 parte
1246 4083 1384 4169 scelere
1410 4108 1451 4169 et
1476 4082 1613 4169 auxilio
1644 4111 1838 4218 quorum·

394 4211 487 4296 'dam
504 4235 719 4296 nostrorum
742 4227 955 4321 occupata,
986 4229 1147 4317 regnum
1167 4199 1325 4313 majores
1355 4201 1498 4307 nostri,
1514 4200 1581 4318 qui
1609 4228 1648 4286 se
1664 4229 1703 4285 m
1723 4204 1843 4286 Astu·-

192 4356 227 4437 311·
268 4357 290 4401 1
369 4329 469 4433 ,rias
483 4327 799 4441 Cantabriamque
814 4343 1055 4438 receperant,
1072 4320 1223 4438 Pelagio
1238 4319 1385 4408 Favilae
1400 4319 1626 4406 Cantabriae
1642 4318 1749 4405 ducis
1763 4316 1844 4405 filio

355 4550 357 4556 ἢ
400 4447 616 4534 detulerunt
631 4505 643 4551 ,
659 4472 784 4560 eoque
807 4443 965 4529 ductore
992 4438 1162 4526 amissam
1180 4439 1401 4558 Hrspaniam
1423 4440 1584 4557 recipere
1606 4463 1835 4553 coeperunt:

186 4602 190 4611 ·
398 4567 450 4651 ab
475 4593 721 4682 enprorsus,
745 4559 914 4677 quicum
942 4556 1066 4645 multis
1088 4558 1163 4646 aliis
1177 4562 1299 4677 regnis
1322 4588 1426 4646 nunc
1440 4589 1566 4647 rerum
1582 4557 1840 4674 Hispanarum

396 4685 543 4800 potitur
559 4747 571 4790 ,
587 4709 768 4800 perpetua
790 4678 957 4793 ejusdem
977 4674 1135 4766 familiae
1157 4680 1385 4771 successione
1409 4678 1715 4798 quadragesimus
1728 4701 1838 4793 quar·

387 4826 459 4888 nas
479 4828 727 4909 numeratur,
753 4828 824 4889 nec
847 4824 908 4887 tot
930 4797 1080 4938 saeculis
1106 4829 1242 4919 regum
1258 4799 1432 4887 omnium
1446 4800 1647 4918 quisquam
1658 4791 1727 4884 fuit
1744 4857 1756 4901 ,
1772 4793 1840 4911 qui

388 4953 553 5014 suorum
580 4920 854 5042 conspiratione
885 4945 926 5010 et
958 4919 1092 5011 insidis
1122 4944 1352 5031 necarem,
1384 4919 1454 5008 msi
1478 4917 1589 5041 quod
1617 4946 1666 5008 ex
1692 4913 1841 5123 tegitur

1771 5060 1845 5121 ror·
