4192 5880
458 374 593 449 Aac.
629 370 1037 450 nsuouuotrr
1072 373 1185 447 stu.
1214 373 1272 446 11.
1529 404 1578 476 4,

142 509 202 601 dit
219 539 230 597 τ
245 570 272 616 ,,
285 504 500 595 Abstineret
521 533 673 623 prorsus
698 532 722 587 a
756 528 914 621 pugna,
929 500 996 587 sed
1017 504 1210 619 occupatis
1246 505 1493 623 superioribus
1513 507 1602 600 locis
1615 529 1728 603 vultu
1747 543 1796 592 ae-

1616 592 1678 648 sulit
1712 600 1798 652 consi·
1923 643 1926 650 .

149 635 402 743 „Germanos
428 656 496 714 sua
520 621 726 743 praesentia
755 621 986 726 deterreret,
1003 643 1042 708 et
1063 618 1167 709 factis
1197 653 1333 740 prore
1360 653 1400 715 et
1432 653 1603 747 tempore
1617 654 1797 776 iiiam„

146 812 174 860 „
184 746 480 853 incursionibus,
507 743 656 862 longius
681 740 810 859 vagari
834 768 883 825 ne
910 762 1100 855 pateretur
1125 769 1274 859 :neque
1297 747 1398 832 enim
1426 777 1514 835 cum
1547 752 1603 839 lus
1619 786 1677 823 cum
1693 782 1798 858 utron-

142 928 170 976 „
188 897 267 955 esse
293 867 333 952 in
365 865 568 982 ancipitem.
590 890 786 982 pugnam,
802 858 870 945 nisi
898 860 1130 967 necessario,
1152 860 1455 952 descendendum
1469 897 1481 971 3
1496 870 1565 985 qui
1578 870 1608 956 si
1619 835 1798 957 iiiuuiinffl'

143 1044 174 1097 „
188 1011 441 1105 superentur,
464 983 653 1071 victorem·¹
666 978 838 1087 uullum,
854 1002 927 1065 aut
951 1003 1051 1065 certe
1078 979 1273 1066 minimum
1303 986 1633 1079 emolumentum'

142 1107 231 1215 „sit
255 1130 545 1192 consecuturum
556 1131 573 1207 3·
587 1102 641 1189 sin
657 1100 818 1187 victores
845 1096 1053 1205 evaserint,
1072 1098 1271 1185 maximam
1288 1100 1465 1214 jacturam
1479 1107 1551 1193 sint
1566 1109 1607 1193 il·

140 1283 170 1332 „
186 1224 322 1311 laturi
355 1222 477 1338 Atqui
496 1223 525 1310 si
539 1227 753 1308 Germanos
786 1215 1055 1323 devicerimus,
1075 1216 1292 1305 ulciscemur
1319 1222 1474 1338 quidem
1506 1224 1607 1345 flagi-

141 1403 172 1451 „
184 1347 309 1430 tiosos
321 1341 494 1429 homines
510 1373 519 1427 :
533 1341 600 1427 sed
612 1369 699 1455 post
709 1361 906 1426 cruentam
922 1336 1132 1446 victoriam,
1144 1339 1306 1425 exercitu
1321 1366 1452 1427 nostro
1478 1339 1608 1461 (quod

141 1519 173 1568 „
189 1460 345 1548 evenire·
354 1488 507 1548 necesse
520 1458 600 1576 est)
632 1458 805 1563 minuto,
824 1483 924 1574 quae
947 1454 1114 1572 oppida,
1137 1486 1235 1573 quos
1251 1458 1414 1573 populos
1434 1488 1607 1577 propter-

144 1637 173 1687 „
186 1607 231 1665 ea
258 1578 429 1666 ecciesiae
445 1641 457 1686 ‚
474 1608 556 1696 quo
582 1577 737 1664 nomine
756 1575 896 1662 bellum
911 1576 1098 1692 gerimus,
1114 1576 1351 1690 recipiemus?
1377 1584 1480 1664 Nam
1501 1583 1530 1665 si
1556 1583 1606 1668 ab

145 1755 174 1805 „
188 1696 276 1812 ipsis
288 1698 376 1785 victi
390 1727 550 1784 essemus
567 1695 807 1803 ,timendum
831 1717 947 1800 esset,
964 1722 1014 1778 ne
1036 1694 1165 1779 sumtis
1181 1721 1227 1780 ex
1240 1694 1452 1782 infirmitate
1479 1728 1606 1788 nostra

143 1874 171 1923 „
187 1840 236 1902 etr
251 1814 387 1932 spiritu
407 1816 622 1922 etvi'ribus,
640 1813 800 1927 jacentes
815 1812 967 1928 tyranni
982 1812 1229 1898 excitarentur
1245 1874 1258 1920 ,
1274 1838 1313 1900 et
1337 1813 1455 1934 longo
1477 1817 1606 1907 labore

143 1960 292 2051 „parta
316 1960 519 2023 momento
548 1932 727 2052 temporis
760 1931 1035 2020 amitterentur.
1071 1936 1118 2018 Se
1148 1955 1276 2018 tamen
1304 1934 1606 2050 supplementum

145 2055 387 2158 „missurum
414 2054 560 2160 scribit,
574 2076 619 2137 ut
637 2076 751 2139 aucto
786 2051 947 2138 exercitu
974 2048 1219 2137 multitudinis
1241 2075 1382 2138 terrore
1401 2055 1549 2142 hostem
1566 2088 1608 2143 a·

144 2230 171 2277 „
186 2197 332 2279 vertat,
358 2197 424 2259 aut
440 2173 468 2259 si
481 2200 656 2290 pugnaret
679 2167 794 2257 fuerit¹
806 2197 953 2255 necesse
966 2230 984 2275 ,
997 2198 1077 2255 non
1094 2169 1139 2255 sit
1161 2170 1315 2257 victoria
1342 2173 1564 2260 dubitabilis.
1577 2181 1604 2228 “

148 2293 262 2405 Tunc
277 2291 429 2377 evocati
443 2292 624 2407 praesidia
635 2292 766 2405 jubet,
783 2288 1037 2405 superioribus
1053 2288 1182 2374 diebus
1197 2317 1264 2401 per
1292 2290 1433 2404 oppida
1455 2293 1605 2409 disposi-

147 2430 188 2490 ta
208 2412 360 2524 :paucis
394 2410 609 2497 admodum
637 2411 692 2496 ad.
716 2407 860 2495 arcium
882 2408 1092 2494 custodiam
1120 2406 1249 2492 relictis
1264 2469 1276 2512 ,
1290 2436 1389 2523 quae
1420 2411 1607 2499 celerrime

144 2527 194 2613 ad
211 2528 385 2614 Blascum
411 2557 638 2641 pervenere..
677 2526 867 2643 Simulque
883 2525 1027 2643 legatos
1053 2525 1104 2610 ad
1120 2530 1333 2612 Germanos
1366 2528 1479 2615 mittit
1509 2562 1606 2618 con·

148 2671 329 2759 questum
341 2649 390 2734 de
405 2645 561 2734 fuedere
572 2645 722 2735 violato
732 2707 746 2753 ,-
760 2644 869 2762 quod
891 2672 1015 2730 secum
1032 2647 1293 2758 percussissent
1310 2679 1318 2730 :
1334 2646 1469 2760 quibus
1496 2680 1602 2735 man-

145 2763 238 2870 dat,
257 2765 381 2851 mInas:
405 2767 580 2881 precibus
608 2765 753 2853 addant
768 2826 785 2871 ‚,
798 2788 840 2851 et
852 2763 961 2852 omni
973 2764 1117 2851 ratione
1137 2765 1304 2849 nitantur
1332 2767 1385 2849 ab
1414 2795 1463 2852 eo
1485 2770 1606 2856 consi·

145 2878 196 2969 lio
216 2882 421 2971 deterreres
1645 2978 1646 2981 t

204 3004 336 3085 XXV.
391 3007 536 3088 Interea
567 3003 780 3089 franciscus
804 3002 1046 3116 Ordelaphus
1077 3025 1225 3115 arrepta
1249 3003 1471 3110 occasione,
1491 3007 1603 3120 quod
1646 3042 1793 3097 nrancrseus

142 3117 297 3205 videbat
313 3119 529 3206 Flaminiam·
547 3121 793 3208 ecclesiastico·
804 3121 917 3208 milite
933 3149 1092 3209 vacuam
1107 3182 1120 3226 ,
1136 3119 1263 3236 coepit
1278 3120 1515 3208 ecclesiastica
1534 3107 1792 3241 op·'3,lli¹⁸llll.

143 3237 230 3349 pida
253 3239 386 3324 crebris
413 3240 687 3327 incursionibus·
712 3238 912 3326 infestare.-
938 3242 1034 3336 Quo
1048 3239 1260 3343 intellecto,
1291 3241 1470 3356 Aegidius
1498 3243 1604 3356 jubet
1614 3230 1689 3279 W·

143 3351 347 3442 Alfonsum
364 3358 595 3444 Toletanum
617 3388 707 3444 cum·
720 3384 852 3444 coacta
863 3359 1131 3475 undecumque
1154 3386 1271 3442 manu
1287 3359 1437 3472 tyranni
1454 3361 1600 3448 violen-

143 3472 232 3556 tiam
258 3504 513 3591 compescere.
542 3476 760 3578 Malatestis-
779 3477 901 3563 scribit
916 3538 928 3583 ,
943 3501 1052 3590 pacta
1080 3475 1238 3562 subsidia
1259 3477 1529 3591 suppeditent:
1548 3483 1598 3568 ad

144 3589 246 3700 cujus
262 3591 486 3707 imperatum
504 3595 689 3681 Galeorus
715 3624 802 3680 cum
819 3622 972 3681 centum
1005 3594 1190 3710 equitibus
1213 3595 1369 3679 mittitur
1389 3596 1479 3711 :qui
1510 3626 1599 3685 cum

143 3709 194 3793 ad
211 3706 409 3797 Allonsum
439 3714 664 3830 pervenisset
678 3777 690 3819 ,
706 3713 776 3798 alia
804 3714 944 3829 oppida
959 3712 1251 3831 circumvagari,
1269 3737 1308 3798 et
1338 3713 1388 3798 eis
1417 3716 1599 3829 praesidio

142 3852 219 3912 esse
237 3828 385 3941 jubetur
404 3864 413 3917 :
430 3834 506 3948 ipse
526 3862 619 3922 vero
635 3832 857 3930 Quilianum
873 3831 1066 3917 contendit
1084 3884 1101 3937 ,-
1111 3834 1251 3947 quippe
1271 3830 1331 3946 cui
1348 3833 1493 3947 oppido
1520 3865 1598 3922 ma·

145 3941 199 4054 jus
227 3948 432 4061 periculum
454 3952 684 4037 aFrancisco
702 3950 924 4065 Ordelapho
953 3950 1145 4035 imminere
1169 3951 1382 4036 constabat.
1416 3956 1471 4038 At
1485 3958 1596 4040 Fran·

139 4062 252 4151 ciscus
268 4127 281 4172 ,
295 4068 468 4183 despecta
491 4071 726 4158 etiamtunc
750 4070 963 4186 paucitate,
981 4096 1061 4153 non
1086 4093 1287 4154 contentus
1312 4068 1598 4182 incursionibus,

142 4184 266 4297 coepit
281 4187 500 4279 Quilianum
525 4216 747 4307 oppugnare
775 4187 851 4273 :illi
882 4215 975 4275 vero
1007 4188 1203 4303 eruptione
1232 4182 1330 4271 facta
1360 4188 1597 4303 inopinantes

141 4300 265 4385 adorti
280 4307 459 4414 turbant,
477 4307 666 4415 caedunt,
684 4331 726 4393 et
739 4306 778 4392 in
792 4303 922 4425 fugam
948 4306 1171 4419 conjiciun13
1187 4305 1396 4393 Franciscus
1411 4336 1498 4394 cum
1525 4309 1595 4398 his.

137 4416 204 4534 qui
233 4424 344 4537 stragi
360 4422 653 4541 superfuere,se
674 4426 713 4511 in
728 4432 867 4512 Forum
884 4426 976 4514 Livii
994 4425 1142 4541 recepit.
1568 4516 1570 4520 .

200 4539 351 4624 XXVI.
409 4548 493 4630 Hac
517 4569 624 4662 parta
656 4545 837 4653 victoria,
875 4574 1065 4662 manuque
1090 4575 1170 4639 non
1199 4545 1477 4633 contemnenda
1509 4575 1596 4633 coa·
1640 4603 1787 4663 Momm

139 4679 224 4761 cta„
242 4657 430 4746 Galeotus
460 4692 498 4748 se
530 4691 618 4750 cum
635 4662 795 4753 Allonso
811 4665 1002 4751 Toletano
1018 4665 1228 4782 conjunxit,
1248 4689 1287 4751 et
1305 4666 1499 4750 communi
1513 4695 1595 4752 sen·
1607 4671 1753 4781 ppgppnue

141 4775 256 4861 tentia
288 4779 409 4893 placet
424 4781 650 4869 Modianam
668 4846 680 4889 ‚
698 4785 806 4900 quod
844 4786 1027 4898 oppidum
1044 4785 1234 4872 francisco
1263 4783 1499 4897 subjacebat,
1519 4817 1594 4902 op-

143 4923 337 5012 pugnare,
354 4925 443 4985 cum
459 4930 483 4988 a
497 4900 719 5023 primoribus
732 4903 879 4994 Montis
893 4904 990 5012 Velii
1012 4903 1177 5024 (oppido
1195 4904 1234 4994 id
1244 4933 1393 5025 nomen
1410 4903 1487 5021 est)
1503 4931 1594 5040 con·
