4192 5880
533 385 579 462 a
939 382 1159 464 aarum
1197 382 1545 465 nssrnuuut

507 540 535 614 „
549 506 635 644 juris
663 533 710 596 ac
728 501 858 629 legum
873 505 1005 644 ριιιιιι
1025 505 1092 626 qui
1117 535 1146 594 ss
1134 504 1409 619 judicassent,
1425 502 1879 621 Barnabovem''1muriam
1906 537 1974 599 ac·

508 686 536 733 „
549 627 711 742 cepisse,
730 625 946 715 Bononiam
971 623 1005 713 ei
1034 653 1074 712 se
1102 624 1245 743 absque
1268 654 1377 714 mora
1395 626 1652 714 redditurum·
1645 685 1656 730 ,
1673 624 1728 714 sin
1757 627 1862 716 aliter
1878 690 1890 734 ,
1907 658 1971 719 ae-

508 774 637 861 „quo
663 745 791 831 animo
824 767 1026 831 contentus
1052 768 1170 832 esset:
1188 773 1259 829 nec
1289 768 1439 860 putaret
1470 743 1578 833 licere
1603 727 1681 835 sibi
1694 744 1814 832 aliena
1839 747 1970 838 retine

506 893 616 970 „re,
632 863 852 951 Pontificem
875 893 942 949 sua
955 864 1123 980 repetere
1136 861 1309 982 iniquum
1325 893 1414 955 esse.
1423 869 1450 916 “
1962 914 1966 920 ·

515 987 684 1068 XIII
725 983 808 1069 Re
777 983 924 1119 ..igitur
934 981 1110 1098 permissa
1140 982 1443 1072 honestorum
1409 1011 1602 1089 vrrorum,
1629 981 1798 1101 illiusque
1823 950 1972 1079 memo*

503 1099 578 1186 riae
600 1101 686 1214 juris
710 1102 1014 1236 peritissimorum
1047 1100 1231 1209 arbitrio,
1261 1103 1548 1219 pronuntiatum
1575 1128 1669 1209 cst,
1695 1104 1969 1195 Barnabovem

504 1217 583 1332 jure
605 1219 690 1305 ab
680 1220 839 1336 imperio
852 1220 1084 1308 Bononiensi
1112 1217 1221 1308 fuisse
1237 1223 1474 1310 submotum.
1509 1225 1568 1308 Ac
1596 1246 1687 1309 tunc
1712 1222 1867 1308 demum
1890 1228 1970 1310 Ae·

504 1336 626 1473 gidius
644 1339 897 1426 Bononiam
888 1339 1043 1427 rnvisere
1075 1338 1297 1446 ιοιιιιιιιιιιι
1329 1341 1440 1458 quod
1457 1340 1617 1427 antehac
1640 1337 1762 1428 iacere
1796 1341 1846 1428 ad
1877 1371 1968 1433 suae

504 1456 662 1591 justitiae
679 1456 902 1577 opinionem
916 1487 996 1543 non
1013 1483 1194 1572 putarat
1175 1459 1379 1547 interesse:
1399 1490 1449 1544 ne
1472 1458 1525 1565 si,
1530 1487 1620 1552 ιιοιι
1639 1481 1852 1573 exspectato
1871 1459 1966 1571 judi

506 1575 566 1661 cio
581 1577 804 1693 ,oppidum
815 1565 968 1664 fuisset
958 1606 1168 1695 ingressus,
1184 1578 1284 1665 adeo
1306 1579 1416 1666 rebus
1432 1578 1729 1665 Bononiensibus
1753 1579 1968 1675 incumbere

424 1740 427 1745 ·
506 1695 730 1783 videretur
711 1696 846 1832 ,quasi
870 1695 954 1809 iure
981 1696 1082 1788 vel
1073 1698 1203 1810 mauris
1230 1697 1427 1812 imperium
1460 1697 1618 1784 retinere
1649 1696 1856 1786 mansisset.
1890 1701 1974 1813 Αρ·

311 1739 353 1882 ιε
354 1771 493 1882 fuldu&
507 1815 776 1931 propinquanti
804 1843 893 1902 cum
909 1820 1051 1903 Senatu
1078 1838 1179 1903 totus
1211 1814 1327 1902 ferme
1357 1817 1519 1931 populus
1534 1816 1779 1903 Bononiensis
1811 1847 1964 1903 summo

312 1893 485 2015 {iiiiii-⁰⁵⁰¹
507 1961 594 2018 cum
609 1936 750 2050 gaudio
766 1962 989 2051 summaque
1014 1935 1264 2052 gratulatione
1279 1935 1433 2022 obviam
1449 1934 1644 2050 procedit.
1662 1934 1837 2051 aquibus
1864 1934 1966 2022 adeo

506 2051 699 2166 splendide
728 2076 902 2167 exceptus
918 2077 1000 2159 est,
1018 2078 1062 2141 ut
1087 2054 1177 2138 nihil
1191 2053 1241 2140 ad
1258 2084 1443 2140 summam
1468 2051 1782 2170 magnificentiam
1797 2083 1842 2138 ea
1870 2052 1967 2140 civi·

506 2195 562 2258 tas
592 2172 721 2287 reliqui
757 2167 901 2258 fecerit.
943 2113 1045 2257 Cdm
1074 2173 1124 2258 ad
1151 2173 1283 2258 aedem
1312 2174 1410 2260 Petri
1440 2172 1624 2260 deducuts
1644 2197 1731 2278 est,
1766 2171 1966 2259 Gollinum

505 2290 741 2396 Gallutium,
759 2290 947 2401 Jacobum
970 2294 1208 2406 Ramponcm
1223 2352 1235 2395 ,
1252 2293 1468 2379 Gerardum
1493 2287 1749 2395 Conforrum,
1766 2290 1967 2377 Albertum

503 2408 715 2496 Gallutium
744 2408 929 2496 accinctos
956 2409 1103 2495 ensibus
1128 2410 1284 2495 solemni
1307 2439 1413 2497 more
1442 2441 1465 2494 a
1495 2410 1679 2536 Galeotto
1704 2409 1967 2495 Malatestae·

505 2527 627 2641 quites
651 2553 801 2613 auratos
819 2555 896 2612 esse
912 2526 1040 2639 jubet·
1032 2586 1044 2630 ,
1061 2559 1106 2615 ac
1136 2529 1291 2616 demum
1316 2558 1459 2648 magno
1492 2557 1581 2613 cum
1579 2492 1741 2644 populi
1755 2526 1888 2645 plausu
1914 2526 1967 2614 ad

449 2737 454 2746 ,
502 2641 716 2735 Ponnficias
743 2645 855 2731 aedes
871 2645 1084 2732 deducitur.

510 2767 670 2849 XIV.
730 2768 953 2879 Pergratum
983 2761 1054 2850 fuit
1069 2765 1231 2882 Aegidio
1256 2761 1422 2852 officium
1440 2765 1507 2851 sibi
1528 2766 1746 2882 praestitum
1777 2794 1802 2850 a
1832 2769 1959 2851 Bono

502 2881 717 2989 aiensibus,
733 2911 781 2968 ex
795 2912 963 2998 quorum
990 2883 1134 3000 ingenti
1121 2882 1296 3002 gaudio
1320 2909 1359 2969 et
1376 2885 1516 2992 vultu,
1546 2909 1796 2999 tyrannorum
1823 2884 1967 2997 impro·

502 2999 659 3087 bitatem
683 2997 850 3095 nonfuit
875 2998 979 3087 lactu
1003 2999 1148 3090 difficile
1164 3030 1395 3120 agnoscere.
1412 3004 1461 3089 de
1489 3032 1657 3138 quorum
1681 3000 1964 3091 administratio

501 3147 552 3205 ne
574 3120 792 3238 perquirens
824 3119 877 3207 ita
905 3120 1140 3235 reperiebat,
1159 3121 1302 3207 ntdlam
1330 3121 1379 3206 ab
1406 3121 1462 3206 his
1493 3121 1727 3234 tyrannicam
1756 3120 1967 3206 immanita-

501 3261 581 3327 tem
625 3234 756 3327 fuisse
768 3238 1106 3355 praetermissam,
1140 3265 1179 3326 et
1208 3263 1352 3354 praeter
1394 3238 1586 3357 ingentem
1618 3239 1815 3354 pecuniam
1855 3267 1968 3354 saepe

393 3367 398 3377 '
500 3357 723 3474 imperatam
744 3357 884 3445 civitati
899 3357 1174 3492 ,singidorum
1194 3358 1317 3454 etiam
1325 3356 1444 3442 multa
1473 3360 1578 3445 bona
1595 3357 1809 3472 publicata,
1822 3356 1964 3442 insidia·

500 3504 587 3564 rum
617 3503 697 3564 aut
716 3476 865 3563 alterius
893 3475 1052 3561 criminis
1079 3475 1194 3561 causis
1223 3475 1472 3611 excogitatis·,
1497 3474 1547 3561 ad
1575 3476 1695 3581 haec,
1711 3506 1757 3563 ex
1772 3475 1969 3563 nobilitate

501 3593 804 3683 honestissimum
819 3621 1042 3710 quemque,
1060 3619 1100 3679 et
1118 3623 1184 3681 eos
1203 3594 1427 3727 praecipue,
1445 3622 1611 3727 quorum
1646 3595 1802 3683 virtutes
1836 3619 1968 3709 tyran-

500 3715 607 3801 nicae
635 3713 777 3802 libidini
808 3711 1013 3798 obstiturae
1043 3711 1350 3816 videbantur,1n
1372 3710 1537 3799 exsilium
1560 3713 1718 3798 missos:
1749 3740 1789 3798 et
1811 3711 1968 3827 nequid
2014 3806 2018 3807 ⁷

501 3831 635 3968 liuic
604 3831 745 3920 civitati
770 3830 957 3923 malorum
984 3829 1155 3935 abesset,
1173 3859 1219 3915 ex
1252 3828 1480 3963 contagione
1503 3831 1698 3944 tyrannica
1730 3862 1882 3919 morum
1913 3854 1965 3916 et·

500 3949 577 4042 iarn
601 3980 742 4040 noxam
761 3978 843 4034 non
870 3977 1064 4083 parvam·
1049 3947 1221 4039 traxisse.
1240 3976 1311 4032 nec
1332 3948 1431 4032 eninr
1460 3972 1611 4035 tantum
1631 3949 1852 4055 lenonibus,
1869 3977 1969 4034 scor·

502 4069 549 4156 tis
566 4065 856 4176 ,latronibus,
847 4066 1051 4179 Juvennttis
1059 4048 1359 4183 corruptoribus
1375 4061 1548 4152 refertam
1564 4097 1667 4174 esse,
1681 4067 1748 4153 scd
1764 4068 1883 4153 etiam
1905 4066 1970 4152 ini·

504 4188 590 4303 quis
613 4184 911 4275 foeneratoribus
937 4184 1168 4272 redundare.
1201 4192 1416 4271 Tantorum
1445 4215 1539 4320 ergo
1566 4129 1786 4273 maldrum
1777 4184 1970 4299 niquitate

507 4305 693 4393 laboranti
706 4306 904 4393 Bononiae
925 4329 970 4390 ut
991 4304 1237 4410 subveniret,
1254 4334 1335 4390 non
1352 4304 1509 4390 solum
1500 4329 1649 4390 innatus
1664 4332 1775 4418 aequi
1763 4302 1970 4389 honesti

506 4454 583 4541 que
614 4454 745 4531 arnor,
765 4449 804 4513 et
833 4423 987 4509 miserae
1002 4422 1158 4512 civitatis
1188 4423 1374 4538 lacrymae
1392 4423 1591 4538 Aegidium
1623 4422 1886 4526 adduxerunt,
1903 4419 1970 4507 sed

495 4544 603 4631 illud
632 4572 864 4678 magnopere
879 4541 1090 4654 compulit,
1111 4541 1248 4657 quod
1241 4573 1313 4653 ram
1331 4567 1423 4628 runc
1450 4540 1651 4675 collegium
1666 4483 1971 4627 scholasticdrunt

319 4645 496 4781 nfpfflssdlm
511 4661 803 4778 Hispanorum
794 4691 833 4746 ιιι
864 4688 910 4744 ea
936 4661 1030 4745 urbe
1071 4661 1125 4746 ob
1153 4659 1453 4747 florentissimum
1500 4657 1672 4743 omnium
1700 4658 1969 4773 disciplinarum

320 4771 452 4880 XIIII?
456 4841 499 4877 co
516 4781 754 4900 gymnasium
785 4778 951 4865 condere
973 4778 1164 4895 cogitabat
1181 4842 1193 4883 ,
1209 4779 1317 4913 quod
1343 4800 1436 4864 esset
1457 4777 1512 4862 sui
1530 4777 1692 4863 nominis
1723 4778 1865 4894 insigne
1890 4804 1968 4860 mo

322 4894 393 5002 ‘all‘
428 4887 500 4949 ⁸²⁸¹
516 4925 770 4997 numentum:
791 4897 1101 5015 occasionemque
1120 4896 1317 5014 arripiebat
1333 4897 1549 4984 demerendi
1565 4895 1689 4982 multis
1705 4893 1889 4983 beneficiis
1894 4923 1972 5011 po

1905 5043 1970 5132 pu
