4140 5872
522 393 589 465 186
1013 386 1424 464 PRAEFATIO.

494 548 639 615 vestros
654 546 777 639 patres
802 542 918 637 arque
933 545 1082 607 soceros
1099 583 1111 628 ‚
1126 545 1166 607 et
1184 519 1372 606 Paruum
1386 516 1584 630 utriusque
1600 509 1778 632 gentilem
1801 537 1843 602 et
1858 540 1959 629 pro*

496 644 704 758 pinquum:
734 670 814 725 non
837 637 959 726 modo
979 639 1069 756 quia
1095 640 1144 728 de
1170 638 1289 758 gloria
1310 637 1336 722 ii
1366 633 1666 721 commodissime
1697 632 1803 749 loqui
1816 632 1960 720 ‘videri

497 784 671 896 possunt,
687 760 754 874 qui
769 759 887 878 gloria
901 758 999 844 duce
1010 758 1074 844 <ad
1095 786 1290 847 summam>
1301 755 1509 840 claritatem
1518 779 1771 868 pervenerunt
1787 781 1799 856 3
1816 750 1884 838 sed
1902 778 1958 839 et·

498 909 574 963 ram
591 905 634 967 ut
648 907 715 963 eos
732 939 751 985 „
761 903 952 986 eteorum
967 877 1162 975 occasione
1181 876 1274 962 alios
1290 874 1663 973 nonnullos-nostrae
1674 871 1957 989 nationis-sum·

500 1026 585 1082 mos
612 999 744 1101 viros,
773 1005 962 1111 quantum
991 1007 1085 1083 esset
1117 990 1156 1084 in
1177 1024 1265 1100 me,
1285 991 1628 1079 commemorandis
1659 981 1835 1103 exemplis
1862 991 1954 1076 illu-

501 1140 685 1202 strarem·
718 1116 842 1209 Quod
874 1111 1042 1202 officiunt
1068 1117 1098 1201 si
1123 1114 1323 1228 majoribus
1356 1111 1489 1198 nostris
1518 1111 1557 1194 in
1584 1109 1735 1225 singulis
1766 1110 1956 1197 aetatibus

502 1262 615 1320 curae
642 1231 766 1318 fuisset
785 1294 798 1336 ,
815 1263 949 1350 parum
965 1228 1119 1321 fortasse
1135 1235 1175 1318 in
1191 1229 1412 1347 explicandis
1432 1227 1630 1318 virtutibus
1652 1251 1807 1313 externa
1830 1257 1953 1313 exem·

503 1351 565 1465 pla
595 1351 891 1467 requireremus.
916 1354 1033 1438 Nunc
1060 1351 1162 1437 enim
1192 1349 1381 1467 praeclara
1402 1378 1426 1432 a
1453 1345 1587 1433 nostris
1613 1345 1706 1432 olim
1736 1346 1838 1432 edita
1864 1342 1956 1431 faci·

418 1508 423 1512 ·
505 1496 601 1553 nora
633 1493 746 1554 tanta
765 1467 956 1557 oblivione
983 1473 1121 1557 obruta
1145 1477 1233 1555 s'unt
1256 1469 1477 1584 scriptorum
1499 1453 1656 1580 inopia,
1681 1488 1959 1581 utramquam

506 1586 608 1671 nulla
634 1583 773 1674 fuerint
787 1590 1001 1706 ,ignorata
1032 1588 1206 1676 sileantur
1223 1619 1239 1674 :f
1265 1611 1410 1703 praeter
1430 1584 1647 1689 admodum
1661 1611 1820 1698 pauca,
1848 1612 1959 1700 quae

507 1704 571 1789 vix
601 1733 689 1790 curn
719 1703 795 1792 fide
827 1708 877 1793 ad
896 1731 1064 1792 nostram
1090 1706 1262 1817 notitiam
1293 1705 1502 1797 transmissa
1534 1727 1622 1789 sunt
1638 1733 1648 1786 ε
1666 1700 1774 1816 quod
1793 1730 1873 1786 non
1897 1697 1958 1786 fa·

507 1820 575 1907 eile
597 1823 779 1929 dixerim,
819 1824 1088 1940 scriptorumne
1102 1876 1105 1883 =
1121 1824 1261 1910 incuria
1290 1820 1432 1907 factum
1460 1821 1533 1926 sir,
1565 1849 1615 1904 an
1645 1819 1852 1937 principum
1877 1820 1957 1904 cul·

507 1968 557 2053 pa
574 1997 588 2045 ,
604 1942 670 2054 qui
697 1939 856 2057 gloriam
882 1941 1052 2028 bellicam
1082 1940 1326 2047 affectantes,
1348 1940 1487 2026 litteras
1499 1940 1785 2053 litterarumque
1810 1936 1958 2023 studio·

508 2086 568 2141 sos
597 2058 858 2177 negligebant,
894 2066 948 2147 At
962 2090 1056 2179 uero
1080 2060 1118 2146 id
1146 2088 1263 2177 quam
1290 2060 1405 2192 longp
1435 2057 1636 2178 abhorreat
1663 2086 1688 2140 a
1716 2049 1956 2190 sumpnoffin

508 2172 776 2288 imperatorum
806 2178 978 2291 institutis
991 2210 1006 2285 ¹,
1024 2204 1155 2263 nemoI
1166 2174 1292 2264 ualeat
1303 2178 1474 2263 dubitare
1491 2175 1589 2290 ,qul
1606 2173 1820 2286 meminent
1835 2173 1956 2276 ‚tnle-

509 2294 650 2379 xandet
677 2296 874 2414 Macedo,
903 2314 992 2382 eum
1018 2288 1253 2414 in‘Sigaeunr
1280 2292 1520 2382 venisset-ad
1537 2291 1687 2407 Achillis
1708 2291 1956 2408 septim,

510 2410 646 2524 quibus
663 2412 783 2499 verbis
804 2414 991 2499 honorem
1016 2411 1187 2528 habuerit
1204 2416 1379 2499 Homero
1390 2413 1591 2526 ¹:Pyrrhus
1614 2407 1855 2525 Epirotarum
1872 2414 1959 2497 Rex

510 2530 713 2642 Cyneum,
736 2530 856 2646 Scipio
884 2527 1078 2618 Afticanus
1105 2531 1306 2644 Polybium
1333 2542 1505 2616 suorum
1520 2544 1713 2647 gestorum
1734 2530 1958 2643 scriptorem

509 2668 655 2765 quanta
672 2641 930 2735 ‘familiaritate
940 2643 1106 2735 -coluerit
1123 2710 1136 2755 ,
1153 2648 1271 2762 Julius
1302 2640 1440 2733 Caesar
1471 2669 1618 2763 quanto
1635 2634 1768 2735 studib
1781 2649 1870 2761 ipse
1890 2676 1960 2751 sua

510 2759 616 2897 gestu
638 2767 675 2850 in
698 2758 1299 2885 elegantissimoscommentarios
1323 2760 1510 2883 digesserit
1518 2766 1632 2851 :ned
1646 2782 1705 2876 -ncf
1719 2765 1959 2885 longiot'sim'

510 2909 550 2964 m
571 2878 874 3001 remotissima
890 2903 1046 2991 ,nonne
1070 2906 1135 2999 per
1156 2891 1290 2970 Deum
1309 2885 1568 2971 immortalem
1588 2880 1692 2970 furor
1718 2899 1777 2989 est
1799 2908 1843 2970 et
1875 2882 1958 2968 insi·

511 2995 604 3113 gnis·
618 3001 891 3109 inconstantia,
905 3024 958 3088 ut
989 3005 1133 3088 bonam
1158 3004 1341 3119 quispiam
1365 3003 1672 3089 existimationem
1702 3002 1799 3090 inter
1829 3000 1960 3088 homi-

511 3142 580 3200 ues
601 3117 835 3235 indipiscatut
850 3180 863 3225 ‚
876 3112 1045 3236 'nullum
1063 3121 1230 3206 laborem
1256 3150 1452 3227 recusare,
1486 3121 1578 3206 nulli
1609 3122 1748 3207 sumtui
1777 3148 1963 3236 parcere,

512 3234 683 3354 ancipitia
709 3237 924 3322 discrimina·
944 3238 1047 3338 ultro
1073 3240 1184 3325 etiam
1208 3239 1310 3324 adire
1327 3299 1339 3344 ,
1355 3239 1757 3356 eumdemquomodo
1785 3263 1853 3325 sua
1880 3238 1966 3374 εἰσ·

512 3349 718 3468 ria‘quanrf
735 3356 893 3440 maxime
905 3356 1114 3463 dilatetur,
1135 3375 1175 3442 et
1191 3358 1246 3442 'ad
1263 3358 1528 3474 posteritatem
1554 3358 1754 3474 perueniat
1766 3357 1963 3472 ,neglige-

511 3496 552 3554 re
565 3477 580 3587 v3
596 3472 719 3569 rQuae
748 3501 773 3556 a
795 3493 858 3589 me
882 3494 966 3559 -non
981 3474 1133 3561 ‘idcirco‘
1148 3474 1249 3560 dieta
1265 3500 1353 3560 sunt
1369 3537 1382 3580 ,
1399 3500 1443 3560 ut
1466 3475 1678 3590 obiter-[mei
1693 3475 1834 3562 ordinis
1847 3474 1963 3559 com·

511 3588 667 3674 munem
692 3617 843 3675 causam
875 3614 1055 3707 agerem,
1078 3591 1205 3709 'quam
1230 3585 1397 3708 alioquin
1419 3593 1485 3678 ribi
1500 3593 1769 3704 ,‘Ludouice,
1796 3591 1966 3708 probare

511 3730 591 3787 non
613 3732 708 3793 esset
737 3705 839 3793 factu
873 3702 1051 3827 difficile,
1075 3713 1143 3826 qui
1169 3710 1218 3794 sic
1239 3733 1431 3797 armorum
1458 3712 1624 3798 studium
1652 3711 1764 3813 colis,
1794 3739 1840 3796 ur
1865 3709 1965 3810 litte·

510 3847 635 3906 rarum
665 3825 819 3911 minime
841 3849 1030 3940 spernas,
1053 3848 1206 3943 prorsus>
1232 3849 1279 3914 ut
1309 3831 1503 3946 utriusque
1528 3829 1688 3945 gloriam
1701 3828 1812 3915 sintul
1841 3855 1965 3942 expe·

509 3961 599 4023 tere·
613 3941 771 4029 videaris
784 3945 941 4062 :sedut
968 3943 1043 4061 jam
1058 3974 1160 4031 nunc
1184 3938 1332 4032 illorum
1360 3947 1716 4062 reprehensionibus
1735 3973 1969 4051 occurram,

509 4054 698 4171 siquibus
723 4062 761 4146 in
785 4062 860 4148 hoc
892 4091 1007 4177 opere
1027 4063 1134 4151 'visus
1165 4061 1305 4168 fuero,
1320 4066 1499 4179 pauciora
1522 4095 1588 4180 per
1615 4065 1774 4182 singulas
1798 4061 1969 4151 virtutes

508 4173 764 4290 Hispanorum
787 4180 955 4267 virorum
970 4183 1139 4298 exempla
1155 4182 1353 4268 contulisse
1370 4206 1514 4298 ,quam
1532 4214 1656 4270 sermo
1679 4183 1730 4267 ab
1758 4181 1812 4267 his
1831 4243 1844 4286 ,
1860 4210 1971 4297 quos

508 4287 707 4406 loquentes
730 4292 884 4404 induxi,
901 4326 1093 4417 susceptus
1110 4300 1363 4390 desiderabat.
1381 4303 1454 4390 Sed
1470 4302 1687 4420 jam‘sermo
1701 4301 1805 4391 unde
1820 4299 1970 4387 habue-

456 4506 460 4509 ,
507 4430 555 4494 ttt
578 4409 723 4502 mitium
740 4474 754 4522 ,
770 4416 949 4530 attendite
960 4435 979 4503 .’
1091 4525 1094 4533 Ι
