4006 5850
507 358 576 451 m

515 476 885 622 loannis·
938 478 1273 606 onunsn
1341 473 1908 605 sanunvunnn

594 720 599 724 ’
873 720 1552 838 CORDUBENSIS,

635 998 711 1083 nn
737 997 866 1081 unu
897 993 1225 1095 uurnnnum
1250 993 1323 1075 nu
1350 985 1795 1094 nunnusnnoun,
1852 1099 1858 1112 ι

825 1259 832 1272 ’
964 1238 1153 1407 ‚nunu
1176 1305 1453 1404 ananus.
1544 1362 1545 1365 ψ
1643 1368 1651 1377 -

527 1549 557 1631 l.
586 1472 809 1642 PRimum
833 1542 1141 1659 impedimentum
1159 1541 1383 1630 matrimonii
1401 1544 1479 1631 vim
1507 1567 1547 1630 et
1575 1568 1726 1632 metum
1757 1572 1839 1630 esse
1854 1541 1933 1630 dixi·

501 1695 614 1770 mus,
640 1663 778 1780 quibus
793 1661 938 1747 libertas
953 1661 1211 1748 consentiendi
1224 1661 1501 1766 submovetur,
1529 1661 1667 1777 inquo
1696 1662 1934 1777 dispensatio·

502 1783 541 1866 ni
557 1780 743 1868 Pontificis
759 1779 896 1865 idcirco
922 1779 1044 1864 nullus
1070 1805 1126 1865 est
1144 1779 1279 1885 locus,
1307 1779 1397 1894 quia
1422 1780 1531 1894 quod
1548 1809 1615 1864 sua
1640 1806 1783 1867 natura
1798 1779 1932 1865 nullum

503 1923 559 1984 est
570 1959 584 2004 ,
595 1899 635 1985 id
649 1898 846 1985 consistere
859 1896 992 1982 nullius
1006 1896 1167 1982 hominis
1183 1897 1334 1983 decreto
1350 1921 1488 2009 potest·
1505 1899 1682 1983 Liberum
1696 1924 1830 1984 autem
1845 1925 1932 1981 con·

503 2044 652 2101 sensum
667 2015 770 2102 velut
784 2009 945 2099 formam
961 2042 1039 2099 esse
1065 2037 1181 2129 atque
1193 2013 1436 2100 substantiam
1455 2015 1494 2098 in
1518 2017 1789 2102 contrahendo
1816 2014 1932 2099 matri·

505 2132 637 2218 monio
653 2161 752 2237 ,suo
775 2130 863 2216 loco
891 2130 1171 2217 declaravimus.
1203 2133 1316 2228 Quae
1333 2133 1428 2215 ratio
1446 2131 1577 2218 eadem
1605 2157 1689 2236 est,
1726 2133 1932 2244 eodemque

506 2250 627 2357 modo
643 2249 743 2336 valet
757 2248 796 2333 in
816 2247 984 2335 secundo
998 2248 1267 2364 impedimento
1284 2310 1297 2354 ,
1313 2249 1423 2362 quod
1437 2247 1477 2333 in
1505 2277 1631 2336 errore
1655 2249 1822 2335 consistit
1846 2276 1932 2364 pet-

506 2396 711 2473 ronarum,
736 2395 835 2481 quae
861 2393 948 2452 sunt
963 2367 1068 2483 quasi
1098 2367 1251 2453 materia
1279 2365 1534 2473 matrimonii,
1559 2367 1600 2452 in
1623 2396 1703 2482 qua
1721 2367 1790 2484 qui
1815 2389 1930 2470 errat,

506 2485 610 2570 hunc
625 2483 761 2598 nuptiis
776 2488 998 2570 consensisse
1014 2514 1131 2572 nemo
1155 2484 1326 2598 prudens·
1346 2479 1598 2571 affirmaverit.
1625 2487 1756 2579 Quod
1783 2483 1812 2569 si
1840 2510 1932 2568 error

506 2600 546 2686 in
561 2600 775 2686 conditione
792 2596 901 2687 fiterit
915 2661 929 2706 ,
944 2629 1015 2715 pro
1028 2601 1191 2718 ingenua
1208 2629 1313 2688 serva
1329 2601 1518 2707 submissa,
1535 2601 1597 2690 vel
1607 2602 1845 2703 existimata,
1863 2630 1932 2685 ma·

506 2719 725 2805 trimonium
740 2716 894 2832 quidem
909 2747 988 2803 non
1001 2719 1185 2805 constabit
1198 2780 1214 2825 ,
1228 2743 1272 2804 ut
1286 2717 1530 2807 indicavimus
1549 2751 1559 2806 ι
1576 2719 1643 2805 sed
1659 2721 1753 2833 quia
1769 2748 1871 2805 error
1884 2742 1932 2803 est

507 2860 610 2922 extra
625 2833 864 2920 substantiam
880 2835 1132 2942 matrimonii,
1155 2860 1194 2924 et
1211 2836 1286 2922 hoc
1302 2836 1611 2953 impedimentum
1638 2835 1718 2946 jure
1746 2833 1932 2951 pontificio

507 2953 703 3039 dumtaxat
725 2976 781 3037 est
803 2953 1014 3059 sancitum,
1037 2953 1175 3040 idcirco
1202 2977 1428 3070 potestatem
1448 2952 1679 3071 pontificiam
1713 2983 1798 3040 non
1822 2953 1932 3038 endu

509 3069 577 3156 dit.
610 3069 709 3155 Sacri
723 3069 862 3156 ordinis
885 3069 1039 3156 initiatio
1054 3095 1099 3157 ut
1113 3071 1532 3168 obstaretmatrimonio
1548 3134 1561 3180 ,
1578 3071 1656 3184 jure
1670 3069 1870 3185 pontificio
1883 3069 1933 3153 in·

510 3186 667 3272 ductum
684 3210 753 3273 esta
785 3189 889 3273 Nam
904 3186 1155 3273 sacerdotibus
1171 3218 1251 3275 non
1267 3215 1345 3276 erat
1362 3216 1541 3305 negatum
1569 3189 1606 3273 in
1622 3188 1783 3304 pristino
1797 3216 1933 3274 connu-

509 3303 577 3389 bio
598 3330 844 3419 permanere,
869 3327 976 3390 utne
991 3331 1094 3390 nunc
1109 3303 1318 3420 quidemin
1340 3312 1574 3393 Graecorum
1598 3305 1828 3421 regionibus
1858 3307 1934 3388 Nec

511 3449 615 3506 nunc
629 3419 837 3536 quidquam
854 3421 970 3537 magis
988 3423 1097 3507 obest
1111 3423 1267 3528 nostris,
1296 3452 1411 3537 quam
1435 3451 1532 3538 quae
1547 3423 1595 3507 ab
1616 3422 1703 3536 ipsis
1727 3424 1767 3507 in
1791 3420 1849 3507 sui
1873 3420 1932 3505 ini·

510 3538 666 3623 tiatione
682 3562 889 3651 utcumque
901 3563 1063 3625 vovetur
1077 3538 1233 3625 castitas.
1260 3544 1363 3627 Nam
1380 3541 1479 3636 votis
1501 3565 1598 3626 stare
1626 3538 1711 3656 lege
1735 3540 1864 3629 divina
1880 3538 1934 3650 ju·

511 3654 673 3759 bemur,
702 3678 741 3739 et
755 3652 899 3741 castitas
920 3681 1065 3771 pugnat
1080 3684 1168 3741 cum
1191 3656 1391 3746 liberorum
1413 3657 1701 3771 procreatione,
1727 3685 1830 3772 quae
1843 3685 1935 3740 sum·

512 3800 576 3856 ma
590 3770 839 3856 commoditas
854 3795 936 3877 est,
964 3796 1003 3857 et
1016 3796 1210 3887 tamquam
1225 3771 1307 3858 linis
1323 3773 1558 3860 matrimonii.
1591 3777 1649 3858 lta
1669 3801 1801 3888 neque
1826 3801 1935 3858 saoet·

511 3887 664 3973 dotibus
684 3916 808 4002 noque
825 3889 1047 3993 monacbis,
1073 3890 1140 4005 qui
1166 3891 1371 3977 castitatem
1387 3890 1543 3976 solemni
1557 3916 1654 3978 voto
1667 3916 1759 3977 sunt
1774 3885 1934 4006 professi,

509 4007 652 4120 absque
684 4033 888 4121 permagna
903 4033 1013 4090 causa
1028 4003 1236 4120 dispensare
1250 4007 1360 4114 licet,
1378 4007 1497 4123 qualis
1511 4037 1557 4093 ea
1571 4004 1641 4092 fuit
1657 4067 1670 4112 ,
1687 4037 1805 4126 quam
1820 4004 1936 4122 (quis-

511 4125 593 4237 quis
609 4122 667 4208 ille
681 4119 765 4234 fuit)
781 4126 882 4235 Papa
896 4147 1042 4208 secutus
1058 4185 1072 4231 ,
1088 4124 1243 4209 Ramiro
1258 4127 1587 4242 RegiAragonum
1601 4123 1741 4240 quinto
1757 4186 1771 4229 ,
1796 4125 1935 4240 dequo

511 4267 566 4324 est
581 4239 619 4322 in
634 4240 801 4354 ipsorum
815 4239 991 4344 historia,
1016 4237 1081 4354 qui
1098 4240 1341 4326 monasticam
1365 4244 1490 4328 Sancti
1504 4242 1697 4329 Benedicti
1724 4242 1936 4359 religionem

508 4351 631 4441 literar
646 4352 828 4470 professus
852 4417 865 4462 ,
893 4356 1166 4470 disperuatione
1198 4357 1395 4474 permisit,
1423 4384 1466 4447 ut
1498 4387 1654 4476 regnum
1684 4384 1936 4475 capessereta

507 4468 621 4559 fratre
637 4477 749 4557 Petro
762 4471 840 4556 sine
865 4473 1034 4588 legitimo
1050 4500 1258 4561 successore
1287 4476 1455 4562 relictum
1480 4537 1493 4580 ,
1518 4505 1754 4591 uxoremque
1770 4477 1937 4565 sacerdot

506 4588 684 4676 etiamad
698 4587 887 4673 liberosin
917 4590 1182 4675 successionem
1212 4593 1317 4708 regni
1332 4592 1582 4709 procreandos
1595 4594 1794 4701 duceret,
1828 4621 1938 4682 nete·

505 4736 625 4822 gnum
638 4704 839 4791 ambitione
852 4705 1062 4819 Principum
1075 4707 1184 4791 novis
1199 4708 1354 4822 imperiis
1369 4710 1598 4796 studentium
1614 4711 1653 4795 in
1669 4740 1837 4830 magnas
1863 4711 1940 4800 beli

503 4823 758 4932 calamitates,
783 4821 980 4944 civilesque
995 4824 1193 4914 discordias
1214 4825 1425 4915 incurreret
1459 4827 1591 4929 Qualis
1614 4828 1705 4917 item
1721 4859 1841 4950 causa
1861 4829 1938 4936 fuit,
1997 4923 2002 4939 ,

507 5011 509 5015 ,
1029 4993 1032 4998 ·
1900 4973 1940 5038 ut
