4050 5858
648 386 850 474 LIBER
900 395 967 470 m.
1441 425 1504 498 301

71 522 191 620 corda
205 523 372 618 humana
386 546 679 645 perscrutantem
697 585 709 630 ,
725 549 764 611 et
785 522 887 639 apud
902 551 1018 642 quem
1033 528 1163 635 gloria
1178 523 1359 648 cuiusque
1373 549 1430 614 est
1444 557 1533 616 suae

73 659 317 736 conscientiae
347 655 626 734 testimonium:
658 644 874 730 hominibus
900 643 1001 728 enim
1031 646 1260 753 suademus,
1285 653 1373 734 Deo
1403 671 1532 735 autem
1632 646 1649 674 ²

76 767 259 856 manifesti
286 799 415 856 sumus
431 829 444 874 ,
460 790 504 852 ut
532 763 586 849 ait
610 764 766 849 Paulus.
796 769 848 849 Et
864 756 1035 848 Christus
1052 794 1060 847 :
1080 765 1315 873 Quicumque
1344 773 1532 852 mulierem
1543 763 1695 882 ,331333‘

74 891 220 974 viderit
236 891 290 971 ad
312 887 639 996 concupiscendum
654 943 666 986 ,
675 886 760 994 jam
787 883 1000 965 moechatus
1016 942 1029 981 ,
1046 882 1169 997 inquit
1185 942 1200 990 ,
1217 899 1275 968 est
1296 911 1377 968 eam
1398 893 1438 968 in
1451 915 1533 975 cor·

71 1011 118 1091 de
139 1035 206 1094 suo
223 1038 233 1093 :
251 1006 361 1122 quod
388 1006 437 1090 de
464 1002 613 1089 libidine
638 1025 678 1086 et
709 999 895 1086 adulterio
923 1001 1065 1087 dictum
1092 1001 1141 1086 ad
1167 1001 1295 1087 omnia
1319 1029 1471 1117 peccata
1493 1029 1533 1095 ct

72 1126 279 1213 contrarias
306 1125 461 1213 virtutes
495 1149 681 1208 consensu
708 1118 1007 1204 doctissimorum
1035 1120 1337 1206 commodissime
1359 1120 1534 1210 transfer·

72 1268 159 1330 tur.
196 1248 298 1328 Nam
328 1241 482 1330 viduam
513 1238 807 1356 pauperculam,
837 1265 937 1354 quae
967 1236 1064 1324 misit
1094 1267 1180 1324 aera
1212 1240 1293 1325 duo
1318 1240 1464 1327 minuta
1492 1243 1533 1330 in

78 1361 389 1479 gazophylacium
401 1421 413 1464 ,
426 1360 508 1475 plus
526 1384 642 1474 quam
664 1356 797 1444 divites
819 1385 953 1442 omnes
969 1355 1103 1442 misisse
1118 1357 1218 1443 idem
1234 1357 1404 1445 Christus
1423 1385 1533 1448 testa-
1545 1392 1624 1444 m...
1637 1400 1679 1445 21.-

75 1503 140 1565 rus
166 1505 220 1566 est
241 1542 253 1586 ,
271 1501 423 1595 propter
440 1475 622 1592 majorem
646 1475 818 1562 videlicet
833 1474 946 1559 animi
967 1474 1045 1588 ejus
1059 1474 1341 1564 liberalitatem.
1372 1479 1423 1562 Si
1437 1489 1534 1567 enim

76 1604 254 1683 voluntas
275 1612 429 1708 promta
456 1611 516 1681 est
533 1656 547 1703 ,
564 1619 610 1681 ut
642 1594 764 1707 inquit
787 1592 925 1678 Paulus
943 1654 955 1697 ,
970 1598 1166 1677 secundum
1194 1600 1238 1678 id
1267 1600 1366 1703 quod
1388 1599 1502 1683 habet
1517 1660 1532 1708 ,
1548 1646 1571 1683 ι.
1586 1631 1618 1682 aa
1632 1632 1687 1681 c...
1701 1636 1726 1683 a.

76 1734 235 1828 accepta
258 1733 317 1802 est
337 1746 349 1819 3
367 1742 436 1801 non
453 1718 650 1799 secundum
664 1717 738 1818 id,
755 1719 852 1818 quod
875 1713 1092 1796 anthabet.
1116 1713 1224 1813 Quid
1239 1713 1346 1828 quod
1368 1717 1533 1806 actiones

71 1862 248 1924 externae
278 1863 345 1951 per
368 1863 408 1920 se
433 1861 503 1920 nec
536 1832 717 1917 honestae
742 1855 940 1916 censentur
964 1858 1041 1915 esse
1058 1891 1071 1936 ,
1089 1859 1159 1917 nec
1182 1856 1335 1946 turpes,
1352 1858 1396 1920 ut
1415 1833 1534 1922 inter·

71 1954 130 2040 nis
158 1955 377 2040 accedentes
406 1951 500 2066 ipsas
523 1948 754 2037 honestiores
780 1950 942 2034 reddant
959 2010 972 2054 ,
989 1974 1056 2033 aut
1080 1949 1290 2064 turpiores.
1317 1956 1422 2037 Nam
1442 1983 1532 2042 cum

71 2072 124 2157 ab
139 2072 260 2160 invitis
275 2070 468 2175 eduntur,
490 2093 557 2154 aut
572 2097 638 2184 per
653 2067 927 2184 ignorantiam,
939 2065 1103 2153 breviter
1116 2095 1205 2154 cum
1223 2068 1397 2156 voluntas
1412 2073 1531 2180 abest,

73 2218 144 2276 nec
173 2190 275 2277 laudi
306 2183 549 2293 tribuuntur,
569 2215 640 2274 nec
664 2185 880 2301 vituperio,
897 2209 936 2272 et
964 2184 1118 2270 minima
1145 2210 1233 2272 sunt
1253 2187 1383 2274 insitae
1409 2190 1532 2278 virtu-

70 2310 118 2395 tis
145 2334 213 2396 aut
239 2307 318 2398 vitii
335 2308 586 2394 documenta.
620 2305 734 2392 Adde
762 2303 873 2420 quod
888 2364 902 2409 ,
916 2303 943 2387 si
959 2303 1119 2419 quando
1149 2304 1326 2392 videntur
1352 2306 1447 2393 obiri
1466 2340 1532 2398 vo

76 2426 266 2537 luntarie,
299 2453 428 2515 tamen
461 2452 555 2513 tunc
582 2422 796 2509 necessitate
826 2422 995 2539 quadam
1028 2420 1186 2506 naturali
1214 2447 1346 2537 parent
1376 2425 1533 2541 imperio

77 2548 283 2635 constantis
316 2578 361 2634 ac
390 2571 515 2626 certae
536 2542 742 2629 voluntatis
763 2572 772 2625 :
790 2565 835 2625 ut
862 2540 933 2625 hac
962 2568 1121 2654 quoque
1152 2540 1297 2629 ratione
1327 2569 1399 2628 nec
1429 2547 1533 2659 apud

72 2670 230 2773 Deum,
255 2691 325 2751 nec
354 2659 460 2777 apud
487 2654 658 2744 homines
688 2659 841 2744 laudem
873 2680 913 2742 et
941 2656 1127 2777 gloriam,
1144 2681 1213 2747 aut
1246 2689 1303 2749 res
1331 2664 1534 2754 contrarias

72 2812 315 2872 mereantur.

131 2905 238 2990 >ule
269 2909 371 2989 Dm.
389 2905 483 2987 Non
512 2928 613 3018 ego,
629 2898 854 3015 leopolde,
871 2925 959 2984 cum
985 2898 1131 2987 divitias
1153 2929 1177 2984 a
1205 2900 1327 3018 jejuna
1347 2930 1531 3020 quorum·

68 3017 164 3109 'dam
181 3082 193 3127 ,
210 3045 280 3126 et,
301 3021 330 3107 si
345 3048 478 3108 verum
506 3015 573 3104 fari
603 3017 713 3125 licet,
741 3018 935 3104 ambitiosa
968 3017 1162 3105 severitate
1192 3050 1343 3130 assero,
1368 3025 1530 3133 Croesi,

69 3168 140 3225 aut
151 3139 282 3226 Midae
306 3140 499 3226 thesauros
520 3136 569 3224 ad
589 3136 707 3226 vitam
723 3137 962 3240 ducendam,
977 3137 1188 3251 praesertim
1205 3140 1414 3256 privatam,
1436 3142 1529 3230 desi-

69 3258 192 3345 derari
218 3259 329 3346 dico.
359 3262 462 3342 Nam
479 3280 523 3342 ut
538 3257 668 3343 ceteris
693 3255 732 3341 in
755 3256 895 3360 rebus,
917 3254 966 3340 sic
991 3255 1031 3338 in
1048 3254 1182 3344 divitiis
1206 3259 1344 3345 modus
1359 3285 1415 3347 est
1430 3263 1528 3377 opti·
1542 3287 1625 3340 Esau·
1641 3291 1683 3352 ωε

70 3408 137 3462 mo
162 3377 298 3493 cuique
323 3377 535 3463 tenendus:
552 3400 779 3491 tantumque
801 3374 855 3461 rei
880 3370 1091 3480 familiaris,
1107 3399 1264 3462 auctore
1283 3377 1526 3496 philosopho,

68 3494 388 3603 desiderandum,
405 3520 593 3613 quantum
620 3495 705 3581 satis
730 3495 777 3580 sit
806 3493 856 3579 ad
881 3516 1026 3578 sumtus
1058 3516 1097 3578 et
1122 3497 1345 3582 necessarios
1371 3521 1410 3584 et
1431 3496 1528 3584 libe·

70 3614 162 3703 rales
178 3645 284 3724 ,non
300 3618 424 3706 solum
457 3615 567 3701 nobis
619 3642 663 3700 ro
678 3612 860 3728 cujusque
878 3609 1122 3719 conditione,
1140 3614 1206 3699 sed
1231 3613 1344 3701 etiam
1359 3613 1399 3700 iis
1415 3676 1427 3722 ,
1443 3617 1527 3732 qui·
1628 3662 1633 3669 a

70 3732 142 3821 bru
163 3758 335 3824 tenemur
363 3766 410 3823 ex
429 3733 563 3821 nostris
584 3645 819 3820 iiodtatibus
839 3729 1044 3846 impartiri,
1060 3730 1274 3846 praesertim
1303 3733 1525 3845 domesticis,

63 3853 140 3968 qui
166 3881 317 3942 nostrae
332 3854 420 3942 fidei
443 3878 532 3941 suut
546 3852 629 3970 lege
654 3877 811 3939 naturae
834 3877 952 3969 atque
976 3848 1103 3940 divina
1116 3850 1319 3939 commissi.
1338 3856 1443 3939 Nam
1457 3862 1526 3964 qui
1700 3924 1705 3935 .

68 3977 248 4082 suerum,
264 3990 303 4061 et
325 3983 486 4059 maxime
502 3977 810 4081 domesticorum,
827 3997 872 4059 ut
886 3969 1022 4058 Pardus
1037 3994 1219 4079 testatur,
1235 3999 1364 4059 curam
1379 3999 1448 4059 non
1462 3977 1560 4060 hta-¹·
1572 3989 1634 4044 n..
1649 4004 1673 4051 a·

70 4089 157 4197 bet,
173 4092 336 4194 isfidem
360 4101 547 4204 negavit,
564 4109 604 4179 et
628 4110 686 4180 est
711 4091 856 4194 infideli
872 4096 1056 4178 doctior.
1089 4095 1221 4208 ltaque
1247 4092 1369 4179 homo
1394 4091 1521 4202 civilis,

70 4231 116 4293 ut
139 4210 251 4300 docet
274 4211 519 4320 Aristoteles,
540 4238 580 4300 et
603 4214 725 4331 quise
749 4215 860 4301 rebus
875 4211 1030 4330 agendis
1052 4209 1232 4316 tradidit,
1248 4237 1291 4299 ut
1307 4209 1431 4298 multis
1446 4211 1521 4301 aliis

67 4325 179 4414 rebus
195 4388 208 4436 ,
223 4331 272 4417 sic
286 4332 424 4450 opibus
448 4331 592 4450 indiget
614 4334 665 4419 ad
689 4363 745 4420 res
761 4334 943 4452 gerendas
961 4363 970 4416 :
988 4356 1027 4415 et
1048 4358 1130 4447 quo
1152 4327 1312 4441 majores
1331 4355 1370 4416 et
1392 4329 1521 4420 clatio-

62 4472 123 4532 res
140 4507 152 4553 ,
169 4445 246 4535 hoc
265 4451 377 4539 etiam
401 4449 591 4568 pluribus:
608 4451 787 4539 honorati
810 4453 909 4538 enim
932 4448 1149 4564 nobilesque
1176 4449 1275 4537 cives
1289 4448 1454 4565 pluribus
1468 4452 1520 4536 in·

63 4562 197 4682 digent
212 4630 226 4675 ,
241 4598 360 4685 quam
375 4572 524 4661 obscuri
538 4595 579 4658 et
592 4571 735 4689 ignoti.
764 4575 867 4657 Nam
885 4573 1007 4686 Reges
1023 4592 1062 4654 et
1076 4567 1262 4683 Principes
1280 4569 1357 4654 sine
1377 4571 1522 4685 magnis

64 4683 200 4800 opibus
219 4687 356 4776 infirmi
384 4717 496 4800 sunt,
512 4691 563 4777 ab
585 4691 828 4806 hostibusque
843 4686 1110 4803 despiciuntur.
1141 4688 1223 4782 Qui
1239 4716 1331 4773 vero
1358 4687 1520 4802 philoso

62 4801 174 4918 phiae
191 4835 230 4894 se
245 4809 633 4927 contemplationique
655 4809 802 4896 dedunt
817 4868 830 4913 ,
846 4805 886 4892 hi
901 4806 1034 4895 divitiis
1050 4836 1184 4923 parum
1208 4805 1377 4922 indigent
1393 4867 1406 4912 ,
1422 4833 1519 4920 quae

59 4921 144 5040 ipsis
176 4926 303 5041 potius
338 4927 609 5046 impedimento
639 4953 728 5018 sunt
759 4925 810 5016 ad
842 4925 1228 5046 contemplationem:
1256 4937 1375 5041 parvo
1407 4921 1518 5039 igitur

1421 5068 1519 5129 con·
