4192 5880
544 359 592 432 24
868 348 895 404 .*
932 301 1155 417 uenum
1192 337 1557 416 ossrnnum.
1636 358 1640 366 ·

516 531 544 580 „
558 497 649 555 aura
677 467 978 558 interdicendum
993 465 1202 572 statuisset,
1222 464 1392 582 deposita
1417 499 1484 555 sua
1512 467 1717 559 clementia
1733 496 1773 564 et
1802 482 1972 571 mansue·

484 612 486 614 ·
515 650 546 697 ,,
560 590 718 698 tudine,
736 621 854 706 quam
882 587 1094 674 inaliorum
1126 584 1228 670 malis
1261 588 1527 702 cognovisset,
1544 593 1720 708 tantisper
1756 597 1850 683 dum
1885 602 1924 686 in
1946 602 1975 689 i-

516 769 543 815 „
560 740 669 823 psum
685 709 867 811 saeviret;
892 707 919 793 si
944 732 1072 792 tamen
1103 708 1405 792 conservandum
1422 708 1641 797 decrevisset
1658 774 1670 817 ,
1692 716 1911 827 obsecrare,
1927 751 1973 806 a-

516 886 544 934 „
560 828 701 944 liquam
734 827 852 914 saltim
869 827 1004 911 misero
1027 826 1143 909 vitam
1168 823 1363 930 trahendi,
1381 826 1579 944 alendique
1595 827 1754 919 infelices
1770 843 1858 921 cum
1881 867 1972 925 con·

517 1007 544 1053 „
559 945 644 1064 juge
669 949 831 1052 liberos,
857 945 1038 1061 reliquam
1060 939 1198 1029 faceret
1231 939 1470 1031 facultatem.
1507 948 1744 1063 Oppidulum
1775 958 1971 1068 permitte-

434 1093 436 1097 ·
516 1124 544 1172 „
558 1091 635 1172 ret,
648 1066 751 1180 cujus
773 1064 1014 1182 pensiuncula
1031 1063 1081 1149 ad
1098 1062 1261 1177 privatae
1285 1061 1385 1162 vitae
1401 1066 1633 1153 necessitates
1650 1100 1759 1183 parca
1777 1075 1972 1161 mediocri·

516 1228 544 1289 „
559 1209 637 1271 tate
655 1190 922 1301 suppeteret.“
956 1181 1112 1296 Accepit
1142 1179 1399 1266 conditionem
1426 1183 1607 1300 Aegidius
1623 1248 1634 1292 ,
1651 1213 1690 1273 et
1714 1191 1880 1304 precibus
1913 1178 1969 1281 ac·

514 1302 681 1418 quievit.
716 1309 962 1418 Acceptoque
976 1301 1129 1403 obside,
1149 1298 1337 1415 Ligerium
1354 1301 1573 1388 Androtum
1593 1305 1712 1391 civem
1729 1313 1967 1420 Perusinum,

418 1452 420 1455 ·
515 1419 620 1534 cujus
634 1421 750 1509 fidem
782 1452 966 1507 summam
990 1420 1231 1533 conjunctam
1260 1420 1337 1531 pari
1357 1422 1576 1534 prudentiae
1602 1454 1691 1540 erga
1711 1456 1752 1511 ,se
1773 1457 1969 1545 perspexe÷

355 1543 359 1551 ’
515 1566 601 1647 rat,
617 1543 684 1660 qui
699 1539 858 1628 Viterbii
892 1564 1104 1657 praeturam
1134 1561 1306 1654 gereret,
1330 1566 1417 1625 cum
1448 1540 1614 1628 ducentis
1645 1545 1831 1660 equitibus
1863 1580 1971 1664 prae·

516 1660 650 1748 mittit.
1682 1734 1684 1737 .

537 1832 540 1842 ·
576 1783 792 1897 XXXVIII.
850 1787 1007 1869 Postero
1032 1781 1091 1870 die
1109 1781 1266 1898 Lupum
1296 1781 1626 1900 Archiepiscopum
1653 1788 1966 1906 Caesaraugusta·

513 1923 608 1984 num
626 1963 638 2006 ,
656 1928 693 1987 et
710 1898 909 1989 Alfonsum
928 1902 1155 2018 Episcopum
1170 1908 1370 1988 Pacensem
1395 1931 1483 1987 cum
1502 1905 1674 2020 equitum
1707 1906 1856 1992 duobus
1889 1908 1969 1994 mil·

514 2014 610 2104 libus
635 2045 678 2105 et
695 2019 817 2106 multis
847 2020 1057 2136 peditibus,
1078 2022 1144 2138 qui
1172 2022 1355 2137 oppidum
1385 2021 1625 2137 reciperent,
1648 2024 1851 2110 submittit.
1887 2026 1969 2122 Qui

515 2138 633 2251 portu
645 2138 860 2254 ⁴putentibus
874 2141 1024 2257 ingressi
1038 2202 1051 2247 ,
1066 2142 1189 2226 claves
1212 2165 1406 2254 portarum
1423 2201 1435 2245 ,
1452 2141 1635 2246 turrium,
1651 2143 1816 2257 arcisque
1847 2144 1969 2230 tradi·

515 2279 572 2341 tas
591 2284 837 2375 acceperunt.
869 2259 1055 2344 Postridie
1084 2259 1248 2376 Ligurius
1281 2258 1505 2364 Androtus,
1531 2285 1576 2345 ut
1595 2260 1709 2372 jussus
1737 2263 1787 2346 ab
1806 2262 1968 2379 Aegidio

514 2369 661 2483 lirerat,
690 2380 881 2465 advocata
909 2378 1188 2492 oppidanorum
1220 2377 1428 2485 concione,
1450 2379 1663 2493 populum,
1691 2379 1757 2494 qui
1792 2375 1967 2495 frequens

322 2530 363 2583 ru
391 2529 504 2580 viserat·
514 2521 771 2603 convenerat,
788 2496 827 2583 in
848 2497 952 2582 hunc
973 2495 1133 2582 modum
1150 2495 1200 2580 ad
1216 2524 1346 2610 pacem
1378 2493 1638 2582 hortatusesr.
1670 2502 1798 2598 „Non
1823 2526 1861 2582 se
1892 2499 1970 2584 du·

323 2590 542 2722 II³⁰I.⁶,.2⁸.¹;„
557 2612 675 2700 bitare
689 2676 701 2721 ,
716 2641 861 2731 quanta
890 2644 939 2700 eo
972 2616 1033 2701 die
1056 2643 1144 2699 cum
1173 2615 1446 2727 exspectatione
1471 2614 1632 2730 populus
1646 2614 1883 2700 Viterbiensis
1915 2616 1967 2705 ad

324 2724 421 2764 'mm‘
516 2732 736 2841 „indictam
764 2734 831 2819 sibi
848 2731 1073 2820 concionem
1091 2732 1342 2819 convenisset.
1375 2737 1478 2817 Nam
1495 2754 1640 2847 praeter
1661 2732 1778 2818 multa
1804 2761 1847 2818 ac
1878 2764 1966 2851 pto·

430 2894 432 2897 ·
515 2909 546 2961 „
560 2881 608 2966 pe
622 2852 902 2939 innumerabilia
918 2851 1184 2956 incommoda,
1201 2879 1299 2966 quae
1313 2852 1477 2956 cunctis,
1493 2851 1560 2966 qui
1574 2849 1713 2938 bellurn
1727 2878 1890 2969 gerunt,
1906 2882 1967 2938 ac·

518 3031 547 3081 „
562 2969 685 3057 cidere
709 3000 900 3064 necessum
916 2997 1033 3076 esset,
1051 2969 1132 3055 duo
1162 2998 1238 3054 esse
1255 2970 1415 3054 maxima
1439 2970 1535 3054 mala
1552 3032 1564 3075 ,
1580 2999 1679 3085 quae
1708 2970 1877 3056 homines
1895 3003 1966 3085 po·

517 3089 737 3200 „tissimum
760 3118 893 3207 urgere
911 3088 1073 3174 soleant.
1107 3087 1332 3192 Quoniam,
1348 3112 1391 3172 ut
1412 3087 1511 3172 bello
1529 3087 1744 3202 pendente,
1763 3087 1860 3171 illam
1878 3117 1967 3175 cun·

519 3208 625 3319 „ctis
649 3207 766 3295 inesse
781 3231 999 3323 perpetuam
1023 3235 1151 3290 curam
1163 3235 1431 3321 summumque
1456 3207 1655 3310 timorem,
1676 3236 1723 3291 ne
1742 3205 1968 3321 quomod0,

520 3387 548 3438 ,‚
561 3351 628 3412 aut
650 3356 674 3410 a
700 3326 837 3443 quovis
860 3325 968 3412 hoste
983 3324 1139 3409 tandem
1167 3349 1412 3438 superentur,
1429 3322 1479 3408 sic
1501 3350 1693 3438 postremo
1724 3324 1827 3411 uictis
1858 3325 1964 3416 illum

520 3507 549 3556 „
564 3471 700 3532 restare
725 3444 899 3531 timorem
915 3439 1168 3529 difficillimum
1187 3503 1200 3547 ,
1220 3467 1334 3557 atque
1362 3440 1464 3528 haud
1481 3442 1570 3528 scire
1585 3504 1596 3548 ,
1612 3471 1661 3526 an
1695 3444 1866 3529 omnium
1891 3473 1968 3530 ma·

399 3611 403 3617 ·
521 3625 550 3674 „
562 3562 704 3650 nimum
719 3624 732 3670 ,
748 3561 849 3678 quali
862 3560 1016 3648 victoria
1038 3558 1209 3647 invictos
1224 3559 1485 3676 dedititiosque
1498 3562 1617 3648 victor
1636 3561 1681 3646 sir
1698 3590 1850 3647 usurus.
1888 3565 1970 3648 Cu·

522 3741 551 3791 „
566 3680 620 3783 ius
635 3711 724 3766 cum
741 3678 820 3788 jure
844 3678 929 3764 belli
943 3708 1088 3764 summa
1112 3678 1156 3763 sit
1171 3674 1324 3764 facultas
1344 3679 1382 3762 in
1402 3698 1478 3764 ¹eos
1504 3679 1823 3767 animadvertendi
1841 3741 1853 3786 ,
1868 3710 1969 3796 quos

522 3796 662 3908 „justo
684 3797 785 3884 bello
800 3795 975 3883 devicerit
990 3857 1002 3903 ,
1020 3795 1207 3881 neminem
1235 3796 1348 3882 latere
1370 3827 1394 3881 a
1425 3797 1573 3905 multis,
1587 3798 1703 3884 ineos
1719 3798 1854 3905 eriam,
1869 3829 1969 3914 quos

451 3922 470 3942 χ
523 3975 550 4026 „
565 3914 695 4030 injuria
720 3913 989 4020 debellassent,
1005 3915 1056 4001 ita
1073 3911 1181 4000 fuisse
1197 3915 1371 4001 atrociter
1391 3917 1599 4022 saevitum,
1617 3921 1659 4004 ut
1683 3917 1818 4003 merito
1835 3947 1968 4004 omnes
2003 3911 2006 3918 ’

437 4044 443 4064 ‘
520 4094 549 4144 „
562 4034 651 4122 victi
664 4059 844 4121 eventum
861 4033 1037 4120 victoriae
1060 4032 1241 4119 deberent
1264 4034 1482 4119 exhorrere.
1515 4034 1762 4121 Viterbienses
1787 4058 1913 4119 autem
1939 4033 1969 4120 si

520 4212 550 4261 „
563 4150 665 4239 nulla
683 4151 926 4269 antiquorum
940 4151 1107 4266 exempla
1123 4211 1135 4257 ,
1151 4179 1317 4266 quorum
1338 4179 1414 4238 esse
1430 4152 1539 4266 plena
1563 4151 1718 4257 omnia,
1742 4176 1969 4259 moverent,

520 4330 549 4380 „
563 4294 603 4358 at
626 4294 726 4357 certe
740 4269 900 4356 recentia
921 4268 1096 4386 supplicia
1113 4330 1125 4375 ,
1141 4297 1241 4384 quae
1266 4267 1324 4353 ille
1338 4269 1504 4380 Joannes
1519 4268 1633 4354 Vicus
1666 4266 1837 4382 (praesto
1867 4268 1969 4358 enim

520 4450 550 4499 „
561 4389 713 4504 aderat)
744 4387 793 4476 dc
810 4387 1057 4476 Urbevetanis
1084 4385 1329 4500 superioribus
1355 4386 1485 4472 diebus
1512 4417 1536 4471 a
1565 4415 1603 4471 se
1634 4385 1737 4474 victis
1765 4385 1963 4492 sumsisset,

522 4532 773 4617 „conterrere
799 4506 987 4595 debuisse.
1018 4504 1099 4602 Qui
1125 4505 1291 4618 joannes
1319 4504 1433 4590 Vicus
1458 4535 1506 4590 ex
1537 4504 1627 4612 his,
1658 4505 1723 4621 qui
1752 4529 1971 4639 expugnato

522 4625 710 4742 „oppido
741 4625 1016 4742 inpotestatem
1033 4624 1142 4739 ipsius
1157 4622 1369 4732 venissent,
1388 4623 1479 4709 alios
1493 4623 1608 4710 securi
1626 4624 1764 4760 percuti
1792 4623 1970 4735 jussisset,

521 4806 551 4855 „
564 4743 655 4831 alios
677 4742 808 4862 egisset
833 4743 1050 4831 inexsilium
1068 4803 1081 4847 ,
1097 4742 1270 4829 omnibus
1298 4772 1435 4862 magna
1451 4742 1490 4831 vi
1505 4770 1743 4861 pecuniarum
1769 4741 1972 4857 imperata,

516 4922 554 4978 s,
567 4864 823 4984 quorundam
849 4863 953 4956 bona
976 4890 1126 4986 prorsus
1154 4861 1379 4982 diripuisset.
1407 4867 1462 4952 Et
1475 4891 1521 4953 ea
1548 4861 1704 4984 quidem
1738 4860 1865 4948 omnia
1893 4860 1973 5067 juerle

1390 5044 1392 5046 ,
1855 4985 1921 5090 „b
1956 5022 1971 5042 .
