4050 5858
672 400 877 474 trusit
925 399 956 467 1.
1122 343 1128 353 ’
1450 420 1518 493 24,

97 494 288 616 audiendo
304 521 455 610 Christo
483 520 637 639 ejusque
662 521 855 608 doctrinae
881 542 1048 610 vacasset
1064 575 1077 623 ,
1093 516 1177 634 quis
1201 516 1346 608 famulis
1370 547 1410 610 et
1438 527 1547 615 ancil·

94 646 136 734 lis
160 675 239 733 non
262 641 542 759 suppetentibus
563 641 666 726 cibos
682 639 865 726 coxisset?
895 639 978 755 quis
1004 665 1172 722 mensam
1194 639 1444 778 instruxisset?
1458 646 1543 762 quis

95 790 215 852 cetera
237 762 289 848 ad
310 790 471 847 coenam
503 758 705 845 necessaria
736 780 898 874 parasset
916 819 928 862 ,
945 756 1177 872 Christoque
1202 782 1242 843 et
1274 759 1450 873 apostolis
1485 793 1543 850 re·

91 879 357 969 cumbentibus
376 878 647 967 ministrasset?
675 880 731 962 Ur
755 878 849 961 hacc
867 874 978 992 igitur
1005 873 1158 980 munia,
1177 876 1313 988 quibus
1330 878 1439 963 nobis
1455 903 1540 968 tota

91 1028 217 1088 rerum
249 997 484 1114 agendarum
515 996 612 1083 ratio
642 992 898 1111 significatur,
933 992 1137 1079 necessaria
1170 1019 1259 1078 sunt
1289 996 1340 1080 ad
1373 996 1541 1110 privatos

90 1142 133 1205 et
156 1145 369 1235 paucorum
387 1146 474 1202 usus
490 1175 503 1221 ,
519 1116 570 1201 sic
593 1115 644 1201 ad
659 1113 875 1200 mortalium
891 1137 1021 1200 coetus
1039 1174 1052 1217 ,
1069 1111 1145 1196 hoc
1163 1137 1247 1215 est,
1265 1112 1431 1201 civitates
1447 1145 1541 1203 con·

89 1237 320 1325 servandum
342 1233 520 1349 plurimos
541 1259 618 1320 esse
642 1260 789 1319 necesse
815 1257 896 1339 est,
912 1230 981 1346 qui
1006 1228 1229 1343 reipublicae
1260 1231 1446 1345 praesint,
1464 1239 1540 1321 Re-

91 1384 159 1489 ges
173 1416 185 1461 ,
199 1352 412 1460 Consules,
445 1356 661 1457 Praetores,
689 1355 887 1438 Senatores
905 1412 918 1456 ,
936 1346 1113 1453 Aediles,
1131 1371 1172 1432 et
1195 1372 1344 1457 ceteros
1374 1381 1446 1464 pro
1477 1382 1543 1439 cu·

91 1499 225 1590 rusque
247 1469 466 1586 reipublicae
484 1466 608 1556 forma
637 1471 872 1585 magistratus
888 1498 898 1550 :
919 1468 1019 1553 adde
1040 1465 1250 1571 bellorum,
1267 1468 1296 1553 si
1313 1469 1539 1578 exstiterint,

91 1594 366 1707 Imperatores,
383 1596 577 1706 Legatos,
594 1587 786 1674 Tribunos
801 1587 959 1674 militum
975 1647 988 1696 ,
1004 1586 1285 1694 Centuriones,
1312 1611 1352 1673 et
1373 1587 1538 1706 reliquos

95 1707 325 1821 praefectos.

151 1829 263 1915 XVI.
321 1826 395 1912 Sed
413 1853 646 1941 quamquam
662 1824 756 1912 hacc
779 1827 858 1916 vita
886 1824 1045 1913 honesta
1060 1849 1144 1931 est,
1170 1848 1209 1912 et
1230 1823 1389 1911 maxime
1413 1851 1538 1912 neces·

92 1944 187 2030 saria
203 1976 214 2029 s
231 1943 292 2028 illa
314 1967 465 2050 tamen,
479 1972 597 2058 quam
622 1943 784 2061 elegerat
805 1945 952 2051 Maria,
970 1945 1063 2031 dum
1080 1968 1230 2031 vacaret
1257 1943 1539 2058 contemplatio

90 2061 157 2165 ni,
173 2059 369 2176 perfectior
394 2084 450 2145 est
465 2084 504 2146 et
521 2063 787 2176 praestantior.
820 2070 924 2149 Nam
956 2088 994 2149 et
1017 2063 1155 2150 artium
1182 2090 1227 2148 ac
1250 2061 1731 2187 disciplinarum,mmfl‘ggtfffi1⁴

91 2205 172 2264 uon
195 2202 241 2263 ut
256 2206 430 2293 quaeque
449 2179 608 2264 maxime
625 2181 824 2267 necessaria
840 2209 895 2269 est
923 2181 973 2267 ad
1003 2183 1121 2268 vitam
1146 2183 1361 2297 degendam
1380 2242 1393 2285 ,
1410 2180 1459 2266 sic
1474 2181 1596 2303 bag}
1619 2209 1689 2314 ”pm
1717 2280 1729 2298 ι

90 2294 200 2381 betur
225 2295 495 2411 praestantior:
523 2297 595 2383 isto
623 2299 724 2383 enim
756 2301 876 2386 modo
909 2299 1119 2413 pistorum,
1144 2326 1389 2412 coquorum,
1416 2323 1539 2386 texto·
1549 2325 1645 2365 mtur-

91 2440 177 2499 rum
193 2438 442 2528 sutorumque
470 2440 565 2500 artes
588 2417 751 2531 primum
776 2418 843 2502 sibi
868 2417 995 2500 locum
1021 2417 1100 2528 jure
1125 2415 1346 2501 necessitatis
1375 2415 1539 2502 vindica-

90 2556 176 2617 rent
192 2560 205 2633 ;
219 2531 285 2618 sed
309 2555 445 2616 contra
471 2560 550 2617 sese
583 2561 638 2618 res
672 2535 816 2640 habet,
841 2562 879 2620 er
895 2561 1046 2647 quanto
1069 2533 1190 2618 minus
1219 2531 1391 2620 doctrina
1423 2551 1539 2650 quae·

91 2677 170 2762 que
193 2650 464 2736 necessitatibus
497 2676 564 2736 aut
591 2652 801 2738 commodis
825 2650 999 2738 humanis
1022 2652 1160 2756 servit,
1176 2675 1286 2737 tanto
1313 2649 1443 2737 ceteris
1473 2654 1539 2741 do

89 2764 335 2853 ctissimorum
360 2767 561 2853 hominum
593 2767 731 2880 judicio
765 2793 950 2886 praestat.
984 2769 1107 2854 Prima
1136 2768 1238 2853 enim
1270 2768 1505 2885 philosophia
1523 2784 1563 2878 ,'

90 2911 192 2998 quae
214 2886 350 2972 eadem
366 2885 581 3003 Theologia
602 2889 869 3001 nuncupatur,
889 2887 1025 2972 idcirco
1049 2887 1209 2971 babetur
1235 2887 1407 2971 omnium
1431 2888 1539 2974 scien·

89 3001 229 3086 riarum
261 2998 485 3090 nobilissima
502 3065 515 3109 ,
532 3006 715 3119 quoniam
744 3035 825 3092 non
853 3004 892 3088 in
921 3005 1031 3090 rebus
1057 3003 1263 3090 necessariis
1293 3029 1359 3090 aut
1384 3003 1535 3092 utilibus

88 3115 264 3204 humano
278 3120 405 3236 generi
425 3146 618 3228 versatur,
636 3124 702 3210 sed
723 3122 842 3234 majus
857 3122 1041 3239 quiddam
1059 3147 1099 3208 et
1123 3122 1311 3209 sublimius
1334 3147 1476 3239 spectat
1496 3124 1536 3211 in

86 3235 309 3352 cognitione
331 3238 491 3325 veritatis
510 3302 522 3345 ,
539 3265 579 3326 et
599 3238 919 3357 contemplatione
940 3240 1152 3327 divinarum
1177 3263 1302 3324 rerum
1330 3267 1534 3358 occuparat

88 3381 320 3471 quapropter
341 3356 585 3474 philosophus
613 3358 712 3444 hanc
737 3388 815 3446 esse
840 3358 1108 3444 nobilissimam
1129 3357 1365 3444 scientiarum
1397 3357 1536 3475 praefa-
1550 3408 1713 3474 „amm

58 3535 60 3539 ,
86 3494 174 3558 rus:
210 3475 346 3558 Omnes
367 3483 492 3586 igitur
509 3535 523 3582 ,
540 3475 663 3592 inquit
680 3537 694 3584 ,
709 3495 795 3562 sunt
826 3479 899 3562 hac
921 3486 1045 3588 magis
1074 3487 1310 3565 necessariae
1326 3492 1537 3587 ,praesta-

86 3589 199 3675 bilior
218 3621 311 3678 vero
337 3602 461 3681 nulla.

150 3709 273 3794 XVII.
333 3713 450 3798 Cum
467 3741 558 3831 ergo
586 3738 718 3801 neutra
744 3712 898 3804 vivendi
922 3713 1018 3801 ratio
1040 3714 1085 3801 sit
1110 3743 1177 3832 per
1193 3712 1293 3831 leges
1307 3705 1541 3802 Christianae

86 3822 286 3914 interdicta
302 3890 315 3930 ,
333 3831 527 3947 utriusque
550 3860 747 3949 praecepta
769 3858 808 3920 et
836 3864 860 3918 a
886 3834 1039 3919 Christo
1062 3833 1102 3917 in
1124 3833 1322 3949 evangelio
1340 3894 1352 3939 ,
1368 3857 1408 3918 et
1430 3834 1481 3917 ab
1495 3863 1534 3918 a·

85 3944 240 4055 postolis
264 3947 401 4031 tradita
427 3973 514 4035 sunt
545 3949 583 4035 in
608 3952 769 4064 epistolis
787 3952 950 4067 :partim
974 3951 1173 4036 necessaria
1194 3952 1436 4066 ,eademque
1462 3948 1533 4036 sul

84 4057 245 4149 ficientia
274 4064 325 4148 ad
342 4091 441 4152 recte
468 4096 507 4152 et
534 4097 580 4153 ex
605 4071 814 4156 Christiana
831 4068 1009 4185 religione
1032 4068 1268 4157 vivendum:
1295 4068 1388 4154 haec
1404 4094 1532 4155 autem

85 4204 174 4264 sunt
200 4180 387 4299 Decalogi
417 4213 643 4301 praecepta,
668 4189 841 4303 adquae
873 4213 1030 4273 naturae
1063 4186 1162 4301 leges
1194 4214 1327 4270 omnes
1362 4185 1534 4271 relerun-

85 4315 149 4377 tur
163 4356 175 4401 ,
191 4323 230 4385 et
249 4300 386 4413 quibus
401 4303 480 4389 vita
501 4304 614 4390 civilis
630 4332 811 4392 contenta
832 4330 911 4390 est:
929 4303 1064 4421 partim
1088 4301 1391 4388 commodissima
1414 4303 1464 4388 ad
1481 4302 1535 4391 vi·
1633 4339 1638 4344 ·

85 4431 168 4496 tarn
193 4413 344 4502 alteram
369 4417 625 4534 perfectiorem
648 4423 861 4540 degendam
879 4484 891 4529 ,
910 4423 960 4507 ad
976 4450 1095 4537 quam
1109 4419 1278 4506 Christus
1304 4446 1344 4506 et
1372 4420 1533 4536 apostoli

85 4554 168 4614 non
193 4533 315 4619 verbis
338 4537 488 4642 solum,
506 4542 574 4625 sed
601 4542 724 4627 multo
753 4542 865 4628 etiam
895 4539 1013 4656 magis
1047 4566 1162 4653 opere
1190 4566 1234 4623 ac
1263 4540 1435 4653 exemplo
1461 4565 1532 4623 nos

85 4646 413 4743 adhortabantur.
444 4656 536 4768 Ejus
561 4661 705 4775 generis
736 4686 781 4743 ea
809 4682 898 4743 sunt
915 4718 927 4762 ,
942 4684 1042 4771 quae
1062 4679 1107 4742 tu
1125 4714 1137 4761 ,
1157 4657 1384 4769 leopolde,
1415 4655 1532 4770 paulo

81 4792 173 4853 anre
207 4799 255 4856 en
282 4773 482 4891 evangelio
507 4801 548 4862 et
574 4775 678 4862 Pauli
705 4776 865 4890 epistolis
891 4774 1120 4888 objiciebat,
1148 4773 1196 4858 de
1217 4774 1531 4859 contumeliarum

83 4907 124 4972 et
140 4888 357 5099 rppinaglulm
370 4892 569 4984 tolerantia
584 4954 598 5004 ,
611 4919 651 4983 et
666 4894 757 4986 item
782 4896 831 4984 de
858 4892 1029 5102 ιὲιὲνετεα
1057 4890 1262 4984 substantia
1278 4889 1532 4997 distrahenda,

181 5031 251 5094 Om-
318 5069 332 5097 .
1493 5030 1535 5098 et
