4192 5880
495 440 535 486 ra
813 403 1112 490 Ἴ(ΕῘ([ΙΜ
1136 410 1487 488 GESTARUM
1571 411 1575 420 ¹

371 578 373 581 ·
467 568 556 626 nam
582 542 632 628 sic
657 542 776 689 vulgo
800 542 1027 649 dicebatur,
1041 562 1272 626 armatorum
1301 562 1397 624 octo
1425 538 1638 627 admodum
1666 537 1802 651 millia,
1815 537 1927 665 quor

468 689 552 744 rum
576 661 659 746 tria
663 659 823 747 tantum
846 661 1030 777 pedibus,
1046 659 1159 745 ceteri
1181 687 1314 743 omnes
1335 658 1439 774 equis
1471 658 1704 749 militabant:
1721 664 1816 779 quin
1846 697 1928 782 po»

353 774 355 777 ’
467 779 542 863 tius
564 779 602 864 in
633 810 715 866 suas
742 806 862 896 partes
888 781 1075 866 adducere
1108 777 1215 863 omni
1254 777 1399 862 ratione
1427 779 1648 866 enitendum
1684 805 1815 920 ratus,
1841 789 1924 871 Ca·v

467 898 550 983 tolo
570 899 800 986 Aduadulae
822 924 861 986 et
890 898 1031 1012 Joanni
1059 895 1309 1000 Albert0,
1274 894 1361 982 viris
1391 927 1529 1017 magna
1557 924 1596 985 et
1623 901 1844 988 auctoritate
1876 928 1918 991 et

465 1017 665 1132 prudentia·
687 1018 885 1137 negotium
901 1019 995 1123 dat,
1013 1016 1067 1102 uti
1091 1020 1305 1101 Germanos
1334 1015 1497 1124 adeant,
1514 1046 1648 1105 eorum
1678 1020 1824 1109 animos
1838 1046 1919 1109 ten·

413 1160 557 1222 tent
568 1137 698 1253 ,quid
725 1137 873 1224 consilii
887 1137 1094 1253 coepissent
1119 1133 1343 1249 explorato,
1367 1160 1553 1222 conentur
1586 1138 1785 1252 aJoanne
1817 1141 1919 1228 Vico

469 1256 525 1342 ad
552 1257 752 1343 exereitum
775 1256 1056 1343 ecclesiasticum
1088 1277 1273 1340 avertere.
1303 1259 1364 1338 De
1385 1254 1662 1343 conditionibus
1685 1287 1779 1346 veto
1819 1262 1920 1380 pacis

470 1396 509 1460 et
538 1374 722 1461 societatis
747 1375 837 1461 nihil
859 1407 897 1462 se
926 1373 1137 1460 inconsulto
1162 1372 1412 1486 paciscantur.
1925 1416 1926 1419 ι
1953 1374 1955 1377 ’

209 1567 214 1574 .
277 1494 395 1575 drusae
418 1532 463 1569 ιιι-
483 1495 611 1579 ΧΗ.
669 1496 749 1580 Sub
776 1497 868 1581 haec
894 1485 1086 1598 Perusini,
1118 1516 1250 1576 exorta
1276 1491 1372 1577 inter
1409 1492 1507 1581 cives
1539 1523 1677 1612 magna
1714 1497 1916 1607 seditione,

277 1581 455 1691 hildonii
468 1610 613 1749 legatos
642 1615 788 1729 publice
815 1614 865 1701 ad
885 1554 1086 1730 Aegidiuni
1113 1609 1294 1716 mittunt,
1313 1612 1381 1725 qui
1407 1613 1526 1727 ipsum
1551 1614 1781 1720 edocerent,
1799 1641 1927 1732 quan·

275 1700 336 1752 ‘¹¹²⁸
468 1749 508 1817 ta
535 1733 572 1816 in
605 1733 828 1819 dissensione
852 1734 1013 1849 populus
1039 1731 1096 1816 ille
1125 1755 1352 1820 versaretur.
1396 1733 1510 1826 Quae
1536 1759 1625 1817 cum
1655 1735 1924 1822 accedentibus

465 1851 673 1959 odiorum,
689 1877 733 1939 ιιι
755 1851 849 1959 lit,
841 1881 879 1934 m
905 1851 982 1936 dies
1004 1849 1112 1936 novis
1144 1849 1260 1933 causis
1284 1847 1399 1983 magis
1425 1879 1469 1934 ac
1491 1851 1607 1967 magis
1634 1851 1823 1958 aleretur,
1847 1882 1926 1968 po.

465 1969 576 2059 situm
607 1999 684 2057 esse
711 1972 748 2057 in
785 1971 863 2085 ejus
891 1971 1059 2056 adventu
1090 1993 1138 2051 ac
1159 1967 1409 2073 auctoritate,
1442 1997 1491 2054 ne
1522 1968 1619 2055 cives
1658 1997 1746 2054 cum
1775 1971 1917 2060 civibus
2013 2028 2014 2031 ι

465 2089 705 2206 configant
734 2116 931 2206 propterea
953 2086 1204 2205 comprecari,
1221 2086 1290 2172 iter
1313 2086 1399 2173 ad
1390 2116 1488 2204 rpsos
1507 2112 1724 2201 ,quantum
1755 2092 1922 2213 maxime

409 2220 411 2223 ’
465 2235 619 2322 posset,
636 2210 875 2295 acceleraret.
897 2205 978 2293 fore
1004 2237 1086 2292 eam
1119 2232 1197 2289 rem
1221 2205 1367 2319 populo
1395 2204 1574 2291 Perusino
1608 2235 1838 2324 magnopere
1863 2240 1924 2294 sa

466 2326 563 2434 luti,
590 2328 754 2463 Aegidio
778 2359 858 2414 non
899 2327 1080 2413 mediocri
1120 2322 1274 2410 brrasse
1302 2323 1384 2409 usui
1426 2324 1475 2410 ad
1504 2324 1643 2408 bellurn
1682 2329 1926 2443 gerendum.¹

466 2447 541 2531 Cui
566 2447 736 2560 petitioni
765 2477 852 2532 cum
879 2446 1057 2562 Aegidius
1083 2443 1239 2528 libenter
1256 2442 1543 2558 acquievisset,
1576 2472 1831 2577 magnacum
1860 2473 1926 2532 ce·

425 2672 427 2674 Ι
466 2561 608 2651 letitate
639 2566 830 2651 Petusium
859 2564 1055 2650 contendit
1070 2589 1357 2676 ,exceptusque
1389 2589 1481 2644 cum
1510 2560 1675 2695 ingenti
1670 2562 1820 2648 laetitia
1853 2596 1915 2679 pa·
2019 2588 2025 2606 ’

466 2709 550 2768 cem
578 2684 719 2780 brevi
710 2711 806 2770 mter
831 2684 928 2771 cives
956 2680 1196 2796 composuit,
1213 2707 1328 2797 atque
1357 2678 1529 2765 omnium
1561 2679 1710 2767 animos
1734 2680 1772 2765 in
1804 2683 1918 2770 eccle·

468 2801 540 2886 siae
564 2794 807 2889 etPontilicis
836 2802 1006 2888 studium
1030 2798 1239 2886 convertit.
1918 2845 1920 2848 ·

317 2950 485 3003 ιιιιιιιιι-
530 2920 630 3006 Xlll
691 2928 835 3008 Interea
863 2920 1003 3037 legati,
1028 2951 1094 3035 qur
1083 2915 1264 3054 fuerant
1296 2918 1350 3003 ad
1377 2889 1592 3004 societatem
1617 2919 1733 3026 missi,
1761 2950 1800 3006 te
1823 2916 1920 3006 infe-

276 3025 335 3131 lieni
352 3024 456 3072 '‘⁵⁹⁰''
470 3061 531 3124 cta
559 3040 786 3146 redeuntes,
803 3041 892 3124 hoc
890 3063 1049 3124 tantum
1080 3037 1243 3169 responsi
1270 3066 1294 3120 a
1318 3037 1515 3121 Germanis
1545 2982 1776 3124 attulerurit:
1768 3045 1922 3144 .„Sta-

472 3155 622 3263 „tuisse
649 3187 687 3242 se
715 3159 826 3244 libere
854 3157 1008 3275 vagari,
1039 3187 1111 3243 nec
1133 3156 1352 3271 cuiusquam
1377 3138 1533 3269 rmperio
1565 3181 1632 3241 aut
1666 3157 1851 3245 voluntati
1880 3187 1921 3244 se

473 3275 708 3381 „addicere
720 3284 746 3327 ‘⁶
779 3277 904 3368 Quod
938 3305 1157 3391 responsum
1198 3303 1286 3359 cum
1308 3274 1505 3409 hegidius
1512 3273 1561 3358 ad
1593 3276 1796 3361 concilium
1819 3300 1923 3361 retro

472 3391 597 3497 iisset,
613 3408 679 3475 c'ur
662 3393 860 3479 adhibuit
884 3394 1021 3510 primos
1036 3416 1208 3533 qupsque
1226 3392 1467 3477 Perusinae
1437 3392 1619 3498 ciuitatis,
1636 3424 1768 3480 omnes
1783 3395 1820 3478 in
1836 3423 1920 3479 eam

471 3513 693 3602 sententiam
710 3537 926 3599 venerunt:-
911 3572 964 3618 .„
979 3518 1020 3597 ln
1045 3512 1173 3626 primis
1186 3510 1401 3597 habendam
1428 3539 1505 3596 esse
1526 3512 1734 3618 rationem,
1752 3541 1800 3598 ne
1821 3517 1922 3598 Gen

474 3660 720 3737 „manorum
753 3632 905 3717 societas
918 3659 995 3715 sese
1023 3631 1191 3715 hostibus
1214 3654 1454 3763 aggregaret.
1487 3630 1549 3715 Ad
1566 3630 1641 3715 hoc
1667 3661 1782 3715 ιιιιιιιι
1806 3629 1923 3744 potis

476 3747 647 3852 „simam
679 3751 777 3836 viam
803 3775 957 3862 patere,
983 3752 1013 3832 si
1040 3777 1133 3832 cum
1160 3773 1243 3833 tota
1276 3747 1412 3834 adduci
1459 3774 1540 3832 non
1573 3749 1764 3883 pptuerit,
1797 3749 1922 3864 aliqua

476 3864 702 3969 „saltim
671 3897 752 3982 erus
791 3897 877 3984 pars
912 3896 999 3950 cum
1034 3871 1141 3952 Duce
1166 3869 1305 3951 Monte
1322 3863 1452 3981 Regali
1483 3867 1626 3982 magnis
1650 3866 1923 3980 pollicitationi

483 4008 485 4013 ·
476 3982 587 4087 „bus
613 4010 658 4070 et·
678 3986 843 4099 qualibet
870 3984 1001 4100 grandi
1032 3986 1211 4070 ntercede
1228 3984 1529 4087 conduceretur,
1555 4009 1599 4068 ut
1625 3985 1744 4072 altero
1768 3991 1922 4070 Ducum

476 4159 504 4205 „
522 4101 750 4209 conciliato,
780 4104 925 4190 alterius
952 4131 1043 4218 opes
1068 4134 1148 4188 non
1170 4100 1296 4188 forent
1317 4046 1626 4188 extimesceirdac.
1637 4109 1664 4153 “

317 4255 486 4306 ιιιιιιιιι
535 4220 640 4309 XlV.
700 4222 781 4306 Sed
802 4222 849 4307 de
873 4223 928 4307 his
953 4222 1062 4306 rebus
1084 4221 1270 4339 legatione
1297 4221 1403 4303 missa
1417 4249 1668 4335 ,responsum
1696 4247 1754 4308 est
1773 4253 1802 4306 a
1825 4225 1924 4308 Ger·

281 4320 462 4440 ἷῗέῗιιιιιξίιῗΠΙ
475 4395 501 4441 „
517 4336 672 4424 manis:
690 4344 783 4443 „Se
807 4330 882 4425 lide
913 4342 1005 4427 data
1030 4345 1327 4455 acceptaque&
1357 4337 1601 4451 jurejurando
1620 4341 1804 4445 sanxisse,
1823 4341 1923 4426 nulla

474 4455 697 4561 „societatis
723 4459 933 4573 partitione
950 4455 1070 4563 facta,
1091 4487 1226 4543 omnes
1251 4457 1423 4546 eamdem
1453 4485 1596 4570 semper
1623 4457 1707 4541 belli
1731 4457 1922 4544 lortunam

475 4614 502 4679 ·„
516 4575 694 4686 experiri.
716 4584 742 4627 “
768 4577 919 4669 Quibus
953 4578 1142 4691 responsis
1157 4575 1287 4692 legatis
1318 4574 1584 4680 redeuntibus,
1608 4576 1717 4662 tertio
1744 4577 1923 4692 Aegidius

473 4691 523 4775 ad
547 4694 736 4780 Montem
748 4696 939 4814 Regalem
954 4696 1096 4828 legatos
1122 4724 1208 4779 curn
1246 4694 1304 4779 his
1327 4694 1515 4779 mandatis
1542 4693 1683 4780 mittit:
1712 4695 1923 4798 „Quando

474 4855 500 4914 ι,
515 4810 678 4901 societati
706 4814 812 4897 nullis
845 4815 1012 4928 praemiis
1042 4813 1250 4927 persuaderi
1278 4836 1429 4926 posset,
1448 4837 1491 4898 ut
1521 4838 1588 4897 aut
1615 4836 1726 4917 tota,
1757 4837 1823 4899 ιιιι
1858 4813 1920 4898 ali⁴

470 4982 501 5034 ,‚
514 4959 592 5116 qua
614 4931 731 5046 ipsius
748 4962 833 5048 pars
856 4931 971 5022 sub
946 4931 1056 5048 signis
1081 4931 1251 5043 ecclesiae
1278 4931 1485 5037 militaret,
1515 4932 1610 5017 dum
1635 4874 1749 5044 libeie
1773 4933 1923 5050 uagati,

1838 5110 1866 5156 ῃ
1879 5077 1924 5137 ac
