4020 5864
583 372 1008 451 =·‘'··t11ntn‘m.
1465 396 1531 465 521

63 575 65 580 ,
106 510 397 621 corruerem:
418 504 492 596 Sed
508 498 691 621 quoniam
702 503 763 590 isti
779 502 877 608 ruo,
894 504 1058 588 Luthe're
1075 501 1100 602 ,ἓ
1113 508 1194 601 ram
1212 496 1435 616 impudehti
1447 514 1551 590 ment

106 633 215 719 dacio
230 629 342 716 sumis
362 626 600 712 occasionem
617 651 669 708 ex'
686 621 807 707 verbis
820 621 887 705 illis
906 619 1049 726 Pauli,
1072 638 1149 727 per
1163 629 1461 731 tegem‘cngnitio.
1467 632 1557 732 pec,-

105 759 183 834 cati
191 810 203 853 ,
226 777 327 866 quae
344 766 493 832 revera
509 738 798 858 pugnantissime
814 735 991 826 dissident
1016 769 1039 824 a
1055 762 1126 823 tua
1138 738 1352 844 sententia,
1370 768 1549 857 nongen-

102 868 221 952 vabor
237 866 367 974 hocin
396 861 487 947 loco·
500 865 615 947 verba
638 860 699 943 illa
727 858 855 961 Pauli,
884 886 1004 973 quam
1036 855 1257 943 brevissime·
1272 882 1408 971 potero
1425 914 1442 963 ,1
1462 863 1545 974 quo'

99 982 340 1097 pertineant,
365 979 475 1096 plane
502 1003 542 1065 et
564 1002 720 1092 aperte,
749 999 791 1063 et
810 1002 927 1092 quam
945 976 1021 1062 vim
1051 976 1242 1079 habeant,
1262 977 1468 1091 explicare,
1502 1007 1547 1065 ut

99 1124 139 1187 te
165 1103 268 1187 Pauli
287 1129 435 1188 sensum
464 1096 526 1184 vel
556 1097 794 1212 ignorantem
821 1095 993 1180 :doceam
1016 1093 1246 1210 intelligere,
1280 1093 1342 1180 vel
1357 1122 1417 1179 ex
1436 1095 1547 1183 indu·

100 1218 186 1305 stria
210 1221 347 1337 ,quod
364 1215 482 1332 magis
495 1214 640 1323 credo,
669 1235 974 1339 pervertentem,
1003 1207 1207 1321 manifesta.
1224 1211 1387 1337 lterinte
1410 1213 1547 1302 arcuar-

159 1368 233 1422 am.
426 1358 432 1369 '
818 1379 985 1427 t·

102 1366 244 1543 gquI.
304 1456 403 1541 Dico
424 1450 723 1547 i'turl’aulum
752 1452 822 1536 illic
841 1450 1015 1569 longiore
1048 1452 1226 1556 orationis
1241 1453 1543 1567 ,perpetuoque

99 1595 221 1660 tractu
235 1573 273 1660 id
290 1576 431 1690 agere,
458 1598 501 1657 ut
524 1569 663 1657 Christi
684 1571 871 1656 adventus
885 1576 1003 1687 quam
1023 1566 1135 1655 luerit
1162 1570 1211 1655 ad
1234 1578 1458 1655 cunctorum
1474 1573 1546 1660 hoe

99 1691 244 1776 minum
269 1691 425 1778 salutem
442 1690 686 1793 necessarius,
696 1689 879 1774 edoceat:
910 1689 988 1774 hoc
1000 1714 1127 1775 autem
1144 1686 1337 1792 ostendit,
1354 1688 1447 1773 dum
1464 1688 1546 1802 plu·

97 1808 198 1895 ribus
217 1810 339 1896 verbis
362 1815 525 1923 peccata
539 1806 738 1892 hominum
754 1807 968 1913 acerrime,'·
990 1806 1281 1923 neglectumque
1296 1805 1371 1903 Dei
1394 1806 1547 1892 mltum

96 1924 310 2013 insectatur.
342 1925 529 2013 Homines
545 1928 646 2010 enim
664 1924 808 2010 clamat
825 1928 986 2034 replens
1000 1949 1082 2008 esse
1101 1933 1200 2019 ‚ormi
1220 1924 1448 2031 iniquitate,
1470 1934 1548 2023 m

98 2045 187 2128 litia
201 2105 215 2151 ,
229 2042 513 2151 sorrricatione,
541 2051 715 2130 ovantia
729 2052 750 2149 ,'
767 2049 962 2152 nequitia,
989 2069 1030 2129 et
1055 2043 1191 2141 ceteris
1210 2042 1385 2128 omnibus
1416 2069 1546 2156 pecca»

98 2159 174 2268 tis,
202 2168 302 2278 quae
325 2161 549 2247 nominatim
573 2161 913 2277 persequitur.‘Ne
929 2160 1014 2274 quis
1031 2162 1299 2247 autem'verba
1313 2171 1394 2243 'sua
1407 2159 1470 2244 sic
1484 2188 1546 2247 ac*

96 2278 264 2393 ciperet,
294 2279 399 2393 quasi
414 2280 598 2412 ingentes
621 2280 816 2365 dumtaxat
833 2277 962 2383 dicta,
986 2302 1025 2364 et
1039 2286 1136 2383 eos,
1160 2276 1230 2392 qui
1244 2279 1366 2394 legem
1396 2275 1547 2393 ignora·

97 2419 211 2501 rent,
237 2424 316 2480 non
332 2396 445 2482 etiam
459 2398 508 2478 m
524 2392 720 2506 Judaeos,
747 2396 885 2510 quibus
911 2422 985 2508 per
1007 2399 1162 2480 Mosem
1187 2419 1228 2478 et
1257 2392 1459 2508 prophetas
1487 2396 1546 2486 lex

98 2511 189 2599 data
212 2537 335 2619 esset,
359 2537 400 2600 et
417 2511 592 2600 voluntas
613 2513 687 2599 Dei
702 2509 965 2616 manifestata,
992 2541 1144 2628 prorsus
1157 2534 1216 2596 ut·
1229 2509 1295 2597 ilh's
1325 2511 1462 2598 Christi
1478 2513 1547 2600 ad-

97 2656 234 2718 ventus
251 2655 346 2718 esset
377 2629 599 2716 necessarius
615 2689 630 2736 ,
645 2628 796 2744 *Judaei
810 2660 899 2716 cum
914 2629 1280 2745 legemghaberent,
1310 2629 1377 2715 tali
1407 2628 1546 2719 benefl-

96 2748 158 2833 cio
176 2748 263 2834 nihil
285 2746 519 2867 indigerent:
545 2772 703 2834 testatur
718 2747 887 2861 Judaeos
918 2746 1083 2863 pluribus
1092 2748 1308 2834 'etiamnum‘
1330 2747 1546 2861 et'n'rajori·

96 2867 168 2951 bus
185 2865 331 2983 flagitiis
347 2866 505 2983 obligari
522 2927 534 2971 ,
558 2868 730 2981 quicum
744 2865 868 2985 legem
884 2867 1069 2952 haberent
1086 2924 1101 2970 ‚
1130 2865 1223 2981 quid
1242 2876 1415 2970 r'ectuur',
1433 2878 1472 2952 e't
1487 2866 1546 2953 vi·-

95 2983 214 3068 cissim
229 3007 425 3098 peccatum
441 2984 489 3069 sit
508 2982 803 3089 ostendentem,
833 3008 873 3071 et
902 3008 1134 3100 recte-agere
1151 2982 1465 3097 praecipientem,
1483 2985 1545 3072 in·

98 3100 234 3186 utiliter
251 3127 377 3187 tamen
398 3130 483 3187 eam
507 3125 622 3216 atque
649 3102 749 3189 adeo
777 3119 866 3187 cum
886 3104 956 3188 suo
981 3099 1544 3210 detrimentoaeretinerent..Ni5

93 3217 233 3303 mirum
249 3219 337 3334 quia
352 3219 412 3305 lex
433 3245 518 3306 tum
534 3221 689 3318 demum
704 3244 762 3306 est
782 3217 996 3306 hominibus
1010 3214 1244 3323 rhucruosa,
1261 3247 1364 3309 cum.-
1375 3218 1544 3334 quaele·

92 3337 144 3450 'ge
168 3333 288 3422 facere
304 3335 511 3448 jubentur,
536 3364 809 3454 exsequuntur.
838 3340 987 3423 Contra
998 3365 1098 3425 aveto
1128 3338 1282 3453 quiper
1297 3337 1422 3452 legem
1441 3339 1543 3451 pem·

90 3477 223 3538 catum
245 3455 472 3572 cognoscit,
499 3477 538 3540 et
554 3484 654 3571 quae
677 3455 716 3540 in
731 3455 871 3542 ceteris·
882 3480 1059 3561 accusat,
1082 3455 1279 3572 haecipoe
1306 3476 1430 3570 patrat
1460 3481 1541 3543 mn

93 3568 320 3678 inscienter,
346 3573 439 3658 iseo
467 3571 618 3689 gravius
642 3571 856 3689 delinquit,
884 3602 966 3689 quo
998 3573 1119 3670 minus
1151 3598 1273 3687 potest
1288 3572 1541 3689 ignorantiam

89 3690 300 3796 excusare,
329 3691 405 3776 hoc
420 3713 477 3776 est
490 3690 590 3776 enim
616 3690 725 3805 quod
756 3690 832 3806 ipse
848 3691 924 3778 ait:
957 3693 1121 3800 Propter
1151 3696 1250 3798 quod
1271 3684 1541 3778 inexcusabilis

89 3831 167 3912 es,
193 3809 332 3895 oborto
356 3815 473 3893 omme
487 3869 508 3914 .,
532 3815 598 3917 qai
608 3812 764 3918 judicas
781 3816 852 3895 rin
867 3835 937 3918 quo
951 3817 1049 3896 enim
1066 3814 1222 3892 alterum
1245 3811 1429 3917 judicas,
1448 3826 1488 3892 re
1501 3815 1539 3892 ίῳ

89 3941 202 4031 psum
218 3930 445 4010 condemnas.
481 3930 533 4011 Et
545 3926 641 4012 ¹illud
657 3958 682 4011 ε.
699 3929 788 4011 Lex
802 3932 1053 4032 subintravit,
1068 3930 1336 4012 'ut'abuadaret
1353 3932 1538 4026 delictum.

89 4039 179 4130 Lex
195 4042 335 4158 igitur,
367 4042 670 4160 inquitPaulus,
701 4045 853 4159 Judaeis
881 4046 1017 4131 inutilis
1040 4068 1097 4129 est
1122 4103 1136 4150 ,
1161 4045 1343 4159 quoniam
1365 4045 1447 4161 lege
1469 4045 1538 4130 ah

94 4182 284 4268 utunmr,
312 4187 351 4248 et
378 4164 534 4249 scienter
553 4193 601 4249 ea
618 4160 737 4249 facere
760 4164 973 4269 omittunt,
1002 4190 1102 4278 quae
1125 4191 1190 4276 per
1218 4164 1339 4278 legem
1362 4160 1537 4274 iubentur
1669 4170 1672 4177 ’

93 4271 266 4363 efficere:
290 4281 459 4396 cognitio
487 4282 587 4366 enim
606 4282 694 4398 legis
723 4307 868 4370 rectum
897 4306 1095 4395 apeccato
1121 4279 1358 4366 discernentis
1388 4309 1537 4394 prorsus

90 4415 151 4478 cst
167 4395 247 4479 non
262 4421 363 4495 recte
378 4399 575 4514 agentibus
591 4399 759 4504 inutilis,
788 4401 897 4514 quod
927 4397 1105 4511 eiusdem
1123 4397 1290 4511 proxima
1314 4401 1438 4485 'verba
1471 4400 1536 4485 de.-

89 4510 459 4617 elara'nt‚'dicentis:
494 4516 656 4623 Gloria,
681 4510 849 4602 honoret
865 4539 951 4627 pax
967 4525 1061 4607 omni
1077 4527 1246 4623 operanti
1273 4520 1401 4600 honum
1430 4516 1535 4632 ,Ju
1587 4507 1683 4622 npssi'i

87 4631 358 4744 danssprssimmn
382 4651 420 4716 et
448 4634 622 4733 Graeco,
646 4661 716 4716 nou
748 4645 843 4716 enim
871 4638 930 4719 est
957 4641 1125 4743 acceptio
1155 4655 1403 4745 personarum
1434 4638 1540 4743 apud

88 4747 243 4831 Deum:
270 4757 687 4858 quicumqueenimst'ne
709 4757 791 4860 lege.
813 4769 1099 4862 peccauerunt,
1126 4764 1208 4838 siue
1233 4762 1313 4863 lege
1327 4756 1536 4864 peribunt:

92 4878 131 4948 et
152 4873 368 5074 pricunpgue
390 4871 441 4955 'i'rr
464 4876 545 4982 lege
564 4870 857 4982 paraverunt,
877 4892 952 4984 per
985 4880 1100 4981 legem
1125 4867 1412 4990 judicabuntur.
1446 4871 1536 4954 Non

94 5014 148 5062 z..
193 5010 261 5074 om.
333 5047 347 5076 .
707 5079 709 5082 ,
999 4993 1094 5086 ,Vvv
1245 5080 1249 5095 χ
1443 4996 1541 5077 enim
