4034 5858
519 405 591 489 340
938 389 1190 461 nnorootn
1213 374 1311 464 axo
1337 391 1484 462 trano

495 543 581 624 est,
604 541 643 603 et
657 516 791 632 passim
815 512 919 600 initio
946 510 1131 597 Ecclesiae
1147 508 1291 597 fiebat.
1322 511 1480 598 Accedit
1504 510 1616 628 quod
1632 509 1814 599 'infideles
1845 507 1948 598 Chri·

496 635 619 723 arianis
635 635 787 748 subiecti
809 629 946 717 facilius
969 630 1239 736 adducuntur,
1262 655 1308 715 ut
1332 656 1485 716 nostros
1517 659 1638 716 mores
1659 655 1698 718 et
1727 630 1949 747 religionem

496 779 726 871 sequantur.
760 757 854 836 Non
870 751 982 868 igitur
1000 749 1078 836 sola
1111 749 1387 865 praedicatione
1410 760 1461 834 'et
1483 749 1736 864 disputatione
1762 751 1948 835 utendum

497 898 581 977 est,
607 901 676 957 nec
708 871 747 956 in
774 899 971 987 paganos,
999 897 1068 953 nec
1092 870 1131 953 in
1159 867 1386 973 haereticos,
1416 893 1462 952 ut
1488 868 1527 953 in
1558 868 1747 982 primitiva
1771 868 1946 973 Ecclesia,

497 1019 585 1077 cum
606 988 727 1076 nullus
743 989 955 1103 Principum
969 987 1203 1090 crediderat,
1234 986 1300 1073 sed
1328 1015 1417 1072 cum
1438 983 1592 1071 facultas
1618 988 1746 1090 adsit,
1774 985 1831 1072 vis
1854 987 1948 1071 utilis

496 1134 536 1195 et
561 1108 761 1224 peimissa,
788 1106 1115 1223 quemadmodum
1143 1104 1409 1219 exposuimus,
1437 1105 1676 1192 adhibenda.
1708 1108 1823 1188 Haec
1850 1106 1948 1190 enim

413 1242 415 1247 '
498 1226 767 1342 expeditissima
781 1226 876 1312 ratio
889 1250 948 1311 est
972 1248 1101 1340 gentes
1123 1225 1173 1309 ad
1197 1223 1335 1309 Christi
1350 1221 1465 1309 fidem
1488 1223 1739 1310 convertendi
1757 1284 1769 1329 ,
1785 1247 1832 1308 ut
1849 1223 1948 1308 omni

498 1344 648 1430 saeculo
663 1373 719 1429 res
733 1345 810 1458 ipsa
825 1369 864 1431 et
890 1342 1059 1456 exempla
1076 1342 1304 1447 docuerunt,
1328 1370 1428 1458 quae
1444 1342 1614 1457 exempla
1631 1342 1708 1427 vim
1726 1341 1874 1427 habent
1890 1343 1949 1427 de·

499 1462 808 1568 monstrationis,
826 1487 918 1549 teste
945 1463 1082 1549 eodem
1102 1459 1318 1578 Augustino
1333 1461 1373 1545 in
1385 1460 1517 1546 eadem
1534 1462 1584 1546 ad
1600 1459 1850 1546 Vincentium
1878 1460 1947 1575 epi·

498 1580 608 1667 stola.
644 1579 762 1693 Cujus
777 1583 891 1670 verba
904 1579 1080 1666 translata
1095 1604 1182 1664 sunt
1200 1610 1265 1689 23.
1283 1581 1368 1694 q.6.
1398 1582 1535 1664 Vides:
1553 1579 1645 1662 Mea
1656 1588 1848 1689 primitus
1864 1639 1878 1685 ,
1893 1579 1948 1664 in·

499 1700 609 1815 quit,
627 1707 936 1803 renouauerat,
963 1705 1136 1781 nemiuem
1160 1702 1213 1781 od
1239 1696 1389 1782 Christi
1404 1713 1442 1780 et
1464 1704 1643 1782 erumnae
1658 1705 1843 1782 anitatem
1870 1725 1948 1782 esse

499 1821 725 1928 cogendum,
754 1820 887 1909 verbis
902 1843 984 1899 esse
1001 1820 1214 1926 agendum,
1241 1820 1491 1926 disputatione
1500 1819 1742 1926 pugnandum
1768 1874 1783 1921 ,
1809 1824 1949 1901 ratione

499 1941 748 2021 vincendum.
783 1937 866 2020 Sed
891 1937 983 2018 haec
1011 1960 1090 2016 mea
1109 1942 1316 2045 opinionon
1342 1940 1673 2019 contradicentium
1687 1938 1857 2039 vobis,
1887 1938 1951 2016 sed

498 2059 826 2138 demonstrantium
841 2054 1092 2163 superabatur
1111 2059 1303 2161 exemplis.
1321 2053 1425 2134 Nam
1435 2060 1600 2160 primum
1615 2055 1870 2161 opponebatur
1884 2062 1950 2134 mi·

499 2172 828 2277 heumannum,
860 2198 955 2280 quoe
976 2198 1057 2255 cum
1084 2185 1164 2255 tota
1176 2168 1324 2276 fuisset
1348 2177 1388 2252 in
1397 2186 1514 2281 parte
1544 2173 1722 2275 Donati,
1746 2175 1800 2251 ud
1819 2180 1952 2253 unita·

499 2303 573 2372 tem
589 2292 807 2375 catholicam
823 2296 942 2400 legum
970 2295 1218 2399 imperialium
1243 2296 1373 2372 timore
1389 2314 1572 2374 converso
1588 2304 1647 2372 est
1663 2350 1674 2372 .
1712 2289 1838 2395 Quom
1854 2316 1953 2373 nunc

500 2413 672 2492 videmus
684 2416 742 2491 ita
763 2415 1013 2494 animositatis
1036 2423 1189 2490 vestrae
1206 2414 1412 2515 perniciem
1428 2410 1641 2512 detestari,
1669 2421 1712 2489 ut
1728 2417 1769 2489 in
1784 2433 1831 2489 eo
1848 2434 1952 2489 num·

309 2546 378 2658 mee
398 2546 486 2657 geria
500 2526 748 2634 quamfuisse
762 2530 952 2611 credatur.
986 2531 1039 2610 Et
1067 2523 1155 2610 item
1181 2524 1272 2609 aliae
1298 2523 1450 2609 multae.
1475 2524 1647 2610 Thomas
1663 2553 1842 2641 quoque:
1868 2527 1952 2634 ,Quo

311 2620 385 2717 cols
421 2610 448 2658 δ’
461 2619 596 2751 ῗαηηο
616 2705 628 2750 ,
650 2644 802 2760 inquit,
833 2644 1097 2728 Constantinus
1114 2667 1318 2726 conversus
1347 2658 1405 2725 est
1423 2645 1477 2723 ad
1487 2640 1608 2742 fidem
1624 2701 1639 2748 ,
1657 2648 1856 2754 baptizata
1870 2658 1954 2729 sura

503 2772 610 2847 circa
621 2779 757 2870 partes
772 2758 961 2855 Pomanus
973 2769 1061 2871 pius
1078 2787 1185 2866 quom
1202 2774 1344 2844 centum
1362 2763 1691 2844 milliahomiuam.

562 2880 664 2992 Xlll.
722 2880 845 2977 Quod
860 2879 1010 2969 evenire
1038 2903 1185 2964 constat
1209 2876 1346 2963 eodem
1370 2878 1546 2963 modain
1571 2879 1642 2964 hac
1658 2880 1838 2966 Indorum
1861 2908 1956 2966 con-

503 2999 702 3103 versione,
731 2998 823 3113 qui,
850 3026 938 3084 cum
954 2993 1090 3082 fuerint
1115 2996 1352 3082 inditionem
1369 2995 1507 3081 redacti
1524 3059 1536 3104 ,
1556 3021 1595 3084 et
1616 2998 1735 3111 impiis
1764 3027 1955 3084 sacrorum

503 3115 633 3200 ritibus
661 3116 867 3230 prohibiti,
897 3115 961 3202 vix
992 3114 1208 3230 evangelica
1231 3113 1507 3230 praedicatione
1535 3116 1663 3204 audita
1691 3178 1704 3221 ,
1736 3116 1953 3233 agminatim

504 3231 707 3319 confluunt
723 3234 950 3349 baptismum
965 3231 1224 3349 postulantes,
1256 3234 1306 3317 sic
1327 3231 1427 3318 enim
1450 3227 1528 3318 fere
1557 3234 1757 3320 hominum
1790 3264 1895 3321 more
1909 3260 1954 3318 ac

503 3375 640 3436 natura
654 3351 915 3467 comparatum
930 3377 987 3438 est
1003 3414 1016 3459 ‚
1047 3376 1092 3437 ut
1108 3352 1195 3439 victi
1223 3346 1327 3446 facile
1343 3349 1382 3436 in
1397 3381 1545 3438 morem
1557 3405 1558 3408 κ
1570 3353 1761 3441 victorum
1787 3378 1829 3439 et
1844 3354 1955 3468 impe

503 3469 667 3556 'santium
692 3494 913 3577 transeant,
946 3496 987 3557 et
1026 3466 1125 3556 facta
1168 3469 1344 3586 dictaque
1377 3500 1512 3556 eorum
1543 3470 1700 3560 libenter
1733 3469 1954 3558 imitentur.

502 3590 636 3704 Itaque
656 3588 728 3673 hac
757 3589 903 3675 ratione
921 3588 1047 3703 paucis
1076 3589 1206 3675 diebus
1231 3589 1354 3703 plures
1384 3614 1424 3674 et
1453 3590 1570 3677 tutius
1587 3592 1637 3678 ad
1668 3589 1811 3677 Christi
1843 3589 1956 3676 fidem

502 3731 806 3812 convertuntur,
831 3737 949 3822 quarn
964 3704 1118 3795 fortasse
1135 3707 1307 3794 trecentis
1339 3707 1444 3794 annis
1470 3708 1549 3794 sola
1577 3709 1857 3825 praedicatione
1872 3736 1954 3793 con

164 3921 168 3930 ,
325 3907 391 3959 m
403 3906 489 3958 m·
503 3848 759 3925 verterentur.
778 3825 888 3909 Fieri
901 3832 1000 3909 enim
1015 3850 1083 3910 non
1094 3840 1221 3934 potest
1237 3884 1251 3930 ,
1267 3849 1312 3912 ut
1335 3824 1583 3943 Philosophus
1607 3828 1688 3931 ait,
1719 3844 1786 3912 aut
1802 3854 1872 3913 non
1885 3825 1956 3933 fa-

303 3977 352 4019 m.
389 3939 403 3972 ⁶·
503 3947 573 4026 tile
589 3940 675 4048 fit,
704 3959 748 4027 ut
762 3970 807 4026 ea
822 3946 955 4027 vobis
971 3959 1155 4029 mutemur
1172 4004 1185 4048 ,
1202 3957 1240 4026 et
1254 3947 1532 4052 extrudamur,
1560 3973 1653 4054 quae
1667 3955 1851 4056 impressa
1864 3959 1957 4029 sunt

503 4064 667 4146 moribus
685 4120 699 4166 ‚
731 4057 965 4170 temporeque
979 4066 1154 4148 diuturno
1172 4076 1342 4149 retema.
1370 4067 1504 4178 ltaque
1521 4064 1560 4152 vi
1575 4096 1672 4180 opus
1688 4093 1766 4151 esse
1780 4062 1844 4149 ait.
1876 4064 1957 4148 Um

504 4179 680 4266 denatae
698 4178 913 4298 sintleges,
944 4208 1044 4294 quae
1059 4180 1137 4265 vim
1168 4206 1379 4298 cogentem,
1399 4181 1562 4283 habent.
1597 4181 1672 4268 Cui
1704 4180 1865 4270 naturali
1887 4181 1957 4267 do-

504 4296 620 4411 gmati
638 4297 798 4383 maxime
812 4299 993 4387 convenit
1016 4298 1224 4416 Augustini
1256 4300 1520 4416 Ambrosiique
1549 4300 1751 4408 doctrina,
1774 4299 1958 4389 etEccle·

504 4411 577 4497 siae
600 4440 716 4529 atque
731 4418 812 4499 Gre
837 4415 907 4500 orii
931 4416 1182 4531 sapientissimi
1208 4418 1336 4531 Papae
1360 4417 1556 4531 decrerunt
1577 4418 1618 4504 in
1641 4444 1861 4507 memorato
1879 4447 1957 4533 cap.

503 4537 542 4614 si
563 4556 651 4614 non.
695 4532 769 4632 Qu
854 4532 975 4618 solum
1005 4563 1135 4649 perse
1168 4560 1294 4650 potest
1316 4565 1473 4621 omnem
1497 4538 1794 4628 controversiam
1816 4537 1859 4622 in
1892 4537 1959 4621 hac

293 4742 303 4763 ι
364 4659 366 4661 ’
502 4676 613 4743 causa
645 4647 841 4734 communi
864 4650 948 4766 lege
976 4653 1197 4770 rationeque
1217 4653 1419 4755 dirimere.
1451 4652 1641 4773 Congruit
1666 4654 1781 4747 etiam
1804 4652 1959 4768 Joannis

502 4767 605 4852 Scoti
621 4767 820 4871 doctrina,
842 4767 910 4882 qui
923 4769 1103 4879 majorem
1124 4771 1237 4857 etiarn
1253 4771 1338 4857 -vim
1363 4770 1402 4855 in
1420 4772 1604 4863 tradenda
1628 4773 1809 4892 religione
1824 4771 1960 4863 infide·

477 4969 482 4978 ,
501 4883 599 4971 libus
625 4910 664 4972 et
681 4883 759 5001 filiis
776 4882 980 4992 infidelium
996 4888 1163 4976 adhiberi
1178 4914 1329 4998 censet,
1358 4920 1398 4999 4.
1413 4901 1678 4995 sententiarum
1689 4897 1831 5007 dist.4.
1854 4922 1895 5012 q.
1910 4896 1961 4976 ul·
