4034 5858
529 389 595 464 nt
619 382 766 483 Jusrrs
790 388 924 460 amm
950 388 1119 462 cauus.
1438 406 1533 493 34,

83 548 169 613 tur.
205 526 343 637 Neque
358 541 486 604 tamen
504 516 721 632 negaverim
737 543 844 629 posse
860 539 1006 628 tempus
1033 513 1220 618 incidere,
1247 531 1335 601 cum
1351 515 1430 603 sita
1447 519 1530 604 sub

78 646 238 758 jectione
255 641 527 741 barbarorum,
558 637 642 720 licet
657 633 820 751 eogendi
836 629 989 751 facultas
1002 633 1120 738 adsit,
1150 636 1462 747 temperandum:
1488 665 1530 727 ut

75 765 105 848 si
125 763 206 879 quis
236 758 410 871 Princeps
436 784 523 840 cum
541 785 607 839 sua
624 753 773 842 civitate
789 778 856 838 aut
872 779 1014 870 gente,
1044 782 1125 838 non
1154 778 1260 838 metu
1276 779 1314 840 et
1328 755 1529 844 simulatio-

75 910 157 986 ne,
183 879 250 966 sed
266 909 333 964 sua
364 900 500 990 sponte
517 874 621 958 bona
653 871 728 957 fide
756 872 886 986 spiritu
902 873 976 957 Dei
991 867 1140 957 afflatus
1157 934 1176 977 ,.
1200 875 1395 990 magistros
1421 879 1530 963 Chri·

76 1001 218 1086 stianae
234 996 457 1114 religionisa
479 993 612 1079 nostris
635 991 870 1105 postularet,
904 992 931 1075 si
947 1020 1077 1108 quove
1104 992 1177 1077 alio
1204 1019 1293 1077 casu
1308 1019 1408 1080 recta
1433 998 1529 1083 ratio

74 1118 115 1204 in
142 1116 305 1204 maxima
329 1144 453 1201 rerum
483 1113 736 1197 humanarum
767 1109 974 1217 varietate,
1003 1140 1122 1225 quam
1147 1140 1224 1195 una
1256 1113 1384 1230 regula
1410 1116 1530 1201 metiri

74 1268 158 1325 non
176 1238 403 1352 possumus,
429 1232 675 1316 barbarorum
692 1229 799 1315 saluti
814 1230 918 1314 aliter
943 1228 1135 1315 consulere
1163 1229 1453 1318 adhortaretur:
1480 1233 1530 1319 le-

79 1357 190 1473 gibus
221 1355 321 1441 enim
346 1376 462 1465 atque
489 1349 692 1464 praeceptis
720 1409 732 1452 ,
761 1348 855 1465 quid
884 1347 923 1431 iu
950 1377 1108 1464 quoque
1137 1378 1273 1465 genere
1311 1381 1450 1468 magna
1484 1382 1531 1440 ex

75 1500 184 1589 parte
200 1472 278 1558 fieri
295 1494 497 1585 oporteat,
520 1467 776 1554 constituitur.
818 1470 955 1552 Cetera
980 1528 992 1573 ,
1021 1495 1119 1579 quae
1147 1493 1250 1553 extra
1267 1471 1439 1555 ordinem
1469 1500 1531 1556 ac-

74 1594 235 1696 cidunt,
262 1590 447 1702 justorum
465 1586 679 1699 Principum
704 1609 743 1670 et
767 1586 975 1698 proborum
1005 1585 1203 1690 virorum,
1232 1587 1297 1701 qui
1317 1591 1434 1674 rebus
1459 1620 1531 1707 ge·

74 1711 199 1797 tendis
225 1705 451 1823 praefuerint
478 1766 490 1807 ,
520 1703 768 1816 prudentiae,
806 1729 919 1817 prout
960 1702 1055 1787 ratio
1081 1704 1175 1790 boni
1202 1706 1338 1817 publici
1368 1709 1540 1821 postula->

75 1830 159 1934 bit,
177 1825 469 1912 administranda
485 1823 770 1937 relinquuntur:
806 1847 849 1907 ut
865 1820 1110 1935 Philosophus
1129 1824 1241 1909 Polit.
1257 1830 1318 1908 Ill.
1337 1851 1376 1912 et
1398 1830 1532 1914 Etru.

76 1947 141 2033 lib.
159 1947 211 2031 V.
228 1945 404 2051 declarat.

135 2067 280 2150 XXVI.
342 2065 412 2144 Ad
424 2068 646 2169 septimum:
683 2060 791 2174 quod
807 2057 943 2144 Paulus
958 2057 1008 2142 ad
1036 2059 1274 2173 sepertinere
1308 2090 1451 2180 negat,
1487 2067 1532 2150 de

78 2190 148 2288 eis,
165 2179 345 2291 quiforz's
359 2196 458 2284 sunt,
469 2183 674 2286 judicare,
689 2179 792 2262 hunc
807 2178 922 2263 habet
938 2177 1183 2284 intellectum,
1202 2209 1282 2264 non
1306 2210 1384 2267 esse
1402 2213 1534 2270 mune·

77 2301 125 2385 ris
153 2299 385 2414 Apostolici,
417 2322 460 2381 ut
484 2326 507 2379 a
539 2297 787 2399 Christianis,
817 2296 867 2382 sic
891 2296 940 2379 ab
955 2296 1031 2399 eis,
1061 2297 1128 2411 qui
1154 2323 1257 2382 extra
1277 2296 1391 2385 fidem
1420 2327 1532 2408 sunt,

75 2418 179 2505 vitae
195 2418 378 2502 rationem
396 2442 578 2529 poscere,
604 2439 645 2498 et
662 2437 705 2498 ut
723 2413 931 2498 Christiane
950 2414 1081 2501 vivant
1115 2416 1335 2530 postulare.¹
1352 2421 1534 2505 Ceterum

76 2535 168 2621 dare
184 2564 368 2650 operam,
390 2559 434 2617 ut
453 2533 564 2617 iidem
580 2533 630 2617 ad
646 2531 782 2616 Christi
809 2529 924 2616 fidem
939 2557 1210 2619 convertantur
1230 2595 1241 2639 ,
1269 2562 1312 2617 ac
1339 2536 1389 2619 eis
1414 2567 1539 2626 evan-.

78 2654 218 2770 gelium
237 2652 476 2766 praedicate,
505 2675 544 2736 et
570 2649 727 2754 omnia,
755 2677 855 2765 quae
871 2651 920 2736 ad
937 2651 1012 2734 hoc
1036 2653 1241 2738 commode
1269 2655 1535 2765 praestandum

78 2772 339 2872 conducunt,
369 2800 439 2884 pro
469 2764 646 2853 facultate
671 2768 825 2873 conari,
851 2769 1044 2884 proprium
1075 2798 1151 2854 esse
1180 2771 1343 2855 muneris
1370 2779 1535 2887 Aposto·
1635 2862 1636 2865 γ

78 2889 162 2996 lici,
188 2919 268 2974 non
286 2888 408 2973 solum
428 2888 593 2998 ejusdem
610 2886 746 2990 Pauli,
772 2887 838 2972 sed
856 2888 978 2972 omnis
993 2888 1164 2975 omnium
1184 2889 1455 3004 Apostolorum
1483 2892 1538 2980 vi-

79 3033 147 3114 ta,
184 3033 224 3092 et
240 3009 293 3091 ob
316 3007 356 3091 id
377 3006 545 3120 oppetita
562 3034 662 3089 mors
692 3003 920 3091 testificatur.

142 3129 306 3210 XXVII.
366 3122 490 3220 Quod
509 3154 602 3211 vero
617 3123 778 3237 pertinet
792 3124 841 3210 ad
858 3124 1062 3210 editionem
1079 3125 1186 3231 libri,
1217 3126 1353 3242 inquo
1381 3126 1536 3214 belli-fa·

74 3243 204 3329 ciendi
232 3241 367 3353 justitia
382 3268 421 3327 et
438 3242 532 3327 ratio
549 3304 560 3347 ,
577 3267 616 3327 et
631 3244 724 3357 quid
741 3241 844 3352 jure,
874 3242 968 3358 quid
984 3243 1112 3354 injuria
1129 3243 1194 3329 fiat
1212 3305 1225 3348 ,
1244 3246 1450 3332 declaratur
1467 3309 1478 3352 ,
1496 3273 1536 3334 et

83 3362 278 3451 crudeliter
302 3385 417 3475 atque
434 3390 547 3448 avare
573 3357 671 3445 facta
696 3360 988 3475 vituperantur,
1019 3364 1047 3447 si
1072 3363 1153 3476 quis
1179 3364 1280 3449 miles
1299 3389 1365 3449 aut
1395 3361 1536 3479 praef-

82 3505 164 3589 etus
180 3509 245 3594 pet
272 3482 511 3565 occasionem
535 3478 617 3562 libri
637 3508 675 3562 se
692 3482 859 3592 peccasse
876 3479 1027 3584 dixerit,
1061 3480 1089 3564 is
1116 3511 1181 3594 per
1203 3482 1453 3598 ignorantiam
1480 3479 1535 3565 af-

82 3594 260 3683 fectatam
278 3623 316 3684 et
334 3599 509 3684 malitiam
529 3660 540 3694 ,
567 3626 631 3681 seu
648 3625 714 3710 pet
729 3596 944 3681 scandalum
959 3598 1239 3685 Pharisaeorum
1259 3599 1450 3715 deliquisse
1481 3596 1535 3684 fa·

84 3714 153 3800 cile
176 3717 444 3802 convincetur.
476 3721 622 3801 Contra
638 3743 732 3800 vero
758 3745 805 3800 ex
833 3714 996 3802 editione
1023 3715 1104 3802 libri
1135 3718 1227 3802 haec
1252 3719 1412 3802 maxima
1436 3747 1536 3803 com·

85 3835 206 3920 moda
221 3860 520 3950 consequentur.
560 3834 732 3920 Tolletur
759 3865 941 3951 magnum
972 3836 1188 3921 scandalum
1224 3861 1261 3921 et
1287 3833 1437 3921 infamia
1462 3842 1538 3923 Re-

82 3983 177 4068 gum
194 3981 410 4040 nostrorum
427 3982 466 4041 et
482 3955 667 4058 nationis,
696 3953 762 4069 qui
775 3955 895 4068 vulgo
911 3980 1065 4070 propter
1089 3951 1219 4039 falsam
1239 4013 1252 4058 ,
1286 3965 1352 4040 aut
1369 3955 1465 4039 male
1483 3956 1538 4039 in·

83 4071 269 4159 tellectam
305 4074 561 4191 quorumdam
573 4071 862 4189 Theologorum
892 4073 1101 4159 doctrinam
1123 4073 1253 4185 iniuste
1277 4098 1315 4158 et
1342 4072 1542 4186 tyrannice.

84 4186 160 4271 hos
180 4192 356 4279 barbaros
380 4195 419 4276 in
449 4223 554 4278 suam
571 4191 753 4278 ditionem
779 4192 961 4308 redegisse
977 4217 1186 4307 putantur,
1214 4216 1257 4276 ut
1279 4192 1433 4306 quidam
1459 4220 1534 4299 nu-

85 4333 156 4421 per
183 4308 499 4422 impudentissime
527 4310 717 4427 prodidit.
747 4310 907 4396 Deinde
931 4310 998 4427 qui
1025 4341 1071 4396 ex
1099 4311 1169 4393 hac
1200 4310 1435 4423 expeditione
1464 4341 1535 4395 au-

84 4454 174 4512 rum
198 4426 259 4511 vel
282 4455 481 4544 argentum
498 4431 704 4516 retulerunt
720 4491 732 4533 ,
748 4428 842 4542 quid
859 4427 976 4539 juste,
1006 4428 1100 4543 quid
1130 4429 1262 4541 injuste
1294 4429 1535 4544 paraverint,

85 4543 184 4656 quid
216 4543 295 4654 jure
322 4548 478 4634 retinere
503 4550 642 4662 possint
677 4609 689 4651 ,
714 4548 808 4662 quid
838 4547 1026 4631 restituere
1059 4547 1251 4652 debeant,
1279 4544 1382 4633 facile
1414 4573 1453 4633 et
1487 4547 1536 4641 ab

83 4661 172 4775 ipsis
188 4687 227 4748 et
242 4694 265 4746 a
281 4668 531 4752 sacerdotibus
553 4729 564 4771 ,
582 4667 715 4781 quibus
731 4690 881 4778 peccata
896 4663 1150 4773 confitentur,
1167 4666 1400 4782 intelligetur.
1420 4672 1535 4749 Nunc

85 4779 191 4873 enim
208 4783 358 4897 utrique
374 4785 413 4870 in
430 4816 571 4902 magnaw
582 4785 665 4898 juris
692 4783 928 4898 ignoratione
943 4812 1146 4872 versantur.

88 4964 90 4967 -
154 4903 338 5005 XXVlll.
395 4915 585 4995 Postremo
602 4901 845 5019 ,quaestione
861 4929 1067 5114 peroragpx,
1092 4913 1128 4992 si
1141 4903 1230 4988 Rex
1239 4916 1386 5014 perstet
1402 4907 1441 4983 in
1457 4923 1540 4983 sen·
1555 4943 1731 5071 Remtg

457 5074 459 5076 ·
1070 5049 1096 5107 2
1459 5034 1543 5102 den·
1705 5068 1733 5116 1„
