4006 5850
684 399 889 471 arnan
937 399 967 465 r.
1381 359 1384 365 ’
1442 399 1512 483 '421

94 529 205 646 quod
231 524 318 612 nihil
343 521 461 611 officit
497 520 731 608 contractui:
766 553 853 607 cum
880 546 1007 608 tamen
1032 550 1137 608 error
1164 522 1201 604 in
1228 509 1387 636 persona
1414 523 1540 606 matri·

97 646 266 732 monium
291 643 469 760 impediat
492 641 575 758 lege
605 656 785 725 naturae:
810 640 905 726 tollit
931 641 1032 725 enim
1064 639 1222 725 liberum
1248 665 1473 725 consensum
1500 637 1540 724 in
1600 705 1602 708 ψ

93 764 276 877 eoquod
304 787 361 848 est
384 761 488 848 velut
513 758 716 844 substantia
747 759 972 874 nuptiarum.

152 884 219 965 Vl.
279 881 343 966 Ad
370 880 491 981 haec,
522 876 733 992 ineptitudo
749 877 798 961 ad
828 905 983 991 operam
999 874 1236 992 conjugalem
1253 875 1452 991 ignorata,
1479 904 1541 961 ea·

90 995 180 1084 dem
210 999 293 1114 lege
336 994 615 1081 matrimonium
649 993 824 1081 infirmat.
858 1001 943 1079 Nec
978 991 1118 1098 refert,
1137 1018 1271 1078 natura
1309 992 1348 1077 id
1378 993 1540 1099 malum,

89 1145 141 1200 an
161 1144 280 1220 casu,
311 1111 540 1201 veneficiove
566 1109 676 1197 fuerit
703 1137 952 1198 contractum.
977 1118 1028 1196 Et
1043 1110 1197 1225 quidem
1213 1110 1356 1223 optima
1372 1111 1541 1195 ratione:

89 1261 180 1318 narn
208 1263 290 1346 quo
322 1231 468 1317 sublato
497 1257 630 1315 neuter
658 1230 870 1344 nuptiarum
902 1227 983 1312 linis
1008 1230 1237 1345 contingat,
1265 1229 1340 1311 hoc
1370 1228 1398 1311 si
1418 1229 1544 1314 abesse

79 1350 141 1434 wab
165 1379 245 1457 eo,
275 1349 335 1433 cui
366 1349 467 1463 paria
483 1376 565 1433 non
590 1343 800 1432 referuntur
816 1411 827 1454 ,
844 1348 1066 1463 ignoretur,
1094 1345 1240 1431 nutabit
1264 1346 1368 1432 haud
1398 1346 1543 1452 dubie,

46 1572 48 1575 Ι
95 1490 163 1554 aut
186 1491 336 1553 corruet
351 1466 475 1580 potius
491 1465 774 1550 matrimonium
792 1526 805 1570 ,
821 1463 1124 1550 commutationis
1155 1464 1348 1579 iniquitate
1371 1490 1452 1550 non
1483 1494 1547 1550 co-

94 1584 212 1701 gnita.
242 1591 310 1670 Est
336 1610 465 1670 autern
495 1583 669 1668 naturalis
690 1583 903 1698 ineptitudo
918 1582 956 1664 in
982 1582 1066 1668 viro
1090 1606 1269 1696 perpetua
1300 1583 1458 1667 membri
1480 1612 1547 1699 ge·

92 1702 213 1788 uitalis
242 1702 430 1813 deiectio,
464 1728 562 1816 quae
585 1698 763 1817 frigiditas
791 1699 1029 1815 appellatur,
1063 1724 1129 1786 aut
1144 1699 1319 1786 virilitatis
1333 1699 1547 1787 orbitas:in

91 1815 236 1904 femina
262 1844 419 1904 naturae
434 1817 669 1922 coarctatio,
700 1818 763 1904 vel
777 1818 827 1903 ad
854 1846 986 1902 omnes
1001 1818 1102 1904 viros
1118 1817 1206 1922 ,vel
1222 1817 1272 1901 ad
1288 1845 1401 1921 eum,
1424 1820 1472 1903 de
1487 1846 1546 1902 cu·

88 1933 148 2050 jus
178 1937 419 2024 matrimonio
438 1936 561 2052 agitur
580 1998 592 2041 ,
608 1934 722 2020 relata
744 1967 752 2019 :
785 1936 822 2018 in
851 1960 1013 2050 utroque
1041 1932 1220 2020 infirmior
1246 1933 1372 2039 aetas,
1388 1963 1487 2049 quae
1503 1934 1560 2029 li·v

90 2054 192 2141 nitur
218 2055 439 2170 pubertate:
470 2053 715 2140 accidentaria
741 2082 870 2158 vero,
909 2082 1008 2167 quae
1040 2081 1105 2167 per
1138 2051 1316 2140 veneficia
1355 2051 1417 2137 vel
1450 2078 1547 2138 artes

26 2208 31 2219 ·
87 2173 254 2287 magicas
283 2171 483 2293 quaesita,
520 2170 644 2257 virum
672 2198 755 2257 tum
787 2171 837 2256 ad
868 2171 1038 2256 omnium
1059 2167 1280 2257 feminarum
1312 2170 1546 2276 concubitus,

85 2287 178 2373 alias
211 2289 263 2376 ad
289 2291 366 2403 eius
395 2288 617 2403 amplexus,
644 2288 694 2374 de
711 2318 789 2405 qua
815 2289 1004 2404 quaeritur
1021 2287 1219 2394 ,inutilem
1241 2284 1376 2373 fecerit.
1394 2290 1547 2386 Quibus

86 2434 134 2491 ex
164 2406 288 2491 causis
318 2403 420 2491 facto
449 2403 654 2512 divortio,
686 2406 855 2520 compoti
895 2407 946 2491 ad
979 2404 1124 2490 alterius
1153 2406 1299 2519 nuptias
1327 2406 1478 2490 transire
1505 2404 1547 2490 li·

87 2546 174 2608 cet:
208 2524 343 2637 impoti
378 2552 459 2610 non
495 2522 579 2608 licet
605 2585 618 2629 ,
645 2522 711 2606 nisi
741 2521 872 2639 frigeat
902 2522 989 2608 huic
1014 2520 1142 2633 injuria
1172 2519 1369 2627 veneficii,
1393 2524 1460 2638 qui
1484 2552 1546 2608 ce·

87 2640 173 2725 teris
214 2638 432 2726 mulieribus
460 2639 605 2726 virilem
635 2671 801 2754 operamw
823 2641 911 2727 dare
942 2669 1022 2726 non
1054 2641 1285 2755 impediatur.
1315 2647 1416 2725 Nam
1446 2669 1546 2758 quae

87 2757 221 2844 mulier
245 2760 299 2845 ob
325 2756 557 2845 naturalium
588 2760 777 2875 angustias
807 2759 909 2845 bunc
937 2761 1061 2867 uirum
1075 2788 1156 2844 non
1178 2759 1426 2864 admittebat,
1456 2759 1546 2845 easi
1575 2801 1577 2808 ’

88 2874 204 2961 alium
225 2902 376 2992 experta
410 2875 527 2991 priori
557 2872 669 2963 fuerit
695 2875 821 2962 habilis
851 2874 977 2984 facta,
1011 2878 1059 2961 ad
1091 2877 1212 2991 ipsum
1240 2876 1432 2991 pristinum
1465 2907 1544 2962 ma·

86 2991 235 3100 ritum,
264 2995 293 3079 si
318 2993 440 3081 similis
471 2994 515 3079 sit
541 2994 733 3111 utriusque
765 2995 962 3100 conditio,
988 2993 1070 3111 lege
1096 3018 1306 3082 revocatur.

143 3113 233 3217 vn.
293 3115 487 3198 Praeterea
518 3113 609 3200 sacri
626 3112 764 3198 ordinis
785 3111 945 3198 initiatio
974 3112 1128 3226 perinde
1150 3113 1275 3198 obstat
1292 3112 1543 3220 matrimoni0,
1556 3105 1735 3225 „323322‘35

86 3231 144 3313 Ita
159 3255 250 3313 cum
278 3227 356 3315 aliis
380 3230 513 3316 clericis
540 3231 616 3347 sint
644 3229 818 3347 permissa
835 3229 1040 3345 conjugia3
1069 3229 1318 3315 sacerdotibus
1337 3288 1349 3334 ,
1366 3230 1543 3336 diaconis,
1555 3237 1624 3343 {3332
1632 3229 1734 3345 {¹335ss

85 3369 126 3430 et
156 3344 394 3433 subdiaconis
429 3347 579 3464 penitus
604 3373 691 3434 sunt
725 3347 920 3433 interdicta
938 3380 948 3432 :
965 3374 1003 3433 et
1020 3346 1074 3454 ,si
1102 3343 1238 3433 luerint
1251 3372 1442 3434 contracta
1459 3410 1471 3453 ,
1488 3348 1541 3434 di·
1553 3346 1732 3464 ξξῑξξῗῃςῷξ

85 3461 275 3550 rimuntur
292 3525 305 3570 ,
343 3494 426 3550 non
443 3466 563 3552 solum
578 3467 668 3581 quia
693 3491 837 3552 stanuo
854 3464 1038 3550 Ecclesiae
1054 3463 1183 3550 talium
1203 3465 1445 3551 matrimonia
1454 3491 1542 3552 sunt
1555 3465 1640 3512 ‘¹¹⁰¹‘

32 3613 40 3620 ’
85 3576 310 3696 illegitima,
339 3583 404 3668 sed
440 3612 486 3668 ea
510 3613 666 3698 quoque
698 3582 746 3667 de
777 3612 886 3668 causa
905 3642 919 3688 ‚
935 3584 1043 3699 quod
1058 3583 1124 3698 qui
1140 3584 1245 3670 sacris
1263 3584 1453 3669 ordinibus
1478 3583 1543 3667 ini·

90 3694 206 3783 tiatur
244 3757 259 3803 ,
289 3699 473 3787 Ecclesiae
508 3699 613 3786 velut
651 3700 803 3787 vinculo
839 3700 1074 3788 indissolubili
1108 3702 1305 3818 copulatur
1330 3730 1343 3805 3
1367 3704 1389 3746 ³
1419 3700 1544 3786 astrin-
1629 3742 1642 3771 ·

87 3813 269 3950 girurque
308 3817 463 3903 solemni
505 3842 602 3904 voto
642 3817 814 3904 castitatis
845 3846 857 3921 3
893 3848 991 3934 quae
1026 3819 1170 3904 castitas
1217 3848 1306 3904 cum
1342 3817 1540 3905 liberorum
1553 3800 1630 3910 narii
1643 3802 1731 3913 llil?

86 3960 349 4045 procreatione
392 3960 561 4020 constare
590 3964 671 4023 non
709 3960 832 4050 potest
864 3935 947 4054 lege
979 3962 1167 4023 naturae:
1197 3966 1296 4052 quae
1329 3939 1538 4051 procreatio
1551 3919 1729 4038 diffidi:

1552 4049 1577 4085 et
1609 4036 1726 4091 lnl'erlus:

88 4045 158 4157 (ut
192 4080 302 4166 saepe
332 4051 521 4167 diximus)
541 4050 622 4140 finis
647 4056 819 4168 proprius
848 4078 904 4139 est
934 4054 1171 4140 matrimonii.
1206 4060 1309 4140 Nam
1335 4054 1417 4140 licet
1441 4055 1536 4142 inter
1546 4094 1681 4165 pamm
1702 4116 1731 4151 a.

70 4163 255 4298 ,Mariam
287 4193 326 4255 et
345 4171 515 4285 Joseph,
545 4172 612 4286 qui
642 4173 847 4259 castitatem
873 4172 1020 4261 vovisse
1049 4172 1283 4276 creduntur,
1312 4201 1443 4259 verum
1458 4169 1687 4307 ἤιε-Τὼ
1704 4250 1726 4298 3·

91 4305 138 4365 rrt
165 4286 411 4398 conjugium,
443 4288 512 4375 alia
546 4313 672 4378 tamen
701 4292 796 4377 ratio
827 4288 897 4376 fuit
927 4289 1070 4377 illarum
1088 4291 1302 4404 nuptiarum
1319 4351 1331 4394 ,
1347 4290 1386 4374 in
1401 4291 1536 4406 quibus
1622 4263 1702 4344 ”³

93 4397 181 4483 sine·
207 4399 301 4485 virili
332 4432 445 4536 opera
463 4404 582 4519 proles
609 4409 766 4526 contigit
793 4408 967 4496 divinitus
983 4470 997 4515 ,a
1011 4432 1049 4494 ct
1064 4431 1216 4514 cetera,
1237 4436 1335 4525 quae
1350 4407 1453 4494 bona
1469 4442 1538 4497 vo·
1551 4366 1730 4550 ξὲέἕὲιῖυἷὲ

94 4540 228 4602 cantur
247 4522 469 4610 matnmonii
486 4585 499 4629 ,
516 4521 716 4611 affuerunt.
746 4532 877 4640 Itaque
902 4526 1037 4613 metito
1063 4526 1331 4640 impedimentis
1346 4525 1535 4638 hujusmo·
1567 4545 1670 4652 saliit
1686 4607 1730 4654 m.

90 4632 165 4738 di,
196 4635 368 4722 castitatis
394 4665 460 4725 aut
493 4640 675 4756 religionis
704 4667 842 4726 votum
870 4670 1163 4749 annumeratur,
1184 4645 1303 4730 modo
1318 4641 1426 4729 fuerit
1443 4674 1539 4729 nun·
1552 4662 1730 4781 ggggngggg

97 4777 279 4865 cuparum
310 4754 545 4842 solemniter:
577 4759 684 4871 quod
709 4755 875 4843 bifariam
890 4761 1047 4866 accidit,
1065 4766 1106 4809 *⁸
1121 4762 1181 4850 vel
1199 4763 1288 4846 sacri
1317 4761 1454 4848 ordinis
1473 4791 1540 4845 rnr·
1554 4784 1727 4830 terrester-

1554 4842 1594 4890 br:
1608 4840 1732 4900 atquibus·

91 4866 273 4990 tiatione,
290 4873 355 4922 *⁸*
376 4873 438 4966 vel
467 4873 652 4990 religionis
682 4874 903 4964 auctoritate
935 4879 1118 4971 Ecclesiae
1150 4877 1418 4996 comprobatae
1449 4909 1539 4994 pro·
1555 4899 1607 4949 dam
1630 4898 1730 4959 puceu

1557 4962 1603 5011 sed
1616 4963 1693 5012 mule·

1472 4994 1543 5099 fes·
