4020 5864
612 361 1049 438 1uannsmum
1446 386 1510 459 5„

96 529 189 616 opes
211 495 408 616 er'gen'eris
434 489 640 579 'claritatem
665 488 822 606 reliquas
845 489 893 575 illi
911 489 1151 606 voluptatum
1174 489 1386 577 occasiones
1399 488 1534 578 defuis·

93 644 145 703 se.
164 619 248 704 *Sed
266 646 353 702 cum
369 612 595 700 robustiores
609 637 729 696 annos
750 611 788 694 in
804 609 1015 696 studiorum
1035 610 1142 725 quasi
1157 610 1357 725 palaestra,
1374 635 1412 697 et
1428 612 1531 696 scho

93 735 220 821 lasticis
238 730 565 848 disceptationibus
589 729 872 835 consumsisset,
890 754 1012 815 aetate
1037 729 1346 847 ingravescente,
1364 730 1530 816 studium

92 850 264 939 transfert
296 852 347 937 ad
381 849 566 935 mitiorem
597 847 789 965 magisque
804 875 842 934 et
874 848 1077 960 jucundam
1116 873 1156 934 et
1185 843 1415 933 fructuosam
1446 855 1528 936 Au·
1667 892 1671 895 v

89 972 216 1089 gustin
254 969 579 1085 Hieronymique,
597 992 636 1053 et
658 967 816 1053 aliorum
833 993 1006 1052 veterum
1034 991 1074 1052 et
1104 966 1406 1084 gravissimorum
1422 968 1528 1053 theo

89 1089 267 1206 logotum
284 1087 509 1191 lectionem,
535 1114 661 1202 quos,
694 1112 932 1171 cumeorum
963 1111 1211 1172 monumenta
1240 1111 1359 1172 noctu
1388 1084 1525 1202 dieque

87 1234 284 1312 versaret,
309 1206 360 1292 sic
385 1204 637 1292 admirabatur
671 1265 683 1308 ,
714 1230 757 1290 ut
783 1203 977 1290 Thomam
1003 1228 1132 1290 tamen
1173 1233 1218 1290 ac
1246 1207 1402 1292 Scotum
1425 1232 1527 1318 spet-

85 1325 233 1412 nendos
249 1353 329 1410 non
346 1348 493 1439 putaret
510 1384 521 1427 ,
546 1322 783 1439 reliquosque
809 1321 1045 1409 scholasticos
1061 1322 1292 1440 theologos,
1324 1321 1392 1439 qui
1416 1323 1523 1409 theo·

84 1439 225 1560 logiam
242 1441 386 1530 munire
411 1441 521 1529 armis
545 1441 828 1557 philosophiae,
860 1440 996 1556 quibus
1022 1442 1233 1558 oppugnari
1258 1439 1428 1544 solebat,
1457 1442 1523 1528 do

84 1586 256 1648 cuerunr.
283 1561 372 1674 Jam
397 1590 490 1648 vero
507 1589 626 1645 sacras
641 1559 778 1645 litteras
794 1584 874 1645 tam
888 1555 1079 1645 familiares
1108 1561 1174 1646 sibi
1191 1555 1327 1645 fecerat
1349 1558 1523 1674 lectitan-

84 1677 168 1783 do,
199 1705 243 1765 ut
261 1678 401 1764 nemini
418 1679 535 1795 magis
564 1678 701 1764 domus
728 1708 795 1783 sua
817 1702 911 1763 nota
938 1700 1033 1763 esset
1060 1676 1127 1793 (ut
1142 1676 1263 1793 inquit
1291 1676 1350 1762 illc
1374 1678 1521 1793 po'e‘ta)

84 1823 201 1911 quam
218 1799 285 1913 ipsi
314 1797 465 1883 historia
481 1794 675 1911 utriusque
690 1795 914 1882 testamenti.
1401 1836 1412 1856 ν

143 1917 233 2000 XV.
293 1918 543 2030 Quamquam
561 1913 671 2031 igitur
701 1913 878 2000 Albertus
893 1911 979 1998 Pius
996 1911 1216 2027 reipublicae
1238 1912 1523 2002 administratio·

81 2031 121 2116 ni
138 2032 345 2119 multorum
376 2061 564 2118 annorum
599 2033 836 2149 praecipuam
862 2056 991 2117 curam
1008 2030 1230 2146 impenderit
1246 2093 1258 2136 ,
1274 2030 1522 2149 legationibus

83 2151 288 2237 amaximis
304 2151 427 2235 Princi
453 2150 534 2235 ibus
578 2149 682 2266 apud
712 2149 884 2263 Julium,
912 2154 1081 2263 Leonem
1104 2174 1144 2236 et
1169 2147 1405 2235 Clementem
1422 2155 1522 2236 Pon·

83 2264 198 2354 rihces
227 2268 408 2354 maximos
424 2182 603 2370 itherus,
625 2267 692 2382 qui
723 2291 764 2352 et
795 2268 861 2380 ipsi
886 2265 1084 2380 prudentia
1116 2265 1198 2379 ejus
1226 2291 1266 2352 et
1296 2268 1449 2354 consilio
1482 2270 1522 2356 in

88 2384 243 2470 summis
275 2386 384 2470 rebus
413 2384 643 2469 utebantur:
680 2382 866 2498 quidquid
896 2407 1025 2469 tamen
1054 2385 1231 2498 temporis
1255 2385 1362 2501 Reip.
1395 2416 1522 2500 super·

85 2526 165 2587 erat
191 2501 321 2608 inea,
351 2501 401 2588 de
421 2501 556 2616 quibus
586 2500 707 2588 modo
722 2499 796 2586 dixi
811 2500 1045 2610 ,litterarum
1062 2501 1184 2587 studia
1204 2497 1433 2589 conferebat.
1451 2495 1521 2591 His

82 2616 210 2735 itaque
228 2647 321 2734 puer
329 2617 536 2706 ¹delectatus
551 2643 606 2705 est
619 2681 632 2724 ,
644 2618 683 2703 in
698 2617 754 2705 his
770 2618 985 2706 adolescens
1000 2643 1039 2705 et
1067 2616 1285 2706 florentibus
1300 2620 1405 2707 annis
1420 2651 1521 2709 sum·

80 2766 147 2823 mo
161 2737 314 2855 ingenio
353 2765 398 2822 ac
431 2736 618 2855 diligentia
634 2763 800 2824 versatus
819 2796 832 2843 ,
854 2737 893 2822 in
910 2737 965 2823 his
980 2736 1144 2852 denique
1169 2737 1376 2826 consenuit.
1404 2740 1518 2835 Quae

79 2881 167 2940 cum
198 2854 386 2943 norissima
402 2855 474 2942 sint
498 2882 578 2940 non
608 2851 781 2942 Pontifici
810 2854 962 2960 solum,
987 2881 1026 2942 et
1055 2855 1195 2941 cunctis
1226 2856 1519 2967 Cardinalibus,

79 2999 178 3087 quos
196 2973 378 3060 mendacii
405 2997 516 3061 testes
528 2972 641 3058 citare
656 2970 758 3059 nefas
773 2973 850 3077 sit,
873 2973 1136 3060 verumetiam
1152 2972 1259 3059 omni
1286 3004 1356 3089 pro
1418 2976 1518 3064 dixe·

79 3089 151 3174 rim
178 3091 261 3177 orbi
283 3114 492 3178 terrarum:
520 3089 662 3198 miror,
686 3089 790 3202 cuius
812 3088 996 3204 pudoris,
1022 3116 1088 3177 aut
1102 3091 1321 3206 prudentiae
1383 3094 1452 3181 erit
1479 3096 1519 3183 in

79 3205 236 3315 virum,
259 3209 363 3323 cujus
388 3205 566 3296 facundia
606 3237 830 3325 summaque
853 3207 1012 3294 eruditio
1034 3210 1175 3295 cunctis
1195 3209 1408 3298 hominibus
1439 3238 1520 3299 crat

79 3351 300 3443 perspecta,
325 3328 432 3416 istam
464 3353 606 3416 sunere
620 3327 876 3434 calumniam,
897 3355 997 3442 quae
1020 3325 1089 3412 nisi
1116 3326 1373 3414 inhominem
1400 3327 1519 3416 infan-

82 3441 291 3552 tissimum,
316 3472 355 3534 et
370 3445 494 3533 omnis
510 3445 703 3532 doctrinae
718 3445 852 3532 rudem
869 3505 882 3550 ,
904 3444 1053 3561 probari
1069 3446 1243 3561 cuiquam
1261 3475 1340 3531 non
1358 3470 1518 3562 poterat.

81 3561 179 3674 Quis
194 3564 295 3648 enim
316 3563 487 3651 dictionis
502 3562 657 3650 adhibet
671 3563 947 3678 expolitotem,
971 3561 1040 3649 nisi
1055 3563 1121 3677 qui
1137 3565 1314 3650 barbatus
1339 3565 1416 3680 ipse
1448 3592 1519 3676 est,

81 3704 121 3763 et
146 3708 169 3763 a
193 3680 367 3794 politiore
394 3682 602 3769 litteratura
617 3680 777 3768 alienus?
805 3680 889 3796 quis
917 3706 1179 3797 suggestores,
1203 3707 1520 3773 commonstrato·

80 3821 216 3914 resque
243 3798 533 3915 scripturatum,
559 3823 892 3917 argumentorum,
917 3800 1219 3916 dogmatumque
1234 3799 1518 3918 theologorum,

82 3913 148 4000 nisi
174 3914 242 4033 qui
266 3945 385 4004 sacras
406 3917 543 4004 litteras
566 3916 627 4003 vel
645 3944 882 4034 numquam,
903 3916 966 4005 vel
993 3945 1175 4032 perquam
1190 3916 1319 4005 leviter
1342 3919 1518 4036 attigerit,

83 4059 129 4120 ac
143 4033 376 4162 theologiam
392 4063 541 4150 prorsus
566 4036 741 4172 ignoret?
770 4035 808 4119 in
837 4033 974 4151 quibus
997 4033 1125 4120 nudis
1152 4034 1353 4121 Albertum
1369 4037 1518 4124 Piuma

81 4177 201 4262 puero
215 4182 347 4260 suam,
371 4183 471 4270 quae
491 4154 566 4272 jam
581 4153 864 4272 tngravescebat
876 4174 1063 4261 ,aetatem
1078 4151 1319 4241 consumsisse
1336 4211 1349 4260 ,
1365 4152 1519 4272 ignora-

83 4293 125 4352 re
141 4296 256 4358 nemo
287 4295 424 4384 potest.

138 4387 244 4474 XVI.
303 4391 436 4488 Quam
451 4389 562 4506 igitur
579 4417 707 4476 ansam
722 4451 734 4495 ,
764 4417 880 4505 quam
896 4386 1054 4475 demum
1069 4386 1305 4477 occasionem
1320 4387 1519 4481 calumnia·

79 4521 181 4589 tores
197 4505 296 4592 nacti
309 4530 425 4613 sunt,
452 4532 532 4594 ram
546 4507 688 4625 insigne
701 4507 971 4612 mendacium,
996 4506 1104 4622 quod
1129 4503 1315 4596 deferrent
1327 4511 1376 4598 ad
1406 4518 1520 4599 Eras-

78 4647 200 4726 mum,
218 4624 551 4714 comminiscendi?
578 4625 725 4712 Accidit
746 4623 848 4712 enim
876 4620 954 4712 fere
975 4652 1042 4739 per
1059 4623 1235 4713 malitiam
1264 4627 1520 4737 delatoribus,

79 4763 208 4826 mente
248 4740 453 4860 animoque
482 4742 644 4878 aegrotis
670 4742 911 4849 homimbus,
939 4743 1048 4859 quod
1073 4771 1138 4860 per
1167 4771 1331 4830 errorem
1361 4743 1521 4832 febrien-

78 4852 178 4943 tibus
195 4860 445 4969 usuvenire,
474 4858 689 4950 Arutoteles
702 4884 872 4950 testatur.
897 4865 955 4951 Ut
970 4862 1071 4949 etaim
1089 4860 1343 4979 biperexigua
1356 4862 1524 4979 quadam

83 5053 86 5058 ,
139 4973 249 5066 Tum.
268 4975 340 5075 IV.
809 5019 811 5022 ⁴
877 4985 987 5078 Aaaa
1485 4981 1533 5069 li·
