4020 5864
673 391 1087 467 INERASMUM
1196 404 1197 408 ’
1510 403 1573 486 565

158 527 381 644 majorisque
404 524 598 612 doetrinae
627 519 742 608 fidem
770 515 980 605 faciendam
1011 517 1362 625 accommodatius,
1392 545 1436 606 ut
1464 546 1602 606 cuma

157 648 281 733 multis
295 646 412 731 multa
427 669 595 760 peccasse
611 638 777 758 arguaris
790 700 802 745 ,
816 637 965 751 culpam
980 635 1145 752 aliquam
1159 667 1380 755 agnosceres
1397 699 1410 742 ,
1427 665 1470 725 ut
1486 638 1603 724 mani·

154 763 343 851 festissima
357 789 533 878 quaeque
549 757 802 861 confitendo,
820 781 943 840 cetera
958 815 971 860 ,
985 756 1034 841 de
1051 757 1188 871 quibus
1219 756 1335 872 magis
1368 756 1594 874 ambigitur,

154 909 190 969 re
220 912 299 967 non
331 877 501 996 superba
519 876 752 995 pertinacia,
774 876 839 962 sed
862 901 967 960 recto
990 875 1136 988 ‘judicio
1166 876 1286 984 tueri,
1321 874 1605 993 quamplurimis

149 1000 346 1118 probares.
863 1062 865 1067 >
1051 1028 1053 1031 ’
1238 996 1241 1001 ’
1586 1006 1590 1010 ’

213 1120 399 1202 XXXIV.
461 1115 535 1201 Sed
551 1113 736 1230 quoniam
751 1115 836 1201 satis
851 1112 903 1199 ad
917 1109 1144 1220 calumnias,
1157 1141 1252 1232 quas
1269 1113 1326 1199 isti
1341 1113 1602 1230 sycophantae

154 1236 194 1320 in
209 1261 315 1321 tuam
334 1234 490 1352 gratiam
504 1231 820 1347 impudentissime
837 1232 1042 1319 commenti
1059 1258 1146 1318 sunt
1163 1294 1175 1338 ,
1193 1233 1465 1348 respondimus,
1481 1256 1520 1318 et
1534 1234 1605 1320 do-
1638 1271 1640 1274 ·

154 1353 241 1460 los,
267 1354 406 1468 quibus
437 1350 583 1437 Alberti
615 1349 789 1467 dignitati
813 1347 1012 1464 famaeque
1039 1350 1334 1456 insidiabantur,
1366 1351 1601 1457 deteximus,

152 1471 338 1587 simulque
354 1469 536 1573 oonvicia,
552 1469 689 1583 quibru
703 1467 783 1578 ejus
799 1495 929 1552 manes
940 1468 1128 1553 insectaris
1141 1473 1183 1574 ,'
1203 1492 1344 1553 temere
1375 1496 1420 1553 ac
1448 1491 1594 1583 praeter
1616 1460 1798 1581 1,2„'„,‚„,

155 1619 272 1675 omne
288 1588 461 1674 meritum
478 1587 712 1699 jactaraesse
723 1586 921 1670 docuimus
939 1611 1165 1699 :tsupetest,
1190 1612 1236 1671 ut
1261 1586 1408 1698 objecta
1424 1586 1462 1671 in
1492 1611 1531 1672 te
1552 1587 1602 1673 ab
1616 1580 1797 1694 {f‘ufffgf'gssf

104 1737 106 1742 ·
152 1706 317 1793 :Alberto
346 1704 413 1792 Pio
438 1704 628 1790 cummis
656 1698 940 1788 refutationibus
977 1705 1106 1819 aliqua
1136 1733 1184 1789 ex
1213 1729 1319 1818 parte
1344 1699 1603 1793 conferamus.

159 1829 262 1910 Nam
278 1824 423 1942 singula
443 1821 614 1941 persequi
626 1821 732 1906 nimis
749 1848 842 1906 esset
866 1822 1042 1938 longum,
1057 1847 1097 1908 et
1115 1821 1291 1936 putidum
1307 1818 1490 1928 fortassis,
1508 1851 1602 1908 can-

158 1942 309 2042 tilenam
327 2001 341 2048 ,
358 1967 402 2028 ut
417 1942 493 2055 ipse
510 1941 590 2046 ais,
617 1939 729 2026 toties
744 1963 934 2024 cantatam
962 1941 1156 2045 recinere,
1181 1969 1306 2056 eoque
1323 1940 1468 2056 magis,
1492 1942 1602 2055 quod

151 2059 334 2173 ,jamnon
347 2061 385 2147 id
401 2058 624 2177 agitur,‚ut
638 2087 739 2175 quae
761 2056 973 2163 tuasseris,
998 2052 1089 2141 falsa
1113 2085 1190 2142 esse
1208 2057 1310 2164 ,vel
1335 2058 1446 2142 eriam
1474 2059 1602 2146 haere

156 2179 241 2264 rica*
258 2179 564 2265 convincantur:⁴
583 2175 634 2261 sic
647 2177 749 2262 enim
764 2173 814 2260 ad
830 2174 979 2282 obiecta
1000 2176 1203 2288 respondes
1211 2215 1243 2280 „·
1256 2200 1300 2261 ut
1325 2175 1482 2292 ubique¹
1493 2187 1535 2264 re
1561 2177 1602 2266 id

148 2295 307 2381 sensisse
324 2293 556 2410 profitearis,
580 2294 691 2406 quod
712 2319 837 2405 neque
850 2290 1021 2426 religioni
1045 2292 1276 2402 Christianae
1297 2293 1343 2377 sit
1357 2295 1602 2402 contrarium,

159 2415 286 2527 neque
303 2435 517 2497 sanctorum
542 2415 697 2495 Parrum
727 2432 795 2498 aut
817 2409 1076 2495 Conciliorum
1105 2408 1258 2496 decretis
1282 2411 1512 2498 adversetur.
1557 2416 1602 2498 ln

151 2560 242 2647 quo
257 2529 330 2642 jam
346 2530 436 2617 illud
451 2553 531 2634 est,
560 2527 670 2643 quod
689 2526 847 2614 Alberto
867 2527 937 2613 Pio
979 2553 1020 2613 et
1044 2528 1200 2634 ceteris,
1224 2528 1346 2645 quiin
1374 2552 1413 2615 te
1446 2529 1601 2644 scripse·

159 2673 282 2753 runt,
310 2648 467 2766 gratiam
495 2646 660 2732 habeant
686 2645 859 2730 catholici
887 2645 1085 2731 Christiani
1116 2703 1131 2751 ,
1158 2646 1267 2761 quod
1297 2673 1531 2764 quamquam
1561 2672 1602 2734 te

158 2796 240 2852 non
257 2766 450 2885 adegerint
466 2789 551 2871 ,rut
568 2789 818 2879 teperperam
847 2762 1026 2878 scripsisse
1048 2761 1257 2851 confitearis
1287 2787 1444 2879 aperte,
1471 2790 1601 2853 tamen

159 2884 251 2971 illud
281 2880 543 3000 perfecerunt,
567 2908 611 2967 ut
640 2880 814 2996 ancipitia
847 2906 1092 2996 suspectaque
1117 2906 1271 2968 tuorum
1294 2885 1474 2968 librorum
1501 2883 1601 2991 loca,

155 3029 199 3089 et
215 3032 313 3119 quae
329 3024 505 3119 poterant
532 3001 582 3086 ab
605 2998 796 3084 haereticis
824 2999 1044 3085 Lutheranis
1057 3000 1097 3084 in
1120 3030 1226 3085 suam
1255 3001 1476 3089 sententiam
1495 3003 1603 3090 haud

158 3149 248 3207 sane
277 3119 564 3236 improbabiliter
581 3116 828 3232 detorqueri,
856 3116 905 3202 sic
933 3116 1297 3231 interpretationibus
1321 3119 1600 3235 temperaveris,

157 3262 203 3324 ut
219 3237 247 3324 si
261 3238 355 3354 quid
371 3237 416 3325 sit
432 3236 567 3353 ,quod
590 3237 763 3340 temere,
787 3233 990 3320 autminus
1005 3234 1187 3321 catholice
1203 3236 1346 3324 dicrum
1361 3236 1470 3326 fuisse
1495 3238 1600 3326 vide·

158 3355 189 3443 ri
206 3356 319 3471 possit
337 3417 350 3463 ,
366 3355 633 3472 poenitentiam
650 3382 739 3468 prae
754 3375 793 3437 te
809 3348 932 3458 feras,
955 3377 995 3439 et
1006 3381 1172 3441 errorem
1188 3378 1298 3440 tuum
1316 3357 1371 3462 ,si
1394 3385 1476 3442 non
1494 3384 1601 3471 aper·

155 3497 231 3578 re,
255 3500 463 3592 utcumque
490 3498 618 3560 tamen
642 3467 867 3557 testificeris:
893 3472 1073 3586 ut'ipsa,
1109 3471 1390 3589 qualiscumque
1417 3500 1502 3579 est,
1532 3498 1600 3561 tua

155 3587 390 3680 confessione
430 3593 581 3680 veniam
596 3589 646 3675 ab
661 3589 788 3706 aequis
814 3647 830 3695 ,
851 3615 922 3675 nec
936 3588 1044 3676 nimis
1064 3589 1198 3676 severis
1213 3589 1392 3704 judicibus
1414 3590 1599 3678 merearis.

158 3710 255 3795 Non
272 3709 384 3829 igitur
407 3711 481 3824 jam
495 3709 546 3797 de
567 3734 636 3798 tua
657 3731 785 3797 mente
801 3707 986 3795 disseritur
1007 3765 1023 3816 ,
1043 3736 1159 3826 quarn
1182 3732 1222 3796 te
1248 3709 1432 3824 optimam
1453 3736 1601 3825 semper

152 3824 342 3934 habuisse,
359 3828 421 3917 vel
432 3828 461 3914 si
476 3829 609 3945 scripta
625 3827 859 3916 mamardme
874 3825 1132 3935 reclamarent,
1145 3827 1211 3916 tibi
1226 3850 1354 3914 tantm
1366 3828 1599 3914 credendum

151 3970 253 4039 esset
279 3947 420 4065 ubique
434 3946 474 4034 id
489 3946 744 4051 assevermti3
768 3945 833 4034 sed
852 3945 902 4035 de
930 3945 1142 4034 constantia
1174 3946 1362 4033 dictorum
1388 3971 1543 4034 tuorum
1559 3969 1598 4032 et

154 4063 327 4150 acumine
351 4124 364 4172 ‚
385 4065 556 4152 nonnihil
571 4065 684 4153 eriam
702 4065 751 4152 de
779 4064 980 4183 prudentia
1002 4090 1068 4151 tua
1098 4060 1318 4180 disputatur.
1340 4071 1402 4151 De
1428 4096 1510 4182 quo
1535 4088 1598 4152 ta·

155 4207 243 4265 men
262 4179 437 4271 Albertars
461 4184 547 4270 Pius
570 4246 582 4291 ,
609 4214 688 4300 qua
709 4209 789 4270 erat
810 4182 1004 4301 ¹grauitate
1029 4208 1068 4269 et
1091 4183 1268 4298 sapientia
1299 4194 1316 4287 (
1340 4183 1450 4269 crede
1476 4180 1597 4298 mihi)

153 4322 365 4415 numquam
381 4297 507 4387 fuisset
533 4299 692 4389 solicitus
709 4364 733 4409 „
761 4301 829 4388 nisi
843 4329 929 4387 eam
944 4324 1051 4386 tuam
1065 4301 1214 4418 culpam
1240 4302 1408 4415 putasset
1428 4303 1445 4414 (
1462 4300 1597 4416 qualis·

153 4439 320 4531 cumque
333 4427 405 4523 est>
427 4446 536 4534 posse
550 4418 601 4505 ad
626 4418 832 4506 multotum
848 4443 1119 4508 nocumentum
1137 4419 1348 4505 redundare
1368 4477 1383 4524 ,
1418 4419 1596 4535 quidum

152 4529 269 4619 libros
291 4559 379 4622 tuos
402 4535 553 4652 simplici
583 4537 711 4623 animo
735 4538 897 4655 legunt,
920 4563 984 4642 te,
1018 4537 1081 4623 cui
1108 4537 1238 4623 omnia
1249 4536 1450 4642 tribuunt,
1478 4537 1594 4670 longe

151 4649 257 4735 aliter
274 4653 392 4739 multa
407 4655 540 4740 sentire
556 4678 692 4767 putant
709 4715 721 4760 ,
746 4684 863 4768 quam
879 4655 955 4769 ipse
970 4651 1089 4742 factus
1106 4684 1211 4761 reus,
1228 4656 1322 4742 dum
1339 4683 1410 4770 pro
1424 4678 1463 4738 te
1491 4654 1594 4758 dicrs,

149 4767 341 4884 ingeniose
357 4768 628 4885 interpretaris:
652 4800 756 4888 quos
774 4772 887 4856 etiam
916 4797 1033 4888 arque
1055 4773 1169 4862 etiam
1192 4773 1456 4861 admonendos
1483 4797 1593 4885 pura·

150 4884 206 4975 sir
219 4885 276 4976 vir
290 4885 459 5004 publicae
473 4888 622 5008 pietatis
635 4887 944 5000 studiosissimus,
969 4919 1051 5010 quo
1067 4893 1251 4985 cautiores
1274 4914 1395 4988 esent
1407 4917 1531 5096 ,nep
1546 4887 1593 4976 lis

158 5062 188 5074 --
1530 5037 1591 5098 ros
