4050 5858
603 375 863 448 trata
910 375 957 444 11.
1447 396 1517 472 257

78 505 217 592 hunc
207 506 316 624 ιςῐιιιιΙ
340 503 524 592 modum
533 501 765 620 philosophis
790 504 912 619 placet
937 502 1150 592 indiscretas
1178 530 1260 594 esse
1283 500 1465 595 uirtutes:
1494 534 1534 597 et

70 627 255 742 quoniam
283 625 432 710 suntin
462 623 573 710 rebus
600 623 755 741 agendis
782 650 887 711 ratae
910 625 1102 740 quaedam
1129 625 1335 712 sententiae
1365 628 1530 743 (Graeci

72 754 264 830 axiomata
280 743 438 879 dicunt)
471 741 649 828 omnibus
668 742 866 847 virtutibus
893 770 1146 847 communes,
1165 773 1265 859 quae
1289 746 1340 831 ad
1364 745 1532 864 fungen-

72 863 161 948 dam
191 891 308 949 unam
335 864 524 950 virtutem
543 861 750 977 cognitae,
774 862 825 949 ad
850 885 989 947 ceteras
1019 863 1358 950 accommodantur
1389 867 1527 987 eodem

71 982 221 1116 modo,
236 980 555 1096 continenturque
582 981 807 1094 prudentia,
826 981 904 1066 sine
921 1010 999 1095 qua
1018 979 1120 1066 nulla
1140 1011 1293 1067 morum
1308 981 1425 1069 virtus
1440 982 1532 1070 con·

71 1097 191 1207 sistit,
206 1124 247 1185 et
272 1127 371 1214 quae
398 1126 475 1184 una
502 1098 531 1184 si
561 1097 686 1204 adsit,
702 1126 836 1184 omnes
862 1099 970 1184 simul
994 1099 1121 1185 adesse
1136 1099 1373 1185 Aristoteles
1371 1127 1439 1188 est
1458 1131 1525 1188 au·
1543 1082 1662 1164 Wef·

70 1241 178 1304 cror.
180 1223 258 1304 At
281 1247 398 1302 unam
416 1217 592 1307 virtutem
614 1246 695 1302 non
719 1217 875 1334 quidem
893 1218 1068 1303 omnibus
1094 1217 1166 1302 suis
1191 1217 1354 1303 numetis
1375 1220 1524 1307 absolu

70 1359 153 1444 tam
170 1397 183 1439 ,
200 1335 266 1422 sed
286 1360 413 1422 tamen
440 1335 515 1449 jam
543 1334 712 1423 adultam
729 1365 795 1451 per
820 1366 859 1422 se
874 1365 983 1451 posse
1000 1335 1229 1440 consistere,
1245 1335 1374 1422 ceteris
1398 1339 1525 1427 adhuc

70 1455 113 1538 in
130 1454 194 1540 illis
210 1483 315 1570 quast
304 1454 532 1540 seminibus
547 1454 799 1541 residentibus
810 1482 1002 1570 ,negare,
1020 1484 1090 1541 nec
1114 1455 1247 1553 rationi
1257 1457 1469 1590 congruit,
1484 1484 1524 1546 et

71 1601 156 1657 usur
144 1569 450 1660 manifestarum
472 1601 597 1660 rerum
613 1573 854 1659 adversatur.
884 1573 1013 1658 Non
1002 1574 1114 1710 igitur
1129 1571 1388 1678 Christianus,
1405 1605 1433 1658 sr
1422 1571 1521 1661 '·for

14 1703 19 1711 '
70 1689 117 1775 tis
140 1714 180 1776 et
208 1691 336 1807 magni
366 1691 480 1776 animi
509 1686 632 1775 officia
660 1691 843 1826 negligit,
857 1716 902 1777 ut
926 1690 1128 1806 praeceptis
1158 1692 1294 1779 serviat
1318 1636 1545 1809 religionis,

72 1809 243 1923 protinus
269 1808 426 1894 aharum
455 1807 639 1895 virtutum
667 1808 776 1924 inops
800 1833 838 1894 et
862 1837 990 1924 expers
1020 1810 1137 1897 videri
1160 1809 1295 1896 debet.
1513 1840 1518 1854 ’

136 1930 223 2011 VII.
284 1932 384 2012 Dru.
405 1930 573 2013 Recte
544 1955 587 2012 tu
602 1925 781 2057 quidem,
799 1927 993 2042 leopolde
1010 1988 1022 2032 ,
1033 1928 1365 2044 philosophomm
1372 1952 1519 2015 senten

71 2044 165 2128 tiam
195 2044 245 2131 de
268 2044 501 2130 connexione
527 2044 711 2131 viruirum
733 2044 948 2171 explicasti,
953 2047 1039 2132 sed
1060 2045 1148 2134 vide
1176 2074 1225 2131 ne
1251 2045 1350 2131 forre
1380 2043 1520 2136 eisdem

73 2161 186 2248 etiam
214 2189 319 2247 nunc
340 2162 515 2279 angustiis
542 2191 763 2281 urgeamur
795 2167 876 2248 Cur
897 2165 997 2250 enim
1026 2164 1255 2251 Christianus
1279 2188 1418 2250 ceteras
1446 2164 1535 2253 vir·

74 2301 173 2366 tutes
193 2279 313 2366 colit?
341 2309 472 2366 nonne
499 2306 653 2396 propter
678 2282 947 2367 honestatem
938 2310 1128 2398 ipsarum,
1147 2310 1191 2368 ac
1212 2306 1257 2366 ut
1285 2282 1442 2396 imperio
1464 2312 1521 2370 re·
1621 2356 1637 2378 ,
1687 2317 1692 2327 ·

73 2396 325 2484 tractationis
349 2398 614 2532 obtemperet?
641 2397 758 2484 Laos.
787 2404 883 2485 Non
907 2400 960 2485 ob
981 2398 1019 2485 id
1045 2424 1194 2486 tantum
1210 2459 1223 2504 ,
1239 2400 1305 2485 sed
1320 2400 1485 2486 multo
1459 2425 1521 2487 et·
1531 2413 1533 2416 ⁴

72 2515 150 2600 iam
176 2516 320 2633 magis,
337 2543 381 2602 ut
402 2516 476 2604 Dei
495 2518 566 2603 lon
593 2516 868 2634 e'gravioribus
877 2517 1078 2633 praeceptis
1096 2519 1346 2653 obsequatur.
1369 2521 1522 2605 Cuncta

71 2634 175 2719 enim
194 2634 495 2722 Christianomm
522 2547 707 2720 officiam
736 2640 864 2720 Deum
888 2636 1028 2722 debent
1043 2636 1163 2751 quasi
1174 2636 1215 2719 in
1239 2664 1430 2770 summum
1448 2635 1519 2724 bo·
1584 2682 1585 2687 ¹

73 2778 168 2836 ιιιιιιι
190 2760 307 2867 atque
326 2753 500 2841 ultimum
520 2753 640 2839 finem
660 2755 912 2840 contendere.
943 2758 1044 2837 Dnr.
1070 2760 1134 2840 Αιι
1158 2753 1198 2839 id
1216 2751 1428 2867 proprium
1441 2782 1521 2841 esse

73 2874 183 2984 putas
195 2870 427 2958 Christianae
449 2872 674 2979 doctrinae,
689 2897 733 2957 ut
752 2871 907 2959 virtues
935 2867 1069 2956 referat
1097 2872 1147 2957 ad
1174 2869 1350 2955 ultimum
1374 2869 1521 2958 fincm‘l

103 3016 160 3072 urs
183 2988 260 3075 hoc
281 3018 361 3076 non
386 2987 574 3107 facitphil
496 2990 669 3107 phrlposo
669 2990 842 3075 horum?
863 2988 1001 3123 quibus
1024 3017 1171 3074 summa
1194 2988 1379 3080 dissensio
1398 2989 1520 3076 estde

67 2987 212 3192 inibus
233 3106 426 3195 bonomm
445 3132 485 3194 et
512 3109 728 3214 malorum,
745 3108 795 3195 de
824 3106 881 3192 his
904 3105 1004 3191 enim
1029 3106 1096 3223 qui
1124 3105 1371 3242 dissentiam,
1387 3135 1456 3193 eos
1479 3107 1518 3193 in
1646 3213 1648 3217 Ι

67 3245 159 3309 tota
195 3224 432 3342 philosophia
463 3225 679 3332 dissentire,
706 3226 850 3313 idcirco
876 3253 1023 3311 necesse
1052 3249 1139 3330 est,
1170 3223 1352 3362 quoniam
1382 3230 1519 3312 cuncta

78 3368 275 3478 praecepta
304 3345 508 3461 omniaque
531 3342 668 3430 officia
691 3343 832 3450 debent
858 3368 1078 3430 extremum
1077 3341 1202 3428 finem
1231 3344 1354 3480 quasi
1350 3372 1518 3460 scopum
1564 3402 1616 3428 ,ι
1688 3396 1706 3421 ..

79 3459 237 3548 intueri.
268 3466 415 3550 Contra
431 3464 676 3579 veroqurbus
704 3462 930 3550 desummo
955 3462 1069 3547 bono
1085 3461 1291 3566 convenit,
1297 3461 1518 3547 horumdi·

76 3578 224 3694 sciphna
248 3611 381 3696 parum
410 3605 534 3696 potest
557 3581 596 3666 in
620 3580 810 3668 tradendis
833 3576 989 3685 officis,
1005 3581 1081 3666 hoc
1103 3605 1188 3686 est,
1191 3587 1357 3666 morum
1370 3593 1517 3710 praece·

74 3695 392 3832 ptisdiscrepare.
427 3703 525 3796 Quo
548 3698 620 3806 fit,
635 3725 679 3785 ιιι
692 3640 992 3784 Christianoruni
1012 3704 1242 3814 praecepta,
1267 3725 1368 3812 quae
1394 3721 1536 3783 moret

64 3813 293 3945 attingunt,
308 3842 386 3905 aut
400 3817 491 3903 nihil
520 3843 588 3905 aut
612 3817 807 3906 minimum
836 3817 978 3904 distent
998 3846 1021 3900 a
1040 3815 1250 3933 dogmatis
1263 3813 1535 3930 Ριιιριιιιιιοι·

66 3936 164 4028 tum
175 3994 188 4039 ‚
204 3936 549 4072 quemadmodum
560 3937 639 4022 heri
663 3935 952 4023 disserebmnm.
983 3939 1086 4019 Nam
1115 3936 1215 4021 idem
1239 3934 1519 4070 propemodum

69 4075 130 4135 est
146 4052 373 4190 ..utriusque
369 4084 563 4140 summum
585 4056 762 4160 boisum,
773 4054 910 4141 eadem
925 4052 1118 4168 proposita
1139 4049 1313 4136 felicitas
1339 4055 1396 4137 Ut
1418 4052 1519 4137 enim

65 4168 328 4283 Peripatetici,
345 4172 397 4258 sic
424 4200 464 4259 et
479 4171 679 4260 Christiani
698 4115 909 4260 felicitatem
933 4171 1063 4258 sibim
1090 4198 1256 4254 summae
1279 4168 1424 4257 virttuh
1449 4200 1520 4255 usu
1533 4187 1573 4264 ἰιι
1589 4212 1712 4262 eonven-

73 4312 167 4400 erga
181 4314 260 4373 rem
275 4288 615 4404 perfectissimam
594 4315 791 4379 statuunt:
801 4319 1007 4376 summam
1023 4294 1157 4372 autem
1168 4286 1368 4392 virtut'em',
1385 4294 1425 4373 e't
1439 4296 1543 4384 rem
1533 4286 1565 4325 “¹
1545 4272 1601 4384 3,ιέ
1599 4273 1670 4381 ..ιιι
1668 4286 1713 4381 ¹²2}

64 4399 371 4541 pmfecbmimam
402 4407 659 4514 ittellectum,
670 4433 723 4495 et
756 4414 910 4512 Deum,
927 4432 972 4492 ut
991 4415 1138 4490 necesse
1156 4429 1246 4509 est,
1277 4404 1520 4520 interpretan·
1505 4393 1711 4504 -fl‘¹⁸l¹³¹¹3,{1.

63 4545 165 4628 tur,
181 4531 227 4609 ut
249 4523 290 4608 in
300 4527 628 4664 contemplatione
653 4527 744 4613 Dei
752 4524 962 4612 fehcitatem
994 4531 1072 4609 esse
1101 4523 1261 4640 positam
1280 4584 1292 4629 ,
1308 4525 1501 4639 dogma
1476 4551 1520 4612 stt
1535 4512 1713 4623 {bailliol}

67 4641 246 4770 utrisque
262 4652 494 4752 commune,
509 4647 579 4731 nist
565 4644 704 4761 quod
717 4642 949 4778 Peripatetici
963 4651 1151 4729 naturam
1159 4641 1295 4727 ducem
1311 4641 1578 4752 ,ιιιιιιιιῑιιι1
1535 4633 1612 4684 ⁶⁰¹⁸·

66 4786 154 4874 que
169 4784 285 4846 tenue
305 4791 358 4847 ac
373 4765 648 4852 subobscurum
665 4764 814 4847 lumen
811 4785 1045 4877 sequentes
1037 4786 1093 4846 et
1106 4757 1302 4845 confusam
1318 4760 1526 4873 quamdam

67 4905 121 4964 ac
143 4881 412 4972 subobscuram
428 4881 547 4998 hujus
561 4882 615 4972 rei
638 4879 899 5000 cognitionem
927 4881 1057 4995 nacti,
1070 4904 1116 4967 ut
1147 4875 1299 4983 solent,
1315 4881 1672 4981 invisibilium.
1684 4941 1708 4981 ,

61 4997 246 5085 Το.ιιι
264 4999 333 5088 IV.
816 5096 817 5100 Ν
876 4988 996 5084 Kk
1451 4997 1533 5080 Dei
