4192 5880
465 415 485 469 a
973 386 1359 461 PRAEFATIO.

440 514 671 638 provinciam
702 511 831 602 oblata
858 513 943 601 satis
988 511 1151 616 honesta
1189 509 1408 600 conditione
1449 508 1690 630 delegarunt.
1735 521 1794 604 Ita
1827 517 1895 608 ho

443 664 528 727 rum
553 663 667 754 opera
692 632 868 728 effectum
897 662 953 721 est
968 693 985 740 ,
1000 656 1046 716 ur
1070 628 1217 748 hegidii
1243 658 1386 717 nomen
1400 693 1414 736 ,
1429 633 1538 746 quod
1571 633 1716 720 diutina
1740 637 1901 727 oblivio·

445 782 495 846 ne
521 757 624 845 velut
656 783 873 872 oppressum
903 754 1130 856 tenebatur,
1154 778 1176 835 e
1209 748 1374 869 maligna
1396 749 1479 835 luce
1503 750 1545 836 in
1573 779 1747 872 apertum
1779 787 1899 847 emer.

445 900 579 993 geret,
609 869 885 991 hominumque
918 871 1093 961 notitiam
1119 869 1309 982 prodiret.
1340 870 1416 958 Sed
1450 870 1607 986 scriptor
1635 873 1693 960 ille
1721 875 1901 988 disertam,

445 1018 491 1081 ut
516 996 752 1108 putabatur,
772 994 981 1105 injunctum
1012 1005 1150 1079 munus
1179 1013 1259 1074 tam
1288 987 1520 1108 negligenter
1550 991 1702 1098 obivit,
1729 1005 1774 1081 ut
1805 993 1905 1085 diffi.

446 1112 513 1202 cile
543 1113 647 1199 dictu
678 1111 751 1218 sit,
774 1111 1051 1215 industriaene,
1076 1135 1127 1193 an
1154 1106 1394 1222 eloquentiae
1425 1108 1613 1199 minorem
1642 1111 1795 1203 laudem
1820 1148 1900 1225 me·

446 1231 581 1322 ruerit.
625 1231 707 1332 Qui
736 1231 837 1317 nulla
861 1260 970 1348 saepe
999 1255 1070 1316 nec
1098 1252 1349 1343 temporum,
1375 1256 1448 1316 nee
1479 1228 1655 1317 locorum
1682 1231 1810 1324 hahita
1843 1267 1900 1323 ra-

447 1351 584 1459 tione,
613 1375 659 1435 ut
680 1379 880 1467 quaequae
908 1350 950 1435 in
973 1377 1107 1434 manus
1134 1371 1317 1434 venerant
1348 1349 1592 1453 ,scribebam
1631 1353 1726 1449 Quo
1757 1350 1901 1444 facturn

447 1494 530 1576 est,
553 1496 597 1554 ut
628 1468 818 1585 quaedam
843 1498 924 1554 non
955 1469 1039 1555 satis
1069 1464 1136 1550 sibi
1164 1465 1376 1552 constantia
1403 1529 1415 1573 ,
1443 1467 1625 1554 nonnulla
1650 1470 1764 1556 etiam
1796 1474 1903 1566 haud

448 1618 530 1675 uno
557 1589 597 1672 in
627 1588 715 1675 loco
738 1585 895 1675 confusa
927 1587 1186 1702 inculcataque
1224 1583 1427 1702 reliquerit.
1474 1589 1579 1670 Nam
1610 1589 1719 1706 quod
1755 1592 1807 1677 ad
1841 1596 1902 1680 sti-

448 1705 528 1795 lum
557 1708 716 1813 attinet,
740 1733 890 1801 tantum
919 1710 1056 1812 abest,
1084 1729 1129 1791 ut
1165 1702 1382 1790 listoticum
1414 1704 1668 1791 characterem
1712 1711 1897 1819 tenuerit,

448 1850 494 1911 ut
518 1855 756 1943 numquam,
783 1829 905 1913 dicam
930 1827 1033 1913 enim
1057 1823 1165 1940 quod
1203 1824 1349 1928 mnno,
1382 1823 1574 1911 historiam
1611 1823 1739 1943 legisse
1776 1829 1903 1916 videa·

449 1968 537 2050 tur,
573 1971 688 2061 atque
719 1946 818 2033 adeo
842 1947 988 2033 utinam
1019 1971 1117 2060 quae
1144 1941 1298 2049 voluit,
1318 1942 1402 2029 satis
1425 1944 1557 2033 Latine
1583 1943 1754 2032 dixisset.
1791 1951 1906 2045 Quae

450 2092 534 2150 non
555 2066 607 2151 ob
632 2065 672 2149 id
704 2066 827 2152 hercle
862 2097 885 2151 a
911 2095 974 2151 me
1001 2088 1373 2167 commemorantur,
1395 2086 1439 2148 ut
1469 2061 1615 2148 homini
1656 2065 1780 2178 probo
1815 2069 1906 2155 alio-

450 2183 570 2298 quin,
594 2208 638 2269 ut
662 2185 897 2300 accepimus,
923 2209 994 2273 nec
1020 2181 1243 2286 inerudito,
1270 2180 1331 2268 cui
1357 2179 1420 2268 vcl
1461 2210 1514 2269 eo.
1541 2181 1695 2267 nomine
1729 2184 1906 2274 habenda

451 2302 570 2418 gratia
595 2330 682 2409 est,
707 2306 816 2419 quod
848 2303 1044 2420 plerasque
1078 2329 1135 2389 tes
1165 2324 1244 2388 tam
1278 2295 1432 2386 diffluas
1464 2326 1620 2417 tamque
1662 2301 1843 2415 dispersas
1868 2307 1907 2392 in

411 2501 413 2507 ,
453 2449 573 2508 unum
604 2421 709 2509 velut
737 2452 877 2538 corpus
902 2446 1114 2534 utcumque
1149 2418 1368 2534 congessit,
1386 2418 1565 2504 inuidiam
1604 2414 1780 2505 hciamus
1819 2451 1908 2511 cum

454 2539 610 2629 mortuis
641 2541 829 2629 larvarum
867 2570 973 2627 more
1004 2539 1186 2627 luctantes
1202 2599 1219 2644 ,
1246 2538 1312 2623 sed
1344 2560 1389 2622 ut
1425 2536 1573 2624 interim
1615 2563 1763 2629 constet
1784 2605 1799 2644 ,
1826 2570 1908 2632 non

453 2681 594 2749 temere
628 2659 730 2749 hunc
755 2661 923 2748 laborem
952 2688 977 2742 a
1003 2659 1109 2744 nobis
1139 2654 1249 2742 fuisse
1275 2680 1511 2771 susceptum,
1768 2667 1771 2672 ‘

511 2781 578 2866 ΙΙΙ..
630 2779 861 2892 Huiusmodi
890 2807 1055 2893 namque
1081 2776 1170 2867 vitia
1190 2803 1271 2866 non
1300 2771 1460 2864 ferentes
1492 2774 1626 2862 eruditi
1651 2776 1805 2889 juvenes
1835 2781 1910 2868 mei

453 2896 598 2985 sodales
624 2899 665 2982 in
687 2899 900 3018 Aegidiano
931 2896 1091 3018 collegio
1104 2957 1120 2999 ,
1133 2895 1202 3010 qui
1230 2894 1351 2996 dum,
1370 2918 1415 2980 ut
1446 2922 1527 3010 ego.
1549 2895 1778 3010 interpretor.
1791 2959 1805 3005 ,
1820 2931 1910 2986 mu·

454 3036 542 3101 tuae
574 3014 674 3104 inter
695 3019 766 3102 nos
789 3015 1073 3106 benevolentiae
1097 3012 1295 3128 indulgent
1309 3073 1325 3116 ,
1339 3012 1492 3128 ingenio
1527 3042 1615 3099 meo
1633 3074 1645 3120 ,
1663 3018 1772 3135 quod
1803 3020 1908 3138 equi·

452 3131 545 3218 dem
569 3132 876 3255 intelligo·,quam
902 3137 949 3220 sit
980 3132 1167 3223 mediocre
1184 3192 1196 3236 ,
1213 3155 1365 3218 rantum-
1385 3130 1556 3217 tribuunt
1574 3194 1587 3239 ,
1608 3159 1802 3251 quantum
1830 3167 1907 3255 ego

454 3277 526 3336 nec
550 3281 747 3371 agnosco,
764 3284 835 3345 nec
855 3252 1036 3370 postulo,
1061 3280 1085 3335 a
1108 3278 1170 3335 me
1194 3245 1421 3337 familiariter·
1443 3251 1685 3364 petiverunt,
1702 3279 1745 3340 ut
1774 3256 1909 3356 rudem

442 3379 493 3455 ‘et
522 3367 721 3459 barbaram
746 3372 936 3462 historiam
968 3373 1008 3460 in
1039 3369 1225 3455 mitiorem
1262 3367 1439 3475 cultum,
1466 3394 1505 3458 ct
1539 3369 1828 3480 humaniorem,
1861 3375 1911 3463 sic

456 3487 557 3576 enim
588 3488 768 3602 ajebant,
791 3487 955 3579 formam
992 3489 1224 3605 redigerem-2
1268 3492 1360 3606 Ego
1382 3515 1481 3574 vero
1504 3511 1545 3576 et
1584 3518 1691 3579 meae
1729 3492 1910 3579 tarditatis

456 3605 652 3714 conscius,
682 3638 752 3699 nec
783 3609 959 3728 ignarus,
994 3608 1104 3722 quod
1150 3604 1286 3694 Cicero
1319 3629 1474 3694 testatus
1502 3629 1589 3713 est,
1617 3608 1807 3696 historiam
1841 3640 1916 3698 nec·

452 3723 596 3810 institui
624 3727 691 3812 nisi
720 3754 943 3844 praeparato
973 3726 1086 3832 otio,
1120 3753 1189 3810 nec
1220 3724 1363 3845 exiguo·
1393 3749 1565 3838 tempore
1606 3726 1750 3814 absolvi
1781 3758 1911 3843 posse,

458 3842 525 3933 diu
562 3846 738 3962 equidem
771 3846 979 3964 repugnavi
1014 3873 1200 3931 sacrarum
1234 3842 1441 3930 litterarum
1472 3868 1512 3932 et
1542 3844 1796 3934 Aristotelicae
1841 3849 1913 3936 do·

458 3963 598 4053 ctrinae
623 3965 748 4051 studio
779 3966 986 4070 severiore,
1003 3962 1117 4081 quod
1147 3991 1208 4049 me
1238 3961 1379 4048 multos
1401 3961 1476 4076 jam
1508 3989 1629 4050 annos
1652 3990 1762 4053 ,tenet
1776 4027 1787 4071 ,
1801 3993 1914 4052 occu-

460 4110 606 4195 patus.
625 4084 702 4169 Sed
723 4112 811 4169 cum
835 4110 945 4173 tanto
973 4083 1027 4174 illi,
1062 4081 1178 4199 magis
1204 4104 1407 4198 urgerent,
1434 4105 1473 4167 et
1503 4080 1592 4169 mihi
1631 4084 1736 4171 velut
1767 4083 1913 4201 ingrati·

453 4201 632 4287 ‘tudinem
660 4204 926 4316 exprobrantes
954 4200 1102 4319 Aegidii
1143 4227 1233 4316 erga
1263 4229 1334 4283 nos
1373 4201 1503 4284 metita
1543 4226 1913 4311 commemorarent,

461 4320 611 4406 accessit
633 4322 768 4406 summi
796 4347 834 4407 et
850 4320 1056 4440 gravissimi
1069 4318 1136 4405 viri
1156 4317 1357 4402 auctoritas
1381 4319 1601 4403 Bernardini
1628 4321 1801 4432 Carvajal
1825 4326 1914 4409 Car·

463 4436 591 4528 dinalis
607 4501 619 4543 ,
637 4441 705 4555 qui
730 4445 887 4529 Sanctae
917 4441 1047 4528 Crucis
1075 4437 1307 4542 inscribitur,
1327 4436 1421 4550 qui,
1455 4463 1500 4525 ur
1524 4464 1580 4523 est
1607 4467 1696 4525 cum
1721 4440 1913 4526 illustrium

460 4556 626 4642 virorum
643 4559 772 4675 suique
794 4560 992 4665 similium,
1010 4589 1095 4646 tum
1121 4557 1158 4640 in
1183 4556 1305 4671 primis
1322 4555 1475 4673 Aegidii'
1494 4556 1708 4646 Albornotii
1731 4559 1913 4664 laudum,

460 4699 504 4759 ut
541 4675 592 4762 ira
630 4680 778 4787 dicam,
810 4682 1007 4766 adamatot
1024 4742 1036 4786 ‚
1054 4678 1094 4763 id
1126 4675 1215 4765 mihi
1250 4706 1387 4762 munus
1415 4675 1528 4761 missis
1555 4675 1680 4764 litteris
1722 4676 1914 4793 injungere

461 4795 555 4880 tanti
576 4799 739 4910 putavit.
774 4799 1009 4887 Provinciam
1036 4827 1128 4914 ergo
1153 4825 1233 4881 non
1256 4820 1333 4881 tam
1349 4793 1574 4909 perficiundi
1595 4825 1658 4909 spe
1677 4824 1820 4910 ,quam
1853 4823 1913 4884 nc.-

458 4915 575 5031 gandi
594 4919 821 5007 verecundia
842 4918 982 5037 suscepi
997 4947 1010 5024 3
1027 4943 1066 5006 et
1085 4915 1278 5004 succisivas
1302 4914 1416 5006 horas
1430 4944 1558 5035 ,quas
1574 4913 1780 5004 linermum
1793 4920 1912 4999 Grae·

870 5090 880 5098 .
1654 5088 1661 5102 .
1775 5092 1776 5096 ,
1826 5087 1833 5097 .
1857 5060 1913 5122 (aa
