4034 5858
498 390 567 489 35⁶
869 433 872 438 »
910 376 1159 454 nootoom
1182 380 1280 456 rto
1304 377 1450 458 trono
1511 383 1529 432 τ

475 507 781 632 ttdeputadonis,
799 504 937 598 decreti
954 571 966 615 ,
983 509 1175 616 mandati,
1191 507 1418 595 inhibitionis
1435 571 1447 613 ,
1475 534 1514 597 et
1530 504 1735 599 voluntatis
1753 573 1766 614 ,
1809 505 1947 596 infrin-

479 665 625 754 ssgere,
649 632 710 721 vel
722 632 756 716 ei
781 660 874 716 ausu
890 630 1086 716 temerario
1102 629 1299 714 contraire.
1333 628 1370 713 Si
1385 628 1468 744 quis
1505 654 1632 716 autem
1659 631 1733 716 hoc
1752 654 1944 716 attentare

481 750 790 871 svpraesumserit,
813 748 1110 866 indignationem
1126 747 1394 862 omnipotentis
1421 747 1493 832 Dei
1511 806 1525 853 ,
1541 778 1585 833 ac
1599 751 1806 835 beatorum
1841 750 1943 835 Petri

484 899 551 959 sset
566 870 668 956 Pauli
686 868 956 984 Apostolorum
970 867 1051 980 ejus
1066 896 1104 951 se
1120 868 1268 955 noverit
1282 867 1529 951 incursurum.
1539 867 1647 955 Datis
1665 873 1818 953 Romae
1838 869 1942 984 apud

486 997 691 1077 „Sanctum
709 990 894 1092 Petrum,
928 1016 1033 1072 anno
1063 986 1327 1073 incarnationis
1358 985 1569 1072 dominicae
1603 986 1800 1071 millesimo
1844 1016 1946 1101 qua-

487 1106 808 1225 ssclringentesimo
824 1107 1070 1224 nonagesimo
1084 1105 1197 1192 tertio
1217 1167 1229 1214 ,
1246 1128 1384 1224 quarto
1403 1133 1524 1193 nonas
1551 1105 1644 1192 Maii
1663 1167 1676 1214 ,
1692 1101 1943 1221 pontificatus

489 1227 635 1316 „nostri
662 1255 765 1313 anno
790 1224 953 1340 primone

580 1467 689 1550 Haec
706 1462 933 1570 declaratio,
967 1461 1159 1552 decretum
1182 1489 1299 1582 atque
1324 1464 1514 1553 concessio
1531 1490 1724 1554 sacrorum
1755 1493 1949 1550 canonum

493 1585 698 1671 sententiae
713 1585 927 1689 consentit,
951 1613 1050 1699 quae
1066 1584 1224 1671 habetur
1240 1615 1273 1671 c.
1285 1602 1359 1695 per
1375 1581 1652 1691 venerabilem,
1669 1596 1702 1687 p.
1720 1588 1950 1690 rationibus,

494 1712 559 1810 qni
565 1699 648 1802 filii
662 1716 749 1786 sunt
765 1709 925 1812 legitimi
939 1729 999 1807 ,et
1014 1730 1048 1787 c.
1065 1711 1102 1786 si
1117 1730 1185 1788 non
1203 1730 1225 1786 2
1231 1730 1271 1814 3.
1289 1725 1375 1818 q.4.
1399 1705 1438 1788 in
1461 1733 1542 1819 quo
1568 1704 1689 1819 inquit
1717 1706 1942 1821 Gregorius,

484 1824 630 1932 justum
651 1836 888 1928 sanctumque
904 1846 985 1904 esse
1000 1825 1131 1905 bellom
1149 1882 1162 1928 ,
1190 1826 1288 1930 qood
1301 1821 1516 1922 infidelibus
1531 1849 1557 1905 o
1571 1822 1813 1907 Christianis
1828 1821 1947 1928 infer·

494 1956 585 2045 tor,
614 1955 656 2022 ut
671 1948 727 2022 eis
750 1947 906 2048 imperio
927 1941 1090 2023 subditis
1110 1945 1333 2052 praedicari
1355 1950 1480 2051 possit
1512 1941 1663 2026 Christi
1692 1949 1946 2050 evangelium,

496 2067 591 2140 nesi
615 2062 770 2167 imperio
793 2058 933 2142 subditi
951 2085 1019 2142 non
1044 2067 1153 2163 sint,
1179 2063 1455 2168 praedicationi
1477 2075 1515 2142 et
1543 2067 1782 2144 conversioni
1814 2086 1950 2166 eorum,

498 2183 563 2282 qui
578 2174 835 2278 crediderint,
860 2180 1115 2284 impedimento
1147 2203 1228 2259 esse
1246 2186 1421 2285 possint.
1456 2177 1638 2293 Idemque
1668 2177 1858 2262 decretum
1891 2203 1950 2262 at-

501 2322 576 2409 que
591 2294 780 2380 concessio
796 2294 972 2409 potestati
985 2294 1124 2380 Christi
1140 2294 1306 2379 innititur
1323 2355 1337 2402 ,
1354 2295 1420 2411 qui
1438 2323 1526 2379 cum
1544 2298 1578 2381 ei
1594 2296 1803 2381 secundum
1816 2295 1954 2380 huma·

323 2434 413 2489 nessi.
431 2434 472 2486 sa
502 2412 657 2498 nitatem
674 2474 686 2517 ,
704 2437 749 2497 ut
764 2413 1025 2525 Hieronymus
1039 2437 1077 2499 et
1093 2412 1325 2530 Augustinus
1340 2438 1536 2528 exponunt
1556 2474 1568 2519 ,
1586 2417 1677 2497 dota
1693 2409 1821 2499 fuisset
1837 2424 1952 2498 omnis

497 2547 669 2645 potestas
684 2539 724 2613 in
740 2539 840 2616 coelo
854 2548 893 2616 et
906 2540 947 2615 in
962 2549 1092 2637 terra,
1117 2532 1214 2618 hanc
1228 2556 1454 2647 potestatem
1472 2532 1768 2619 communicavit
1799 2559 1888 2617 cum
1905 2533 1955 2619 vi·

502 2649 602 2735 cario
629 2680 728 2756 suo,
754 2677 853 2765 quae
885 2650 1057 2764 quamvis
1082 2650 1277 2735 ordinetur
1295 2651 1345 2736 ad
1374 2650 1532 2735 salutem
1553 2650 1765 2736 animarum
1789 2677 1830 2737 et
1855 2651 1952 2736 bona

505 2766 702 2882 spiritalia,
729 2796 810 2853 non
836 2793 966 2854 tamen
993 2767 1198 2853 excluditur
1214 2798 1237 2852 a
1253 2768 1547 2883 temporalibus,
1573 2794 1765 2884 quatenus
1780 2769 1873 2854 haec
1898 2799 1954 2854 ot·

315 2885 751 3020 13„,g„.·gd1mn,ur2d
775 2885 974 3001 spiritalia,
1004 2912 1047 2971 ut
1062 2885 1233 2971 Thomas
1250 2911 1419 2972 testatur.
1451 2885 1641 3002 subiectio
1659 2911 1792 2973 autem
1824 2888 1954 2971 barba-

319 2985 407 3092 lpse·
423 2983 450 3019 ⁰‘
507 3034 636 3091 rorum
663 3004 712 3089 ad
742 3004 926 3121 evangelii
946 3004 1260 3120 praedicationem
1275 3004 1498 3111 ordinatur,
1530 3004 1581 3090 ad
1609 3034 1726 3120 quam
1756 3010 1859 3121 Papa
1879 3034 1955 3091 non

509 3123 630 3209 solum
648 3146 873 3238 potestatem
891 3124 1005 3209 habet
1022 3154 1044 3208 a
1060 3128 1168 3225 Dee,
1195 3124 1390 3211 sedetiam
1417 3149 1656 3239 praeceptum
1685 3125 1955 3241 evangelicum.

510 3245 612 3324 Nam
628 3239 736 3356 quod
767 3241 902 3326 Paulus
926 3244 977 3327 ad
994 3242 1230 3357 sepertinere
1248 3267 1387 3360 negat,
1415 3247 1460 3326 de
1474 3248 1554 3347 iis,
1580 3237 1759 3349 qoiforis
1775 3259 1885 3346 sont,
1892 3246 1956 3352 jo·

509 3362 666 3455 dicare,
690 3357 793 3443 hunc
808 3359 924 3445 habet
950 3360 1177 3446 intellectum
1210 3423 1221 3464 ,
1252 3390 1332 3445 non
1360 3389 1437 3446 esse
1461 3360 1622 3446 muneris
1651 3359 1845 3475 apostolici
1867 3386 1958 3447 uta

510 3477 724 3563 Christianis
742 3538 754 3583 ,
781 3476 831 3561 sic
846 3478 894 3561 ab
909 3477 949 3562 iis
967 3539 979 3583 ,
996 3478 1062 3595 qui
1075 3504 1177 3564 extra
1193 3477 1306 3564 fidem
1331 3502 1443 3584 sunt,
1475 3477 1573 3566 vitae
1590 3478 1779 3567 rationem
1793 3507 1961 3595 poscere,

509 3595 571 3683 vel
587 3596 636 3682 ab
652 3595 702 3680 eis
721 3654 733 3700 ,
752 3620 797 3681 ut
811 3596 1018 3681 Christiane
1032 3596 1164 3683 vivant
1180 3659 1192 3702 ,
1209 3597 1409 3712 postulare.
1424 3601 1604 3684 Ceterum
1621 3598 1712 3684 dare
1729 3627 1904 3713 operam,
1918 3623 1961 3683 ut

510 3713 621 3801 iidem
639 3714 688 3799 ad
713 3713 851 3799 Christi
876 3711 990 3799 fidem
1008 3740 1277 3802 convertantur
1294 3716 1509 3833 ,proprium
1525 3746 1603 3805 csse
1632 3718 1796 3803 muneris
1813 3743 1961 3833 aposto

512 3830 591 3937 lici,
621 3862 701 3916 non
719 3831 842 3917 solum
859 3831 968 3946 ipsius
984 3833 1091 3918 Pauli
1108 3895 1120 3939 ,
1136 3835 1200 3921 sed
1216 3835 1338 3920 omnis
1362 3835 1535 3921 omnium
1563 3834 1840 3952 Apostolorum
1857 3835 1962 3941 vita,

446 3968 451 3978 ·
513 3973 553 4035 et
569 3951 622 4034 ob
639 3949 677 4034 id
694 3951 864 4066 oppetita
893 3981 994 4037 mors
1018 3951 1258 4038 testificatur.
1290 3954 1390 4040 Vide
1407 3953 1607 4072 Augustini
1635 3953 1806 4068 epistolas
1819 3962 1887 4058 48.
1919 3979 1964 4039 et

513 4096 583 4178 ³50·
606 4093 645 4153 et
664 4098 760 4175 204.
790 4097 889 4186 quae
906 4095 994 4157 sunt
1021 4071 1072 4157 ad
1099 4072 1373 4179 Vincentium,
1403 4074 1453 4159 ad
1471 4069 1738 4178 Bonifatium,
1763 4073 1808 4159 ad
1828 4076 1965 4156 Dona·

513 4211 599 4272 tunt
615 4250 627 4293 ,
645 4215 683 4274 et
704 4188 867 4273 citantur
892 4188 930 4272 in
951 4190 1106 4275 decretis
1125 4222 1193 4300 23.
1210 4221 1250 4306 q.
1267 4220 1362 4296 4.·c.
1378 4217 1448 4276 non
1464 4200 1685 4297 invenitur,
1712 4219 1747 4276 c.
1774 4199 1810 4275 si
1836 4192 1966 4274 Eccle-

516 4313 579 4388 sia
593 4368 606 4411 ,
622 4335 656 4390 c.
673 4310 850 4417 displicet
866 4338 905 4422 q.
926 4304 966 4393 6.
992 4336 1024 4392 c.
1042 4314 1178 4395 uides:
1211 4309 1300 4394 item
1317 4308 1489 4425 epistolas
1510 4311 1687 4428 Gregorii
1707 4339 1779 4420 73.
1806 4308 1965 4426 primili-

521 4422 653 4530 bri,et
670 4423 739 4510 60.
757 4427 877 4531 noni,
894 4450 932 4511 et
949 4427 1140 4513 Ambrosii
1168 4428 1340 4542 epistolas
1361 4456 1420 4532 30.
1441 4457 1480 4514 et
1501 4458 1567 4538 31.
1598 4435 1701 4514 Nam
1716 4427 1803 4515 licet
1820 4429 1860 4513 in
1884 4429 1966 4512 hae·

513 4543 647 4629 reticos
672 4542 837 4656 disputat
861 4545 1123 4662 Augustinus,
1142 4546 1179 4629 in
1196 4546 1335 4632 eisdem
1354 4547 1560 4634 rationibus
1576 4577 1598 4631 a
1614 4547 1766 4632 caritate
1794 4544 1968 4662 profectis

511 4661 704 4747 concludit
731 4661 824 4772 juste
842 4693 1012 4779 paganos
1030 4664 1232 4780 compelli,
1251 4688 1294 4750 ut
1321 4665 1497 4751 desistant
1523 4665 1774 4770 idololatria,
1799 4667 1907 4753 dicto
1932 4691 1966 4748 c.

508 4807 576 4864 non
591 4788 796 4867 invenitur.
823 4782 992 4867 Thomas
1007 4783 1170 4869 secunda
1186 4784 1370 4869 secundae
1384 4815 1425 4901 q.
1447 4815 1511 4871 ιο.
1528 4810 1597 4874 art.
1617 4795 1658 4869 8.
1688 4782 1894 4891 infideles,
1917 4782 1970 4868 in·

505 4899 619 5015 quit,
643 4902 876 5017 compellendi
890 4918 977 4986 sunt
991 4962 1004 5009 ,
1019 4901 1049 4988 si
1062 4899 1216 4991 factdtas
1233 4901 1352 5011 adsit,
1368 4933 1418 4992 ne
1433 4901 1548 4993 fidem
1563 4904 1769 5021 impediant
1783 4903 1953 5039 blasphe

490 5061 508 5116 t
1865 5053 1961 5135 mus,

351 3340 374 3377 ι.
381 3327 432 3378 cor.
441 3335 464 3385 5.
