4192 5880
474 409 614 490 ato.
650 386 1063 490 xt'a'oxuotxt
1097 407 1206 481 tra.
1243 409 1272 479 r.
1531 429 1576 502 η

154 559 193 626 ct
210 530 322 626 vultu
345 556 385 624 et
411 561 584 625 sermone
597 534 864 650 comprobata.
898 529 1023 646 Hujus
1044 529 1200 618 civitatis
1221 555 1360 619 statum
1382 529 1520 618 deinde
1550 533 1602 620 sic

151 654 330 776 Aegidius
355 657 537 773 disposuit
554 657 620 744 :in
645 654 769 772 primis
783 654 973 768 Joannem
991 650 1127 736 Vicum
1144 680 1232 738 cum
1252 677 1335 740 tota
1364 651 1473 767 ipsius
1495 649 1600 738 fami·

151 775 198 863 lia
216 777 392 865 Viterbio
413 778 570 894 ejusque
594 774 729 862 finibus
757 775 796 859 in
822 770 1024 860 duodecim
1050 799 1171 857 annos
1203 771 1402 859 interdicit.
1432 777 1600 860 Poenam

148 895 259 983 addit
273 898 443 1014 quinque
457 896 612 982 millium
629 894 856 981 ducatorum
871 954 883 1000 ,
900 891 1048 1008 quoties
1072 916 1206 977 contra
1221 891 1417 1007 imperium
1432 888 1597 980 lecisset.

148 1016 333 1133 Quinque
358 1016 548 1131 praeterea
577 1011 735 1100 factiosis
763 1011 977 1100 hominibus
994 1072 1006 1116 ,
1022 1033 1062 1097 et
1085 1039 1183 1125 quos
1214 1007 1322 1098 fuisse
1350 1010 1599 1119 intellexerat,

148 1159 370 1251 semperque
394 1132 475 1221 fore
494 1164 616 1222 rerum
637 1162 826 1219 novarum
851 1131 1008 1245 cupidos
1038 1129 1318 1244 suspicabatur,
1336 1159 1385 1215 ne
1413 1129 1451 1214 in
1478 1156 1599 1245 poste·

147 1280 234 1338 rum
250 1251 405 1340 civitatis
434 1251 549 1341 fidem
564 1251 761 1368 otiumque
776 1249 1038 1355 sollicitarent,
1055 1277 1101 1334 ex
1118 1250 1211 1335 urbe
1239 1248 1387 1364 ejectis,
1405 1248 1533 1335 ceteris
1554 1281 1598 1336 o·

147 1371 300 1457 mnibus
325 1371 392 1459 dat
406 1373 578 1476 veniam,
599 1395 639 1458 et
665 1368 837 1487 expulsos
852 1400 875 1455 a
891 1371 1040 1484 Joanne
1054 1369 1152 1453 Vico
1167 1367 1270 1480 jubet
1302 1367 1460 1454 restitui.
1494 1374 1599 1456 Turn

148 1491 256 1578 omni
273 1519 363 1578 carra
377 1491 416 1576 in
432 1490 562 1608 populi
587 1489 899 1609 gubernationem
921 1488 1159 1574 statuendam
1175 1517 1381 1593 conversa,
1413 1488 1599 1575 Consules

152 1639 294 1698 novem
326 1638 452 1725 aequo
477 1612 636 1725 imperio
651 1671 663 1714 ,
679 1612 876 1695 Senatores
893 1609 1077 1693 ducentos
1093 1632 1216 1692 creat:
1241 1608 1306 1724 qui
1326 1606 1381 1719 jus
1410 1606 1597 1715 dicerent,

149 1754 247 1844 quot
261 1728 346 1816 satis
361 1729 484 1817 visum
500 1756 568 1833 est,
588 1726 794 1815 constituit.
825 1725 1037 1814 Cohortem
1054 1726 1291 1840 praetoriam,
1307 1754 1407 1841 quae
1424 1722 1599 1840 praelecti

150 1846 305 1935 civitatis
331 1846 428 1933 latus
442 1845 631 1935 clauderet
646 1907 659 1952 ,
675 1869 715 1934 et
738 1845 973 1966 magistratus
988 1868 1132 1930 ceteros
1159 1868 1369 1950 tutaretur,
1390 1854 1600 1930 tercentum

149 1990 382 2052 armatorum
412 1995 491 2054 esse
522 1963 663 2053 voluit.
690 1970 743 2051 Et
760 2022 773 2069 ,
790 1965 879 2082 quia
894 1962 1103 2052 Viterbium
1135 1963 1250 2050 totius
1284 1961 1464 2048 Umbriae
1496 1962 1601 2056 velut

149 2109 266 2200 caput
286 2113 363 2173 csse
379 2083 607 2190 videbatur,
639 2111 776 2203 operae
800 2082 960 2200 pretium
976 2080 1015 2165 id
1038 2078 1119 2171 lore
1141 2081 1241 2168 ratus
1256 2143 1269 2188 ,
1287 2110 1409 2167 arcem
1423 2111 1601 2196 praemu-

149 2201 268 2288 nitam
290 2203 507 2326 erigendam
522 2202 665 2291 curavit
683 2263 695 2304 ,
712 2230 812 2317 quae
836 2201 1014 2289 mediocri
1028 2200 1210 2315 praesidio
1225 2199 1393 2305 firmata,
1411 2229 1494 2286 eam
1511 2201 1601 2289 civi-

148 2343 266 2407 tatem
289 2335 414 2438 posset
440 2323 479 2408 in
495 2318 570 2408 fide
585 2319 797 2409 continere.
828 2324 937 2406 Haec
960 2349 1050 2405 cum
1065 2350 1214 2406 summo
1230 2316 1401 2406 Pontifici
1422 2318 1601 2409 nuntiata

147 2465 299 2547 essent,
318 2441 446 2559 ingens
462 2440 663 2527 Avenione
676 2437 877 2555 gratulatio
892 2435 992 2526 facta
1015 2461 1091 2522 est.
1125 2438 1319 2544 Quando,
1336 2439 1487 2550 Joanne
1502 2438 1601 2525 Vico

148 2582 400 2672 tyrannorum
426 2558 583 2644 maxime
598 2553 822 2642 formidabili
847 2557 1023 2662 devicto,
1040 2585 1121 2670 spes
1145 2581 1301 2659 cunctos
1316 2554 1459 2641 incessi
1475 2617 1487 2661 ,
1503 2579 1601 2642 cete·

150 2703 212 2762 ros
238 2704 371 2764 omnes
401 2675 506 2763 facile
535 2705 642 2791 posse
659 2675 805 2793 Aegidii
830 2676 976 2763 virtute
1002 2673 1192 2761 debellari.
1224 2681 1337 2760 Tunc
1353 2671 1526 2762 Pontifex
1550 2674 1603 2763 ad

152 2794 354 2912 Aegidium
383 2797 521 2889 litteras
548 2794 662 2887 mittit
689 2856 702 2900 ,
727 2794 898 2884 laudibus
928 2792 1217 2917 ,gratulatione
1261 2823 1306 2882 ac
1341 2793 1603 2883 exhortatione

173 2913 297 3001 lenas.
1573 2976 1581 2996 .

150 2942 176 3028 p
209 3035 295 3121 XL.
355 3033 476 3120 Paulo
496 3056 584 3150 post
599 3032 776 3153 Aegidius
792 3034 841 3118 ab
858 3032 1027 3122 Arnaldo
1044 3034 1196 3153 ejusque
1217 3030 1330 3122 fratre
1348 3035 1515 3151 Jordane
1529 3038 1602 3122 Su·
1615 3056 1728 3169 gum
1749 3053 1795 3108 dt·

153 3149 269 3243 trium
293 3152 432 3268 recepit
453 3181 542 3237 cum
563 3181 672 3259 arce,
691 3183 807 3269 quam
840 3152 905 3268 ipsi
929 3154 978 3239 ibi
1006 3153 1055 3238 de
1070 3184 1141 3240 suo
1172 3153 1483 3264 aedificaverant,
1501 3156 1601 3269 jussis
1634 3131 1692 3169 ω’

154 3268 351 3384 oppidanis
371 3300 437 3357 eos
461 3297 603 3357 sumtus
625 3270 690 3356 illis
705 3271 931 3388 rependere.
951 3273 1111 3359 'Deinde
1124 3280 1337 3359 Interamna
1352 3276 1448 3360 urbs
1482 3305 1506 3359 a
1531 3276 1601 3362 situ
1654 3301 1795 3370 taetram

150 3386 200 3471 sic
225 3387 434 3504 appellata,
452 3388 642 3475 deditione
667 3387 790 3496 facta,
807 3389 846 3475 in
864 3389 1009 3508 Aegidii
1025 3415 1251 3506 potestatem
1268 3392 1458 3509 pervenit.
1489 3400 1603 3482 Tunc
1616 3361 1683 3412 '¹¹¹⁶‘
1700 3361 1779 3414 ω’

153 3507 376 3593 Narnienses
401 3506 544 3626 legatos
564 3508 616 3595 de
629 3537 666 3594 se
690 3509 868 3596 dedendo
891 3512 1069 3596 miserunt
1086 3539 1095 3595 :
1112 3511 1203 3597 item
1219 3511 1407 3598 Celerium
1434 3538 1473 3599 ct
1496 3514 1602 3630 Cipi-

151 3652 321 3738 gnanum
348 3625 488 3742 oppida
515 3628 555 3712 in
571 3657 664 3745 agro
677 3627 920 3713 Viterbiensi.
954 3628 1143 3743 Spoletani
1156 3660 1315 3746 quoque
1330 3694 1342 3737 ,
1360 3632 1475 3717 missa
1499 3631 1600 3750 lega·

152 3741 278 3848 tione,
294 3772 342 3830 eo
359 3769 472 3861 pacto
491 3774 538 3831 ne
553 3745 590 3829 in
607 3774 840 3863 quemquam
856 3745 1214 3835 animadverteretur
1232 3811 1244 3854 ,
1260 3779 1299 3834 se
1317 3749 1484 3836 dedunt.
1516 3757 1600 3867 Op

150 3859 229 3975 pidi
253 3890 375 3947 arcem
391 3863 572 3981 Aegidius
586 3863 719 3980 triplici
750 3895 861 3951 muro
877 3865 1015 3973 cinxit,
1032 3863 1157 3952 medio
1173 3868 1306 3954 crebris
1332 3869 1493 3954 turribus
1522 3881 1603 3956 mu'·

150 3978 234 4065 niro
255 4011 264 4064 :
282 4009 407 4066 arcem
426 3980 558 4068 deinde
571 4011 662 4069 cum
680 3984 839 4071 adverso
856 4010 1013 4091 monte,
1029 3985 1095 4101 qui
1114 4017 1193 4073 non
1209 3986 1273 4070 lon
1301 3987 1490 4094 eaberat,
1504 4018 1602 4104 pon·

149 4119 189 4184 te
219 4098 404 4184 commisit
427 4124 489 4188 :et
515 4130 581 4217 per
608 4102 941 4216 superinstructum
966 4104 1245 4221 aquaeductum
1273 4017 1442 4212 iontem,
1462 4106 1530 4223 qui
1563 4107 1605 4195 in
1756 4202 1757 4206 Ν

149 4239 286 4302 monte
302 4216 525 4305 scaturiebat
540 4281 553 4326 ,
568 4219 620 4306 ad
637 4248 760 4306 arcem
782 4221 985 4311 derivavit.
1020 4227 1178 4311 fontem
1198 4223 1322 4339 ipsum
1340 4224 1499 4341 'lapideo
1517 4253 1630 4339 pro-‚a

148 4333 371 4449 pugnaculo
396 4337 582 4442 munivit,
599 4368 643 4423 ac
658 4339 840 4456 praesidio
856 4338 1018 4429 firmavit
1034 4403 1045 4449 ,
1063 4373 1143 4458 quo
1167 4343 1284 4432 tutius
1303 4375 1400 4461 opus
1428 4344 1478 4430 ab
1511 4342 1603 4455 inju-

138 4450 211 4536 riis
227 4447 460 4541 redderetur.
493 4455 669 4545 Assisium
691 4457 826 4544 deinde
853 4459 1057 4576 Episcopus
1080 4461 1283 4550 Assisiensis
1299 4463 1442 4582 legatus
1459 4462 1606 4579 publice
1618 4462 1740 4556 aaran„
1755 4517 1799 4557 oe·

152 4566 289 4655 tradit:
310 4569 411 4657 idem
422 4598 477 4660 est
489 4600 582 4663 tunc
596 4606 620 4660 a
633 4575 829 4663 Nucerinis
842 4572 997 4664 factum.
1021 4580 1230 4696 Vejcntana
1243 4585 1328 4668 urbs
1344 4645 1354 4686 ,
1370 4613 1489 4697 quarn
1505 4613 1607 4670 nunc
1620 4578 1747 4628 ‘uim'

153 4686 407 4775 Castellanam
434 4693 622 4782 civitatem
638 4694 827 4812 appellant
841 4758 853 4801 ,
868 4695 1071 4784 editissimo
1093 4700 1188 4786 colle
1206 4701 1409 4817 praeruptis
1438 4702 1608 4819 undique

156 4805 249 4940 saxis
262 4806 332 4894 sita
347 4872 361 4916 ‚
376 4806 478 4898 adeo
498 4839 554 4899 est
571 4841 706 4900 natura
720 4814 892 4923 munita,
910 4841 954 4902 ut
969 4817 1110 4934 absque
1131 4820 1209 4905 ullo
1224 4821 1396 4905 humano
1414 4852 1530 4937 opere
1546 4853 1607 4907 sa·

42 4952 46 4962 ·
148 4943 204 5061 ¹ns
219 4953 286 5042 per
300 4957 338 5016 se
352 4928 534 5021 reddatur
555 4933 868 5052 inexpugnabile.
902 4937 1018 5023 Hanc
1045 4965 1298 5053 occupaverat
1326 4944 1457 5028 Petrus
1471 4941 1605 5026 Vicus-z

1105 5060 1185 5144 Da
1541 5055 1611 5172 qui
