4050 5858
660 366 863 439 LIBER
912 365 961 437 11.
1461 392 1526 458 ²71

84 487 158 580 'tim
181 490 228 577 sit
242 480 487 576 honestatis
470 514 618 572 nomen
645 487 839 572 amissura.
872 487 946 573 Sed
969 488 1070 574 ratio
1095 484 1179 575 linis
1205 485 1412 605 plurimum
1437 493 1552 579 habet

95 635 141 706 ιι
157 609 294 697 viriuni
313 633 353 694 et
381 603 612 693 auctoritatis
642 603 681 689 in
709 607 820 691 rebus
841 606 1031 743 agendis,
1048 632 1092 692 ut
1110 520 1274 727 efficiens
1298 639 1412 695 ιιιιι
1436 610 1475 694 in
1503 642 1551 696 o-

96 728 244 844 peribus
270 736 456 831 naturae,
481 753 571 811 cum
601 746 808 839 utrumque
839 724 885 812 sit
916 756 987 812 suo
1019 726 1142 811 modo
1172 721 1395 861 principium
1415 730 1553 844 ,quod

95 845 316 962 principium
342 843 461 931 veteri
489 846 726 929 Graecorum
751 844 961 981 proverbio
987 841 1183 929 dimidium
1212 845 1330 932 totius
1356 874 1433 931 esse
1465 847 1551 934 dici-

94 987 183 1050 tur·
214 963 297 1050 linis
324 986 452 1047 autem
478 961 659 1096 cujusque
688 959 833 1045 virtutis
856 963 1077 1078 proximus,
1096 986 1152 1046 est
1181 962 1292 1077 ipsius
1322 964 1521 1051 honestas.

153 1084 276 1166 xxu.
328 1079 523 1167 Sublato
514 1080 625 1197 igitur
641 1077 846 1164 honestatis
868 1104 1059 1196 respectu,
1074 1103 1159 1165 tota
1178 1081 1320 1166 corruit
1345 1082 1550 1170 substantia

95 1196 355 1302 fortintdinis,
370 1198 472 1284 licet
485 1196 680 1284 interdum
704 1198 839 1310 species
861 1197 1052 1333 quaedam
1077 1198 1333 1284 commentitia
1363 1199 1550 1336 relinqua

176 1379 189 1423 ,
95 1316 316 1432 tur-quod
342 1317 512 1431 quinque
529 1315 652 1401 modis
668 1316 833 1401 accidere
850 1317 1000 1404 notavit
1015 1316 1256 1403 Aristoteles:
1274 1317 1430 1433 quidam
1446 1319 1547 1408 enim

94 1396 255 1519 facta
219 1447 387 1520 virorum
411 1431 603 1519 sortium
593 1433 810 1537 imitantes,
829 1434 993 1520 honores
1016 1435 1213 1521 dumtaxat
1241 1459 1281 1521 er
1303 1435 1462 1552 gloriam
1489 1466 1545 1526 se·

92 1576 296 1667 quuntur,
314 1576 382 1637 aut
406 1550 676 1666 increpationes
693 1495 846 1667 fugiubt
869 1581 909 1638 et
925 1551 1170 1686 ignominiam
1187 1614 1199 1656 ,
1216 1581 1316 1667 quae
1331 1553 1443 1640 civilis
1469 1549 1544 1643 fot·

92 1669 218 1756 titudo
222 1694 472 1784 nuncupatur
489 1697 696 1802 ,quaeque
720 1669 856 1755 idciroo
883 1670 1050 1785 proxime
1067 1670 1117 1755 ad
1139 1699 1267 1757 veram
1283 1667 1542 1760 fortitudinem
1718 1752 1727 1759 ,

87 1780 280 1873 accedere
291 1787 450 1891 ιιιιιιιι,
471 1785 653 1899 quoniam
675 1815 743 1901 qut
731 1786 923 1903 gloriam
947 1787 1112 1923 sequitur
1133 1811 1172 1872 et
1199 1788 1385 1897 honorem
1403 1851 1415 1896 ,
1432 1795 1542 1906 quod
1556 1807 1637 1861 aaa.
1647 1824 1671 1861 ¹·
1677 1811 1737 1865 δι’·

85 1929 149 1990 est
171 1903 383 2020 praemium
404 1902 548 1992 virtutis
566 1902 738 1989 maxime
759 1907 982 2019 proprium,
1002 1908 1029 1991 is
1053 1907 1231 1993 virtutem
1261 1907 1378 2021 ipsam
1406 1932 1446 1993 et
1469 1909 1539 1996 ho-

89 2032 278 2110 nestatem
305 2044 453 2107 secutus
479 2049 556 2106 esse
581 2020 699 2108 videti
732 2046 886 2136 potest.
918 2023 990 2108 His
1021 2051 1179 2140 quoque
1212 2052 1539 2135 annumerantur,

87 2139 155 2274 qui
178 2139 393 2226 necessitate
418 2162 485 2222 aut
510 2139 645 2224 timore
668 2140 866 2254 praesentis
890 2170 1038 2256 poenae
1063 2172 1087 2226 a
1112 2142 1383 2259 magistratibus
1399 2172 1539 2260 propo-

88 2257 178 2344 sitae
210 2257 395 2344 bellorum
422 2255 584 2371 pericula
612 2257 802 2343 subeunt:
828 2258 905 2344 hoc
933 2284 1062 2344 tamen
1094 2261 1277 2373 prioribus
1309 2262 1533 2371 deteriores,

90 2374 199 2490 quod
215 2405 298 2462 non
313 2374 462 2491 pudore
478 2374 719 2461 continentur
735 2375 776 2460 in
789 2370 943 2479 officio,
962 2377 1028 2461 sed
1044 2402 1172 2481 metu,
1189 2408 1271 2492 quo
1287 2379 1409 2463 solent
1424 2381 1536 2468 etiam

81 2494 276 2627 mancipia
302 2492 509 2581 contineri.
540 2494 629 2578 Alii
626 2518 782 2608 propter
806 2493 878 2578 rei
885 2493 1045 2579 militaris
1069 2495 1257 2580 scientiam
1282 2520 1321 2581 et
1345 2525 1537 2585 armorum
1646 2501 1650 2511 ’

87 2611 286 2726 peritiam,
302 2641 391 2699 cum
413 2639 503 2696 non
524 2610 627 2715 sint,
651 2609 765 2698 fortes
792 2611 981 2714 interdum
1009 2639 1086 2696 esse
1119 2612 1324 2698 videntur:
1354 2616 1536 2728 quoniam

88 2730 213 2867 specie
226 2760 327 2818 vana
313 2673 648 2868 periculorum,
630 2758 728 2865 quae
745 2711 966 2845 plerumque
987 2730 1214 2842 tyronibus
1205 2761 1243 2813 tn
1267 2729 1366 2816 bello
1390 2760 1536 2821 metum

76 2847 176 2931 ob
164 2850 387 2963 imperitiam
412 2847 599 2934 incutiunt
614 2848 710 2962 i,psi
739 2846 890 2932 minime
914 2849 1177 2953 deterrentur,
1195 2847 1256 2935 vel
1276 2850 1365 2964 quia
1391 2851 1534 2938 vanita-

85 2987 167 3049 rem
196 2967 426 3082 dignoscunt
453 2990 598 3053 ceteros
626 2961 847 3071 fallentem,
865 2965 927 3052 vel
944 2965 1128 3080 quoniam
1153 2992 1345 3051 armorum
1373 2997 1443 3052 usu
1467 2993 1532 3054 tu·

75 3079 160 3166 -tius
187 3083 338 3170 hostem
361 3082 554 3170 offendere
571 3112 756 3219 ,seseque
784 3082 897 3169 tutari
924 3082 1121 3190 valentes,
1148 3085 1271 3199 quasi
1279 3084 1414 3170 armati
1443 3115 1533 3177 cum

76 3197 319 3308 inermibus,
338 3201 398 3288 vel
426 3201 590 3289 athletae
616 3201 802 3288 exercitati
829 3231 917 3287 cum
950 3198 1102 3287 infirmis
1133 3227 1200 3287 aut
1225 3202 1438 3289 rudioribus
1466 3237 1531 3321 pu·

84 3320 235 3433 gnaruri
262 3320 332 3406 sibi
355 3349 431 3406 esse
456 3320 658 3408 videntur:
676 3349 776 3437 quae
791 3315 978 3407 fortitudo
1006 3317 1177 3405 militaris
1194 3319 1331 3407 idcirco
1357 3347 1530 3431 vocatur,

84 3439 268 3549 quoniam
299 3438 515 3524 mercenarii
547 3439 679 3525 milites
710 3440 782 3524 bac
813 3438 1045 3554 potissimum
1080 3438 1240 3545 valent,
1267 3439 1343 3555 qui
1361 3441 1530 3574 cognito

86 3578 191 3641 certo
216 3557 383 3692 periculo
411 3556 520 3671 primi
543 3587 654 3671 saepe
682 3552 813 3674 fugam
840 3581 1064 3670 capessunt,
1087 3556 1257 3643 civilibus
1285 3555 1399 3669 copiis
1432 3586 1530 3643 mor·

82 3692 164 3756 rem
190 3676 288 3790 turpi
314 3673 481 3811 fugaep
481 3672 773 3760 raeferent'ibus.
804 3676 869 3761 Ad
889 3673 1024 3759 haec
1013 3701 1067 3758 ιιι
1097 3673 1274 3760 concitati
1303 3673 1410 3758 multi
1428 3678 1528 3788 perii·

68 3788 168 3873 :cula
199 3793 396 3882 subeunt
387 3793 571 3897 interriti,
597 3823 697 3929 quos
728 3792 867 3880 idcirco
897 3791 1013 3885 fortes
1043 3792 1232 3879 interdum
1237 3791 1524 3926 appellamus,

65 3909 265 4042 quoniam
286 3937 332 3998 et
355 3910 449 4025 ipsis
462 3907 657 3996 fortibus
648 3940 701 3995 ιιι
728 3940 784 3997 ιιι
805 3911 1016 3999 νιιιιιιιιι
1006 3909 1325 4025 nnperuosissima
1340 3909 1466 4016 vires,
1483 3939 1527 4000 ut

79 4027 133 4111 ait
162 4031 383 4133 Homerus,
399 4029 677 4115 subministrat:
694 4058 777 4146 quo
804 4027 875 4136 fit,
892 4052 938 4114 ut
960 4029 999 4112 in
1023 4029 1267 4114 concionibus
1296 4025 1524 4138 militaribus,

79 4142 215 4254 quibus
238 4148 316 4234 acie
339 4148 520 4234 instructa
544 4148 784 4263 imperatores
811 4147 862 4233 ad
890 4175 1058 4282 pugnam
1090 4146 1220 4231 milites
1246 4144 1437 4232 adhortari
1464 4177 1524 4234 so·

58 4258 187 4364 ulent,
211 4264 302 4350 illud
327 4265 428 4352 vel
411 4265 606 4379 inprimis
639 4290 866 4382 usurpetur,
894 4266 923 4350 si
954 4263 1045 4379 quid
1077 4263 1350 4348 contumeliose
1378 4261 1521 4353 factum

59 4384 365 4467 commemorari
388 4382 489 4469 valet
507 4415 630 4500 ,quo
644 4384 801 4470 militum
832 4382 944 4479 animi
973 4380 1115 4495 possint
1141 4381 1192 4467 ad
1224 4379 1523 4498 indignationem

61 4496 282 4583 concitari:
305 4500 454 4588 interest
480 4526 639 4607 tamen,
658 4503 767 4617 quod
796 4498 910 4585 forres
938 4501 1176 4585 honestatem
1205 4524 1442 4618 sequuntur,
1469 4504 1523 4588 ira

72 4615 222 4749 spiritus
252 4646 504 4734 suggerente·
493 4678 506 4727 ,
524 4621 582 4705 isti
614 4620 740 4705 studio
768 4618 958 4704 vindictae
990 4617 1156 4733 agitante
1189 4616 1322 4702 dolore
1351 4619 1522 4733 praecipi·

69 4755 127 4815 tes
154 4733 194 4817 in
225 4735 386 4850 pericula
412 4734 582 4823 feruntur
614 4766 720 4821 more
745 4733 906 4821 ferarum
923 4797 935 4841 ,
951 4763 1051 4849 quae
1082 4735 1148 4820 nisi
1173 4734 1360 4820 irritentur
1379 4798 1390 4842 ,
1406 4737 1519 4821 etiam

53 4850 108 4935 in
128 4849 225 4943 silvis
248 4851 400 4973 lugiunt
423 4854 549 4973 potius
569 4855 793 4961 hominem,
810 4880 928 4969 quam
946 4852 1164 4959 invadant,
1181 4851 1248 4937 sed
1267 4876 1425 4966 accepto
1445 4852 1518 4938 vul

1455 4994 1520 5051 ne-
