4020 5864
577 357 1081 432 PRAEFATIO.
1159 305 1163 307 -
1450 382 1517 456 μς

94 488 175 609 ipso
199 483 299 594 fuit,
315 477 543 584 infamaret,
566 500 604 570 et
620 483 675 595 Js't'u
663 477 857 590 oblitus,
885 479 1088 584 maledictis
1071 485 1224 598 satque
1248 471 1423 570 conviciis
1437 512 1542 599 prae-

95 635 153 695 ter
175 633 288 691 omne
319 594 536 689 decorum
527 592 733 687 lacesseret.
758 591 958 706 Quorum
982 598 1180 686 conatibus
1205 629 1250 687 ut
1278 630 1541 712 occurrerem,

95 723 206 813 oflicii
230 721 304 808 mei
328 748 372 805 ac
388 715 533 836 pietatis
556 718 680 854 potius
699 747 789 837 erga
805 719 909 808 illum
927 747 1003 807 esse
1025 718 1175 813 multis
1166 721 1341 834 justisque
1357 723 1406 808 ‹le
1420 725 1538 812 causis

94 839 309 931 existimavi.
339 838 536 926 Istorum
527 838 647 976 rgitur
667 837 859 925 calumniis
883 839 1142 954 respondere,
1165 867 1209 925 ac
1237 841 1380 926 Erasml
1410 845 1539 956 queri-

94 960 230 1048 moniis
247 954 451 1049 satisfacere
474 957 650 1043 constitui
674 958 750 1044 hoc
766 956 921 1064 libello,
949 957 1136 1072 quemad
1162 982 1201 1047 te
1224 959 1364 1065 mitto,
1386 961 1454 1075 qui
1470 994 1536 1079 pa-

94 1081 169 1167 trui
196 1078 354 1196 gloriam
370 1102 485 1193 arque
519 1077 781 1203 praestantiam
814 1074 1102 1185 honestissimis,
1125 1077 1190 1163 sed
1214 1072 1463 1188 felicioribus,
1490 1109 1537 1173 ut

94 1226 205 1313 spero
228 1222 267 1283 et
296 1224 459 1311 precor,
486 1192 614 1281 studiis
638 1187 928 1330 ingentibusque
952 1139 1150 1283 virtutibus
1179 1195 1373 1281 aemularis
1400 1258 1413 1304 ,
1440 1224 1480 1285 et
1495 1231 1535 1288 es

98 1317 237 1454 ipsius,
262 1341 306 1402 ut
316 1340 528 1427 ceterarum
544 1341 699 1420 rerum,
724 1314 774 1400 sic
798 1311 1086 1414 familiaritatum
1114 1340 1153 1400 et
1174 1314 1431 1419 clientelarum
1448 1319 1537 1437 legi·

96 1435 208 1522 timus
231 1433 372 1520 heres:
403 1459 452 1519 ne
481 1441 569 1518 cum
583 1430 661 1546 ejus
676 1432 717 1519 in
737 1460 799 1518 me
823 1431 1042 1519 meritorum
1070 1457 1109 1518 et
1126 1415 1411 1521 benevolentiae
1439 1439 1537 1554 opti-

96 1584 181 1640 mus
209 1553 286 1668 ipse
309 1551 354 1638 sis
378 1550 508 1658 testis,
536 1550 670 1669 ingrati
691 1550 804 1638 animi
827 1553 961 1641 vitium
979 1580 1146 1667 ,aquo
1168 1580 1314 1667 semper
1341 1553 1535 1667 abhorrui,

94 1671 173 1787 jure
189 1671 279 1756 milti
296 1698 419 1786 posses
434 1668 651 1783 objectare,
672 1670 700 1756 si
716 1670 838 1757 minus
851 1671 1053 1758 adversus
1044 1680 1201 1757 ntorum
1217 1671 1419 1785 ‚aquibus
1434 1704 1536 1762 sum·

93 1790 305 1904 mainpuria
330 1786 431 1876 lama
458 1787 584 1874 illius
576 1818 614 1874 ιιι
642 1789 837 1883 discrimen
861 1815 1052 1895 vocatur,
1074 1788 1364 1876 criminationes
1370 1816 1536 1906 patrono

93 1908 207 1996 cliens
235 1906 471 2024 (quando
444 1934 495 1993 stc
520 1905 607 1994 tulit
629 1910 867 2026 praepostera
898 1906 1080 2023 fortuna)
1100 1932 1288 2039 quantum
1315 1909 1490 2050 ingenio
1496 1938 1537 2001 et

92 2026 274 2116 industria
288 2024 468 2144 consequi
483 2056 662 2144 possem,
685 2028 963 2145 patroeimter,
988 2029 1027 2112 in
1050 2055 1162 2114 causa
1186 2029 1399 2164 praesertim
1427 2031 1538 2147 ipsius

26 2142 28 2145 ’
91 2170 172 2233 tam
188 2146 347 2234 honesta
372 2168 413 2233 et
428 2146 632 2262 expedita,
657 2172 703 2235 ut
717 2149 923 2239 commoda
956 2148 1081 2238 oratio
1107 2146 1297 2236 neminem
1330 2149 1538 2267 quamlibet

91 2265 311 2355 indisertum
325 2263 484 2357 deficere
507 2295 617 2381 posse
633 2266 818 2359 rideatur
