4020 5864
503 382 572 452 522
810 355 881 428 DE
900 354 1030 426 tato
1050 354 1117 427 ET
1137 353 1320 428 LIBERO
1337 355 1576 430 ARBI'l'RlO

384 476 389 486 ⁸
479 495 579 574 enim
594 485 784 570 traditores
804 486 899 595 legis
916 484 1019 593 jani
1046 484 1249 592 sarcapai
1276 481 1433 588 Deum,
1462 480 1728 590 sed'factcres
1754 487 1856 596 legis
1872 486 1933 595 in

477 603 771 705 stificabcrnur.
803 601 982 688 Potuitne
1013 600 1176 715 apertius
1220 628 1328 688 num
1356 626 1523 691 mentem
1551 600 1695 689 Patrius
1726 604 1932 719 explicaret

484 729 581 810 Non
598 721 778 838 ,inquit,
805 719 1003 807 auditores
1009 718 1124 836 legis
1116 717 1332 831 pustisunt,
1358 717 1423 806 sed
1442 715 1601 808 factores
1630 720 1726 836 legis
1758 721 1929 834 justifica·

487 845 657 931 buntur:
681 841 757 926 hoc
772 867 829 926 est
843 837 1040 955 ,cognitio
1055 837 1146 973 legis
1160 837 1304 953 absque
1331 839 1507 954 operibus
1538 837 1672 925 nullius
1697 864 1759 925 est
1784 871 1932 955 prorsru

486 960 762 1062 emolumenti,
788 900 929 1051 sedhic
943 982 998 1042 est
1012 955 1103 1073 legis
1118 951 1288 1062 iromus,
1317 981 1361 1043 ut
1375 958 1575 1073 peripsam
1603 956 1739 1047 edocti
1766 958 1924 1077 legitima

486 1074 678 1165 iaciamus
695 1076 793 1163 Ut
767 1103 812 1162 stt
834 1075 957 1165 multo
971 1076 1105 1211 satius,
1121 1103 1188 1191 qur
1176 1073 1356 1211 legent
1345 1101 1525 1192 ignorat,
1550 1074 1655 1162 hunc
1685 1101 1792 1164 recte
1821 1106 1926 1195 agere

485 1224 624 1314 sponte
645 1221 801 1281 naturae
818 1256 831 1301 ,
860 1224 977 1330 quam
992 1194 1022 1280 si
1036 1194 1119 1310 quis
1138 1221 1228 1280 cum
1243 1192 1334 1330 legis
1355 1195 1575 1312 cognitione
1600 1222 1624 1277 a
1646 1217 1755 1281 recte
1775 1196 1926 1330 agendo

487 1340 674 1421 cessaret,
703 1315 813 1430 quod
829 1312 980 1426 Judaeis
994 1313 1216 1419 accidebat,
1247 1312 1285 1398 in
1302 1341 1400 1428 quos
1424 1313 1475 1399 ad
1501 1313 1606 1400 hunc
1635 1311 1846 1398 modum
1835 1343 1935 1402 anve·
1997 1328 2004 1353 ‘

487 1435 618 1523 bitur:
646 1434 696 1516 Si
708 1449 885 1518 autentu
905 1430 1075 1548 Judaeus
1088 1438 1395 1542 cognoninaris,
1420 1445 1458 1517 et
1473 1438 1679 1539 requiescis
1694 1439 1739 1516 in
1764 1439 1880 1543 iege,
1899 1448 1933 1516 et

486 1560 672 1665 gloriaris
686 1560 727 1635 in
748 1553 832 1636 Deo
849 1609 865 1657 ‚
885 1568 922 1637 et
937 1558 1100 1636 nosciva
1099 1556 1275 1666 lantatern
1289 1554 1402 1662 ejus,
1429 1564 1468 1635 et
1482 1549 1628 1660 probas
1653 1555 1914 1658 aninmo
1915 1599 1930 1618 ·

487 1688 659 1757 stcaetas
665 1690 740 1781 per
761 1677 902 1780 legem,
932 1671 1087 1776 confidis
1113 1675 1294 1777 teipsum
1308 1694 1391 1755 erse
1415 1672 1542 1754 dacem
1555 1693 1786 1774 caecorum,
1816 1675 1934 1753 imnen

488 1818 641 1896 eoram,
669 1796 736 1897 qai
753 1788 973 1874 intenebris
992 1802 1108 1892 stan,
1137 1791 1363 1872 erudiam
1393 1792 1676 1897 insipientium,
1720 1791 1937 1896 magistrun

339 1936 343 1951 τ
389 1909 435 1957 τ’
485 1908 712 2017 mntem,
728 1903 1096 2010 haiennmfcrrnam
1111 1911 1291 1995 scientiae
1312 1918 1359 2005 ετ,
1372 1912 1557 1990 veritatis
1571 1912 1611 1989 in
1638 1910 1755 2013 lege:
1770 1913 1835 2012 qui
1850 1931 1933 2015 erga

486 2036 605 2112 alium
621 2032 756 2129 doces,
776 2040 814 2108 te
830 2033 1037 2134 ipsumam
1057 2027 1189 2130 doces:
1222 2027 1513 2132 acipraedicas
1534 2019 1854 2130 confutandam,
1869 2022 1937 2130 su-

487 2154 628 2230 caris:
657 2153 722 2251 qui
737 2147 837 2227 dicis
852 2168 921 2227 non
948 2142 1230 2249 moechandum,
1250 2143 1483 2234 attrebatis:
1509 2149 1574 2249 qni
1595 2144 1834 2229 timoniis
1856 2146 1934 2227 ida·

417 2339 419 2341 ,
489 2269 563 2366 ia,
592 2271 699 2347 sacri
698 2269 832 2370 legiam
851 2258 977 2396 fitcis.

492 2384 651 2487 Xlll.
710 2380 824 2484 Quae
839 2379 969 2465 omnia
982 2377 1061 2464 buc
1077 2402 1278 2494 spectare,
1302 2401 1347 2481 ut
1361 2376 1422 2464 lex
1440 2376 1576 2466 inutilis
1594 2400 1635 2483 et
1661 2405 1935 2512 supervacanea

489 2526 578 2586 esse
599 2496 880 2633 intelligatur
840 2526 933 2582 stne
957 2496 1160 2611 operibus,
1190 2497 1327 2583 necad
1351 2497 1645 2631 cognitionem,
1666 2496 1740 2582 sed
1757 2499 1935 2583 actionem

487 2616 617 2761 legem
629 2641 846 2759 pernnete,
875 2613 937 2703 vel
953 2615 1114 2729 apertius
1112 2613 1298 2757 subjectis
1322 2614 1446 2723 statim
1474 2615 1598 2702 veniis
1627 2613 1832 2700 declarat:
1864 2615 1938 2700 Cir·

488 2742 675 2819 concisio
681 2740 830 2842 quidem
840 2737 995 2878 prodest
1014 2789 1029 2838 ,
1049 2731 1201 2877 inquit,
1216 2742 1251 2814 si
1244 2738 1383 2842 legem
1397 2734 1609 2834 observes,
1634 2741 1675 2816 si
1692 2749 1935 2843 attemptat

489 2860 693 2937 varicator
708 2858 905 2960 legistis,
933 2857 1171 2936 arcannzsro
1182 2863 1250 2933 tua
1261 2858 1504 2960 praepediant
1518 2849 1637 2959 facta
1654 2866 1733 2935 est.
1764 2852 1937 2947 Quorum

488 2977 551 3055 est
571 2998 706 3055 sensus
738 2968 1027 3085 apertissimus,
1060 2967 1132 3053 lex
1148 2965 1301 3082 prodest
1324 2966 1416 3084 legis
1441 2994 1643 3084 praecepta
1679 2969 1939 3072 servantibm,

488 3063 850 3224 praevaricatoribus
865 3109 993 3171 autern
1008 3086 1162 3202 perinde
1173 3110 1249 3172 est
1259 3084 1424 3193 inutilis,
1448 3115 1493 3171 ac
1506 3115 1539 3172 st
1526 3084 1656 3171 nula
1688 3087 1751 3172 sit.
1786 3087 1941 3200 judaeo

490 3211 588 3291 cum
586 3205 708 3341 igitur
733 3230 886 3320 peccata
900 3203 1024 3289 multis
1046 3203 1192 3290 veniis
1182 3227 1416 3309 tnnctattn,
1448 3227 1683 3319 testatusque
1714 3232 1857 3292 omnes
1882 3204 1941 3289 ho

491 3321 624 3409 mines
630 3323 675 3408 in
677 3350 851 3439 peccato
868 3320 1021 3411 versari
1025 3379 1039 3425 ,
1064 3349 1162 3406 non
1172 3321 1281 3435 quod
1303 3350 1530 3456 numquam
1546 3347 1645 3408 recte
1659 3348 1858 3438 agerent,
1884 3320 1941 3407 sed

493 3441 587 3557 quia
610 3467 807 3557 perquam
839 3467 955 3543 tato,
978 3469 1060 3525 non
1089 3438 1197 3554 quod
1217 3469 1297 3524 non
1313 3448 1466 3553 possent
1493 3465 1593 3526 recte
1608 3467 1755 3556 agere,
1782 3466 1826 3528 et
1853 3467 1944 3556 prae·

497 3584 608 3675 cepta
636 3559 726 3678 legis
760 3586 939 3663 servare,
960 3554 1148 3645 assistente
1171 3555 1283 3643 videli
1283 3580 1343 3642 cet
1373 3556 1493 3688 gratia
1518 3557 1592 3643 Dei
1618 3585 1787 3673 ,quam
1820 3555 1944 3644 frustm

338 3733 357 3770 ,ι
493 3705 617 3764 nemo
633 3706 815 3793 umquam
832 3675 1052 3789 imploravit
1081 3676 1188 3779 (hoc
1201 3674 1301 3761 enirn
1318 3683 1505 3791 pugnaret
1520 3736 1533 3782 ,
1548 3702 1639 3760 curn
1652 3704 1705 3762 eo
1730 3678 1848 3791 quod
1862 3675 1946 3762 dixe

423 3901 426 3906 ι
497 3820 586 3881 rat:
614 3796 749 3881 Gloria
764 3811 802 3879 et
813 3797 930 3881 donor
949 3801 1045 3878 amni
1062 3800 1233 3902 operanti
1244 3793 1379 3877 donum
1396 3850 1411 3899 ,
1431 3792 1578 3928 thdaeo
1593 3802 1765 3902 primam
1781 3812 1823 3878 et
1839 3796 1946 3880 Grae

341 3925 346 3941 '
497 3939 576 4020 cc,
595 3929 633 3997 et
647 3913 824 4020 ficatorer
838 3909 1311 4024 iegisjastificaianicr,)
1344 3911 1411 3998 sed
1425 3910 1678 4027 quiaservare
1695 3913 1945 4048 negligerent,

530 4030 638 4116 actim
654 4033 708 4116 ob
722 4032 949 4146 pronitatem
965 4028 1015 4114 ad
1032 4029 1188 4131 malum,
1204 4056 1321 4142 quam
1342 4057 1409 4143 per
1438 4035 1636 4144 peccatum
1649 4029 1765 4144 primi
1780 4028 1948 4165 paterinis,

496 4061 680 4235 ffiieso
618 4172 657 4235 ετ
671 4148 902 4253 imminuto,
918 4176 998 4233 non
1012 4146 1160 4234 sublato
1175 4146 1293 4232 libero
1319 4146 1486 4254 arbitrio,
1501 4171 1772 4234 contraxerant
1791 4149 1947 4280 ,partim

493 4295 567 4351 aua
583 4268 749 4381 ipsorum
765 4264 957 4381 nequitia.
983 4264 1081 4351 hoc
1072 4265 1183 4382 rgitur
1198 4289 1382 4372 testatus,
1398 4291 1444 4351 ut
1457 4253 1727 4370 concluderet,
1746 4210 1933 4355 nihilo
1890 4297 1948 4350 mr·

500 4411 572 4468 nus
588 4383 765 4497 Judaeis,
790 4413 908 4499 quarn
924 4384 1095 4499 gentibus
1110 4413 1208 4497 opus
1222 4412 1300 4480 esse
1323 4408 1538 4497 reparatore
1556 4382 1743 4488 Christo,
1778 4385 1857 4471 ait:
1886 4386 1948 4468 En

349 4582 354 4593 ,
397 4525 406 4545 ·
498 4506 674 4611 operibus
704 4509 800 4610 legis
825 4528 893 4587 nan
912 4498 1189 4610 jannicabitcr
1218 4509 1337 4585 omnis
1356 4527 1446 4588 caro
1474 4530 1600 4588 coram
1623 4509 1947 4614 illo,per1egeu

498 4630 594 4703 enim
621 4627 781 4729 cognitio
799 4625 964 4728 peccati.
997 4619 1118 4715 Quasi
1142 4619 1281 4727 dicat,
1296 4647 1492 4737 praecepta
1512 4620 1602 4738 legis
1631 4618 1760 4734 pravis
1791 4618 1946 4707 bomini·

497 4736 566 4824 bus
582 4738 672 4823 nihil
697 4764 899 4851 prosunt,
919 4766 1007 4851 quta
1019 4767 1118 4851 quae
1132 4734 1252 4823 faeere
1237 4738 1481 4874 iubentur,
1503 4768 1583 4825 non
1601 4767 1890 4854 exsequunnrr:
1914 4735 1944 4820 si

494 4858 595 4944 enirn
610 4853 775 4944 facerent
791 4916 804 4964 ,
820 4853 1132 4989 justificarentur,
1145 4881 1200 4968 et,
1221 4857 1249 4946 si
1263 4886 1331 4976 qur
1318 4852 1486 4953 fadum
1506 4855 1821 4981 ,iustificantutz
1848 4856 1944 4946 dxe-

1062 5047 1064 5051 ,
1889 4999 1944 5065 rat
