4020 5864
683 391 883 468 eroon
925 392 988 461 111.
1044 403 1081 457 .·
1445 416 1514 485 ,μς
1571 379 1572 383 ‘

99 528 228 632 nibus
245 531 355 613 ninia
372 527 536 634 replevit
553 543 688 604 sacrm
703 526 939 627 scripturas,
953 541 1024 603 non
1039 517 1146 625 qnod,
1163 529 1322 624 excepto
1339 524 1545 626 cognitione

96 654 282 756 peccati,
304 671 350 727 ac
364 646 542 726 humanae
557 639 859 743 inbecillitatis,
884 642 1075 746 quidpiam
1090 639 1331 743 adpietatern
1348 653 1386 718 et
1413 644 1545 722 virtue
1605 645 1609 653 '

101 781 159 848 les
170 761 413 872 fungendae,
434 772 664 868 peccataque
679 761 854 839 uicissim
871 759 1052 843 evitanda
1064 756 1168 845 ,haec
1183 753 1386 838 nonnius
1416 764 1543 862 opitu-2

101 888 222 964 emur
237 937 266 986 ,.
280 884 528 985 sedquoniam
550 881 609 958 sic
618 878 802 982 placitum
817 889 877 958 esi
894 877 978 958 Deo
993 905 1002 958 ε
1019 879 1221 974 salirent,
1242 869 1363 985 inquit
1380 933 1392 976 ,
1422 892 1542 980 nosse,

101 1003 200 1107 quod
215 1000 326 1081 Dens
342 1005 399 1081 ita
417 1000 526 1079 velit.
554 994 595 1076 0
619 987 797 1076 nefariam
830 992 1103 1108 impudentiam
1132 989 1288 1076 Lutheri
1317 1000 1326 1075 l
1356 1021 1385 1074 o
1414 1018 1543 1078 caecas

101 1116 356 1232 quorumdam
370 1119 654 1199 Germanorum
671 1135 814 1197 mentes
830 1121 840 1195 l
857 1114 966 1196 Haec
980 1109 1181 1225 quisquam
1197 1107 1285 1222 legit
1300 1168 1312 1211 ,
1329 1130 1368 1192 et
1383 1108 1545 1216 dubitat,

102 1262 180 1347 qua
201 1257 356 1336 mente,
385 1260 466 1348 quo
492 1229 656 1333 animo,
681 1255 764 1340 quo
789 1228 918 1342 spiritu
943 1226 1164 1314 detestanda
1192 1223 1260 1308 ista
1282 1225 1398 1310 bestia
1425 1255 1544 1314 sacras

101 1347 238 1437 litteras
258 1351 517 1436 contaminet?
546 1352 628 1434 Aut
643 1373 681 1430 se
702 1347 841 1461 patitur
857 1373 936 1433 tam
963 1343 1073 1435 l'atuis
1098 1341 1296 1428 mendaciis
1322 1367 1400 1429 tarn
1428 1347 1545 1461 turpi·

16 1566 32 1591 s
92 1492 160 1553 wter
188 1469 287 1555 eludi
312 1530 325 1573 ‚
353 1463 563 1581 apertisque
586 1462 682 1549 dolis
700 1487 739 1549 et
764 1460 962 1549 manifestis
986 1462 1120 1550 insidiis
1145 1462 1195 1545 ab
1226 1459 1381 1580 homine
1399 1459 1543 1552 furioso

101 1585 384 1673 circumveniri?
413 1589 516 1669 Nam
560 1581 695 1667 uitam
713 1581 929 1667 monstrosis
945 1579 1176 1667 orationibus
1194 1577 1398 1692 adquiescit
1416 1643 1428 1686 ,
1443 1612 1543 1697 quo·

98 1704 224 1790 enodo
252 1705 281 1789 is
311 1703 480 1788 Luthero
503 1611 776 1815 relegabitur,
801 1699 831 1787 si
858 1695 956 1786 forte
978 1698 1108 1786 dixerit
1124 1757 1138 1802 ,
1154 1695 1342 1811 quosdam
1372 1698 1543 1789 homines

99 1821 292 1907 asinorum
321 1819 449 1925 animis
470 1815 692 1922 informari,
713 1844 916 1931 porcorum
942 1817 1189 1931 elephantos,
1215 1813 1270 1899 :sic
1294 1815 1395 1905 enim
1424 1819 1543 1905 videri

98 1938 250 2053 Spiritui
266 1961 429 2042 sancto,
452 1934 537 2022 licet
552 1935 656 2022 aliter
679 1936 846 2021 humana
860 1935 1005 2021 ratione
1033 1932 1214 2046 judcerur
1227 1932 1248 2016 ‘i
1261 1933 1424 2050 Rogato
1439 1937 1541 2039 eninr

98 2081 170 2146 cur
183 2056 246 2142 tali
268 2055 389 2173 figura
406 2054 607 2141 mentiatur
623 2052 815 2139 hominem
832 2114 845 2160 ,
868 2053 935 2168 qui
951 2080 1081 2139 revera
1095 2051 1141 2136 sit
1164 2050 1312 2139 asinus:
1332 2053 1369 2135 in
1386 2081 1542 2166 promtu

98 2173 170 2260 etit
188 2174 258 2259 illa.
272 2172 463 2289 responsio
481 2234 496 2277 ,
511 2173 560 2258 sic
576 2177 663 2258 Deo
679 2168 855 2287 placium
879 2200 956 2267 esse
974 2228 988 2275 ,
1012 2170 1095 2255 satis
1110 2197 1188 2255 esse
1198 2167 1292 2254 scire
1310 2230 1323 2273 ,
1346 2171 1396 2256 sic
1412 2177 1543 2260 Deum

100 2290 283 2377 voluisse:
304 2291 402 2376 saris
418 2317 545 2377 aurem
560 2289 680 2389 scire,
702 2288 768 2404 qui
793 2288 843 2373 sic
868 2287 995 2398 audiar
1011 2282 1445 2377 Lutherunr'asfirnrare.¹
1468 2291 1543 2380 Sed

98 2406 220 2520 huius
236 2406 466 2524 perditissimi
494 2402 691 2492 nebulonis
732 2405 946 2523 arrogantia
979 2434 1066 2491 cum
1095 2403 1201 2490 nullo
1239 2432 1320 2490 non
1343 2406 1433 2494 loco
1465 2439 1542 2499 sese

99 2524 469 2641 prodatstultissime
497 2584 513 2632 ,
540 2522 664 2610 nescio
697 2548 826 2612 tamen
851 2529 953 2628 ,an
983 2552 1144 2638 usquam
1175 2519 1242 2608 fiat
1286 2523 1542 2634 manifestior,

99 2671 227 2759 quarn.
247 2642 313 2730 ubi
342 2673 422 2729 non
446 2665 530 2730 tam
550 2666 738 2756 exponere
761 2703 775 2748 ,
797 2671 918 2756 quam
946 2665 1159 2756 pervertere
1198 2639 1350 2726 molitur
1373 2642 1466 2729 illud
1496 2673 1543 2733 ex

100 2764 260 2848 Denter.
275 2791 440 2878 cap.3o.¹
463 2762 702 2866 nonnarum,
719 2764 815 2868 quod
822 2767 1023 2870 prmcipio
1035 2759 1256 2864 tibirbodie,
1279 2785 1350 2846 non
1368 2780 1487 2871 supro
1503 2780 1542 2849 te

98 2896 183 2989 esi,
209 2907 275 2967 nec
285 2887 423 2991 praem
434 2888 626 2990 posonen,
649 2903 715 2964 nec
730 2883 773 2995 in·
786 2885 886 2965 eaelo
908 2874 1050 2983 sienni,
1068 2886 1258 2989 ⁴nt'possir
1276 2881 1542 2988 dicere,vqnis

97 3017 272 3085 nosirnrn
286 3005 453 3083 valerio
469 2999 858 3100 coelnn'ascenelere,
883 3011 926 3081 nt
951 2999 1098 3101 delerat
1113 3000 1209 3080 illud
1221 2999 1275 3080 nel
1294 3023 1386 3103 nor,
1408 3013 1450 3081 nt
1468 3026 1542 3084 *aus

101 3119 252 3203 elianus
267 3132 305 3202 et
328 3136 438 3229 opere
453 3124 695 3230 compleamur
711 3147 721 3201 :
738 3117 930 3223 sedjnrria
945 3129 1050 3199 teeti
1066 3118 1178 3199 unde
1190 3140 1326 3221 sonno,
1343 3111 1383 3201 in
1399 3144 1463 3202 ore
1478 3133 1541 3205 ino

97 3239 264 3322 encoma
289 3250 379 3340 ino,
395 3251 437 3318 ni
441 3233 580 3343 facias.
592 3240 710 3320 illurn.
733 3235 922 3338 Quorum
938 3231 1142 3321 verborum
1157 3230 1218 3318 hic
1241 3255 1296 3318 est
1311 3262 1435 3321 sensus
1451 3236 1541 3322 sim-

101 3351 186 3464 plex
205 3375 245 3439 et
260 3353 512 3441 lucidissimus.
538 3351 934 3467 Mandatum-,quod
956 3349 1020 3438 ribi
1038 3349 1223 3465 praecipio
1239 3379 1346 3457 ,non
1361 3376 1416 3438 est
1430 3380 1542 3468 supra

98 3491 139 3553 te
147 3530 169 3577 ,
199 3471 244 3557 id
262 3495 349 3577 est,
371 3501 486 3589 supra
495 3471 591 3557 vires
606 3493 690 3556 tuas
707 3529 720 3575 ,
737 3470 804 3556 sed
819 3469 920 3581 juxta
940 3528 955 3576 ,
977 3468 1017 3555 id
1032 3491 1108 3574 est,
1124 3468 1164 3554 in
1179 3495 1246 3555 tua
1261 3494 1478 3584 potestate,
1501 3470 1542 3555 in
1585 3586 1588 3588 g
1708 3575 1724 3583 .,

99 3615 166 3673 ore
196 3588 365 3675 videlicet
380 3614 480 3695 tuo,
513 3615 551 3675 et
567 3588 797 3695 cordetuo,
825 3588 903 3670 *ri
938 3588 1140 3674 Dominum
1171 3590 1296 3672 Deum
1324 3603 1425 3673 tunnr
1447 3615 1540 3674 uoce

98 3703 430 3812 conflrmsfaeris
449 3768 462 3814 ,
478 3711 766 3814 laudaverisqne
781 3720 820 3790 ei
836 3704 1171 3814 magnificaverit,
1194 3707 1342 3792 etitem
1359 3732 1445 3794 toto
1459 3733 1542 3793 cot·
1633 3765 1636 3771 ·
1666 3769 1668 3775 ·
1687 3736 1688 3740 ‘

98 3821 148 3907 de
173 3824 366 3927 dilexeris,
397 3851 436 3911 et
458 3823 684 3912 adoraveris.
723 3825 796 3911 Sed
827 3823 1015 3910 Lutherus
1038 3824 1166 3910 locum
1192 3824 1231 3908 in
1254 3824 1355 3910 hunc
1381 3827 1542 3912 modum

96 3942 296 4051 pervertit:
331 3946 469 4054 Quid,
501 3943 654 4059 inquit,
679 3943 809 4028 Moser
837 3948 923 4026 uult
954 3951 1045 4027 istis
1069 3944 1202 4027 uerbis
1218 4013 1221 4021 .
1236 3953 1543 4052 apertissimisei
1596 3957 1733 4069 euprepio

95 4064 413 4165 clarissimis,nisi
429 4089 472 4145 se
487 4089 554 4146 sno
568 4059 701 4166 ffficio
714 4058 939 4158 confidelem
956 4068 1203 4169 legislatorem
1214 4087 1295 4145 esse
1303 4062 1543 4170 perfunctum
1554 4035 1727 4200 {ffinlpgui
1862 4114 1868 4133 ι

95 4187 271 4284 egregie,
302 4194 430 4290 arpen
446 4207 552 4288 grum
566 4205 635 4264 non
651 4193 754 4282 oei,
786 4186 975 4284 quominus
998 4187 1120 4263 omnia
1150 4188 1305 4284 seiam,
1331 4177 1543 4277 rehabeant
1623 4172 1631 4190 ⁹
1678 4173 1687 4193 ’

93 4317 219 4375 γεοναηι
230 4304 359 4403 posito
378 4313 585 4407 praecepta
611 4357 624 4402 ,
649 4321 715 4379 nec
746 4301 866 4378 lacurn
899 4302 956 4377 eis
987 4302 1159 4379 relictum
1182 4301 1416 4403 excusandi,
1445 4304 1544 4415 qnod

92 4404 295 4517 ignorent,
318 4423 382 4497 vel
403 4442 475 4502 non
502 4417 664 4498 humant
674 4427 885 4522 praecepta
910 4469 924 4515 ,
945 4428 1012 4496 ont
1029 4417 1174 4496 aliunde
1192 4419 1354 4524 petenda
1368 4422 1426 4500 eis
1451 4427 1539 4503 sini:

61 4580 62 4583 κ
92 4540 138 4611 nt
152 4536 190 4610 si
219 4555 286 4618 non
307 4540 551 4622 servaverint
571 4559 648 4637 ea,
680 4537 793 4643 cupa
810 4555 879 4614 nec
895 4536 950 4615 sit
965 4535 1091 4641 legis,
1117 4557 1184 4616 nec
1199 4536 1429 4641 legislatoris
1446 4597 1459 4642 ,
1475 4539 1545 4619 sed

102 4703 106 4709 -
1435 4659 1542 4761 ipso-

101 4831 108 4842 ‘
129 4823 152 4919 ⁶.
193 4824 230 4882 ln
244 4824 311 4884 xiiis
325 4827 409 4921 editt.
426 4827 467 4890 Si
479 4837 557 4888 enan
570 4828 601 4887 in
617 4825 712 4889 veen
722 4827 864 4907 pietaten
877 4825 1087 4911 profiteberis,
1105 4831 1283 4909 eundemque
1297 4825 1424 4908 psalmis
1437 4837 1467 4892 et
1480 4817 1539 4908 ὑμὲ

90 4917 439 4994 anteproreqrertr,et
459 4910 619 4992 ἕπωμαι.
699 4959 700 4964 1
840 4988 845 4995 ¹
947 4964 950 4971 .
1202 4927 1204 4931 ’
1363 4964 1406 4974 ,.
1480 4966 1482 4973 ,
