4006 5850
426 349 569 440 ιιι
814 352 881 423 ιι
907 295 1037 424 into
1061 352 1126 425 ιτ
1150 354 1328 431 LIBERO
1354 354 1594 432 ιιιιτιιιο

470 503 573 560 setus
601 469 822 582 efficiatur,
849 478 925 563 hoc
939 477 1121 594 quoniam
1140 478 1189 565 de
1206 506 1321 563 causa
1341 475 1535 565 dumtaxat
1561 474 1750 564 efficiente
1766 472 1912 597 (qualis

469 618 525 680 εει
547 593 736 711 caelestis)
762 594 1000 710 loquuntur,
1032 596 1182 712 probari
1211 596 1362 683 minime
1395 622 1561 711 potest,
1590 625 1682 681 cum
1699 596 1746 682 sit
1769 599 1811 682 in
1837 600 1910 713 ipsa

470 713 622 797 materia
639 737 874 800 momentum
890 715 950 801 vel
966 715 1198 827 maximum,
1224 739 1338 831 atque
1353 743 1425 829 pto
1453 716 1530 850 ejus
1544 659 1756 800 discrimine
1771 744 1909 833 magna

471 831 692 946 plerumque
712 833 868 919 varietas
882 862 1042 969 operum
1058 834 1107 918 ab
1121 835 1259 919 eodem
1273 829 1498 919 efficiente
1472 861 1549 919 stne
1563 831 1675 918 ulla
1650 832 1781 946 ipsius
1788 860 1908 920 muta·

474 949 578 1035 tione
594 974 734 1036 manet
762 951 958 1085 Quando
949 952 1042 1067 ignis
1057 951 1195 1036 eodem
1212 976 1384 1066 tempore
1407 979 1529 1037 cetam
1549 947 1804 1085 liquefaciat,
1831 983 1906 1069 qno

282 1045 826 1174 lllllffllilutumconeernin
850 1069 995 1155 aridum
1010 1066 1156 1184 lignum
1178 1071 1400 1175 combutat,
1425 1098 1508 1185 quo
1522 1067 1644 1156 virens
1658 1093 1702 1154 et
1717 1071 1908 1158 madidum

285 1178 324 1212 m
313 1172 398 1210 ‘⁰³¹²
475 1216 525 1273 ne
540 1183 705 1272 ealefacit
732 1131 900 1301 quidem.
929 1188 1003 1270 Cui
1020 1187 1141 1273 similis
1154 1211 1219 1272 est
1234 1212 1422 1272 astrorum
1452 1210 1569 1302 atque
1596 1209 1781 1273 motuum
1798 1191 1911 1276 caele·

476 1306 587 1392 stium
603 1304 698 1390 ratio
714 1305 752 1389 in
768 1333 824 1391 res
843 1328 1023 1389 nostrates
1044 1329 1160 1420 atque
1181 1305 1352 1390 caducas.
1378 1307 1516 1419 Neque
1544 1303 1645 1388 enim
1661 1333 1817 1442 semper
1845 1318 1912 1393 At·

476 1449 602 1509 ctutus
616 1422 782 1507 exoriens
802 1447 1063 1539 tempestatem
1080 1420 1180 1507 facit.
1202 1422 1319 1520 Quid
1335 1423 1411 1507 ita?
1440 1423 1529 1537 quia
1544 1425 1782 1535 tempestatis
1806 1450 1916 1511 mate·

477 1542 531 1628 tia
557 1570 638 1625 non
660 1570 805 1656 semper
830 1602 843 1647 ,
864 1541 984 1627 autin
1003 1541 1108 1626 omni
1126 1564 1249 1627 tractu
1277 1565 1333 1626 est
1356 1563 1541 1675 quanto,
1568 1539 1630 1626 vel
1644 1542 1753 1655 quali
1780 1542 1879 1628 ad
1846 1574 1917 1629 vrm

477 1661 671 1744 caelestem
688 1658 942 1773 excipiendam
961 1658 1270 1745 accommodata.
1301 1656 1481 1754 Quod
1455 1686 1525 1741 sta
1554 1657 1667 1741 rebus
1694 1661 1915 1746 naturalibus

476 1777 594 1863 fatalis
610 1777 802 1862 necessitas
821 1775 1018 1863 manifestis
1040 1777 1244 1862 rationibus
1270 1775 1477 1861 excluditur
1492 1834 1513 1879 ,Δ
1530 1773 1624 1908 quid
1658 1776 1822 1862 tandem
1848 1778 1918 1863 exi·

441 1987 448 1999 ,
475 1895 624 1982 stimate
639 1895 818 1980 convenit
832 1895 881 1980 de
896 1894 1289 1980 humanisactionibus
1304 1917 1352 1978 ει
1367 1893 1534 1980 moribus
1556 1891 1675 1976 animt
1663 1893 1918 1981 voluntariis

476 2013 785 2127 Quamquam
738 2013 873 2098 matum
888 2038 943 2098 est
958 2007 1130 2128 profecto
1145 2073 1158 2120 ,
1172 2041 1270 2127 quae
1286 2010 1342 2096 isti
1359 2035 1534 2125 portenta
1559 2008 1796 2147 confingant
1810 2074 1821 2117 ,
1835 2013 1920 2097 dum

306 2230 311 2237 ‚
451 2131 652 2238 ,humanis
668 2130 809 2215 actibus
824 2130 995 2216 eamdem
1016 2191 1029 2236 ,
1054 2160 1170 2265 quam
1187 2131 1300 2214 rebus
1319 2128 1546 2214 naturalibus
1571 2131 1831 2216 necessitarem
1851 2132 1916 2215 im·

378 2248 380 2253 ’
462 2278 621 2362 ,ponere
639 2249 910 2335 machinantur.
944 2248 1006 2334 sic
1023 2250 1123 2341 enim
1141 2248 1348 2334 disserunt:
1376 2247 1478 2331 Cum
1503 2246 1690 2361 plurimae
1718 2278 1842 2334 rerum
1863 2274 1916 2334 at·

479 2395 555 2482 que
572 2366 750 2453 eaedem
741 2395 835 2452 rnter
851 2396 889 2451 se
905 2366 1182 2452 distantissimae
1198 2390 1354 2450 natutae
1373 2362 1612 2469 habeantur,
1647 2365 1839 2483 siquidem
1850 2395 1922 2452 non

324 2455 378 2506 Stoi
380 2461 467 2504 cotum

291 2527 440 2576 arautem
381 2526 467 2562 ιιι
481 2484 636 2572 solum
627 2510 722 2570 mter
751 2485 915 2568 animata
932 2509 970 2569 et
995 2484 1141 2568 animae
1166 2484 1327 2598 expertia
1353 2506 1508 2568 natutae
1533 2481 1734 2569 ιιεειίιιιειι
1770 2485 1922 2592 exsistit,

481 2634 613 2692 vetum
628 2603 742 2687 etiam
757 2601 1001 2705 animantium
1033 2602 1129 2685 inter
1143 2601 1250 2714 ipsa,
1279 2628 1354 2712 ριο
1368 2628 1536 2685 suarem
1569 2630 1776 2718 quamque
1800 2630 1922 2687 natura

482 2718 621 2808 officio
626 2720 693 2804 sibi
720 2696 895 2835 delegato
921 2716 1027 2834 fungi
1059 2745 1175 2834 atque
1203 2747 1395 2832 proprtum
1421 2746 1558 2803 munus
1582 2719 1732 2817 obite,
1758 2745 1806 2804 ut
1833 2747 1925 2903 quae

483 2839 580 2926 fiunt
602 2869 625 2922 a
641 2861 769 2942 tetra
787 2864 920 2921 natura
928 2860 1052 2922 terrae
1066 2834 1329 2923 efficiantur
1290 2894 1305 2941 ,
1320 2863 1414 2952 tgnts
1431 2893 1446 2944 ,
1472 2864 1572 2953 quae
1588 2836 1666 2921 ab
1656 2838 1909 2953 rgni‚anrma

289 2577 413 2683 qnpdcn
364 2577 467 2623 con-clu

484 2956 606 3065 lium,
628 2985 728 3071 quae
742 2955 792 3041 ab
807 2954 1035 3045 animalibus.
1385 3026 1388 3031 .

490 3077 597 3159 X.
634 3074 779 3170 Quod
794 3098 922 3160 autem
950 3103 1020 3189 pto
1036 3104 1102 3161 sua
1118 3099 1253 3162 natura
1267 3073 1404 3193 cuique
1417 3105 1467 3162 ter
1456 3069 1693 3180 efficiatur,
1727 3074 1771 3162 id
1787 3103 1831 3163 ut
1863 3075 1926 3161 ali·

487 3217 544 3278 ret
559 3190 653 3295 fiat,
669 3189 755 3276 fieti
771 3191 875 3278 nullo
889 3192 1010 3278 modo
1026 3223 1133 3308 posse
1148 3195 1417 3296 contendunt,
1445 3193 1560 3280 lieri
1550 3196 1663 3311 agitur
1694 3194 1922 3280 necessitate

488 3252 680 3394 Νιιιιιιε
703 3337 780 3395 esse
795 3308 872 3395 lieri
896 3312 1136 3415 necessitate,
1165 3313 1312 3399 notavi
1342 3312 1452 3396 allata
1466 3310 1581 3417 lieri,
1613 3312 1682 3397 sed
1714 3312 1823 3397 aliter
1836 3309 1924 3397 effici

489 3454 572 3529 non
587 3455 719 3540 posse3
746 3450 789 3511 ut
820 3427 960 3541 lapis
934 3458 963 3513 ει
990 3428 1236 3534 demittatur,
1265 3429 1390 3516 nulla
1381 3459 1520 3514 tncussa
1552 3458 1590 3519 vt
1579 3429 1838 3535 descendit,
1865 3427 1926 3514 sed

417 3637 420 3642 ,
490 3568 626 3660 εροιιε
641 3572 708 3628 sua
732 3569 771 3631 et
786 3544 972 3658 pronitate
987 3546 1172 3631 ιιιιιιιι·
1197 3546 1302 3632 simili
1328 3548 1472 3633 modo
1463 3548 1556 3664 ignis
1581 3546 1720 3631 nullius
1756 3489 1927 3635 violentia

491 3662 736 3766 consuendit‚
765 3690 815 3746 ne
830 3687 955 3748 tamen
972 3693 1038 3749 sua
1053 3689 1188 3799 sponte
1202 3663 1377 3751 effetatur
1394 3725 1406 3770 ,
1437 3662 1514 3749 lieri
1531 3693 1784 3780 nequaquam
1797 3691 1927 3781 potera

494 3779 617 3912 Quod
642 3809 730 3863 cum
751 3805 1009 3916 argumento,
1035 3806 1079 3867 ut
1110 3781 1193 3895 ipsis
1210 3781 1424 3887 videtur,
1414 3782 1555 3868 invicto
1599 3781 1865 3917 collegerunt,
1893 3810 1931 3867 st

495 3895 634 3982 nescire
648 3894 901 4033 profitentur,
918 3927 986 3983 cur
1000 3899 1040 3983 in
1056 3899 1272 3984 animalibus
1285 3901 1482 4016 quisquam
1502 3901 1555 3985 his
1572 3899 1840 3988 animadversis
1862 3901 1929 3984 ali-

496 4042 553 4101 tet
578 4038 685 4126 putet
707 4016 896 4102 evenire:
921 4016 1060 4131 quippe
1087 4015 1222 4131 quibus
1254 4046 1340 4102 suus
1371 4017 1619 4134 propriusque
1652 4047 1786 4106 motus
1808 4019 1851 4104 sit
1880 4019 1931 4103 ab

497 4131 575 4246 ipsa
591 4156 723 4219 natura
737 4132 922 4236 tributus,
947 4161 1062 4247 quem
1094 4133 1326 4219 naturalem
1317 4160 1498 4269 impetum
1522 4136 1598 4223 sive
1614 4139 1830 4249 appetintm
1859 4163 1933 4221 esse

500 4251 666 4335 tradunt.
698 4250 1025 4384 Quandoquidem
1040 4279 1156 4336 omne
1170 4251 1332 4357 animal,
1361 4255 1399 4336 in
1416 4281 1464 4336 eo
1479 4254 1587 4368 quod
1604 4278 1659 4337 est
1674 4255 1818 4340 animal
1836 4313 1851 4358 ,
1872 4281 1933 4370 ρει

472 4366 474 4369 ’
500 4393 708 4478 appetitum
724 4366 867 4454 moveri
883 4366 1011 4478 ajunt,
1041 4369 1091 4454 sie
1105 4365 1191 4454 fato
1210 4398 1276 4484 per
1288 4314 1429 4454 ιιιιιιιι
1444 4369 1545 4455 illum
1576 4397 1728 4456 monum
1756 4375 1932 4460 obeunte

497 4488 557 4568 lta
572 4511 660 4567 cum
692 4510 817 4569 motus
831 4513 990 4617 omnes,
1022 4511 1061 4571 et
1078 4485 1207 4570 omnia
1235 4487 1370 4574 mundi
1397 4517 1512 4602 ορειι
1537 4488 1672 4624 partim
1699 4516 1773 4603 pet
1800 4516 1929 4577 terrant

501 4600 659 4714 exempli
673 4606 784 4686 causa
802 4661 813 4698 ,
829 4601 962 4714 partim
978 4629 1043 4717 per
1058 4609 1213 4709 aerem,
1244 4603 1431 4718 quaedam
1457 4607 1701 4723 perignem,
1729 4609 1803 4692 alia
1829 4607 1928 4694 deni·

500 4749 595 4834 que
595 4719 753 4803 aliorum
773 4716 969 4802 ministerio
984 4747 1008 4800 a
1022 4716 1101 4804 fato
1117 4720 1382 4836 perficiantur,
1410 4725 1597 4838 quaedam
1631 4718 1731 4809 effici
1763 4755 1835 4840 pet
1862 4723 1930 4808 ιιι

505 4835 614 4953 mulia
630 4898 643 4946 ,
660 4865 759 4953 quae
776 4861 903 4924 tamen
918 4836 1162 4936 ιιιοιιιιιιε
1178 4902 1191 4950 ,
1206 4869 1323 4957 quam
1339 4865 1461 4931 cetera
1475 4842 1577 4931 fatali
1595 4841 1816 4931 necessitate
1833 4842 1931 4944 fiant,

1804 4990 1932 5078 quim·
