4006 5850
514 350 877 596 ιιιιιιιιιιι
935 355 1272 578 osunen
1340 444 1910 581 supunvuunn

867 694 1551 814 CORDUBENSIS,

628 958 862 1053 onnru
895 910 1221 1051 uunnrnnun
1246 963 1318 1047 nr
1347 960 1789 1071 ursanusnnomn,

934 1278 1106 1376 nunu
1143 1219 1478 1377 snounous

514 1435 863 1607 LHActenus
850 1515 899 1602 de
922 1516 1191 1632 impedimentis
1207 1521 1453 1635 nuptiarum,
1486 1517 1563 1608 hoc
1576 1545 1656 1627 est,
1675 1520 1800 1607 deis
1815 1519 1927 1633 rebus,

359 1634 361 1639 ’
483 1524 620 1753 qdibus
634 1633 941 1721 antecedentibus
957 1636 1239 1724 matrimonium
1254 1669 1335 1725 non
1348 1637 1538 1743 consistit,
1564 1665 1604 1725 et
1627 1670 1715 1775 quo
1739 1668 1799 1725 res
1821 1666 1924 1757 quae·

482 1785 559 1871 que
574 1757 652 1867 jure
668 1752 892 1868 impediret,
916 1754 1204 1890 explicavimus:
1233 1758 1407 1874 deinceps
1423 1783 1610 1872 quatenus
1637 1759 1677 1842 in
1707 1757 1922 1876 singulislu

480 1875 607 1960 cussit
628 1869 816 1958 Pontificis
835 1872 982 1958 maximi
972 1873 1261 1988 dispensationi
1276 1877 1506 1963 disseremus.
1537 1876 1739 1993 Privilegia
1754 1879 1864 1963 enim
1878 1877 1925 1989 ιιι·

479 1994 604 2079 niotes
640 2020 685 2076 ac
720 1990 968 2126 indulgentias
998 1993 1213 2109 Principum
1240 1999 1567 2107 dispensationes,
1591 2019 1631 2082 et
1658 1994 1787 2109 ipsum
1812 1996 1926 2082 indul·

506 2141 569 2198 ere
584 2117 802 2223 dispensare
818 2111 973 2198 dicunt·
999 2112 1108 2199 novis
1125 2113 1280 2230 quidem
1307 2113 1526 2221 vocabulis,
1555 2112 1621 2198 sed
1650 2141 1755 2228 quae
1785 2143 1926 2201 necesse

292 2254 467 2369 ppnensfuo
479 2140 615 2318 luerit
604 2261 645 2348 ιιι
662 2231 733 2316 hac
747 2230 967 2347 quaestione
988 2231 1122 2347 passim
1136 2262 1158 2317 a
1174 2233 1280 2319 nobis
1306 2232 1493 2368 usurpari.
1522 2231 1796 2349 Dispensatio
1781 2233 1923 2367 igitur,

311 2331 325 2369 ⁰
346 2330 414 2369 Μ
480 2376 525 2438 ut
540 2381 563 2436 a
577 2351 661 2440 viris
677 2349 895 2438 doctissimis
909 2349 1111 2456 delinitur,
1127 2377 1182 2438 est
1198 2351 1283 2466 iuris
1302 2350 1513 2440 communis
1529 2352 1582 2436 ob
1606 2349 1855 2437 necessariam
1867 2377 1924 2436 aut

480 2470 610 2557 utilem
626 2498 778 2556 causam
802 2468 966 2584 prudens
982 2412 1187 2555 relaxatio.
1215 2499 1361 2588 quam,
1376 2502 1404 2555 st
1392 2468 1645 2556 ''volumus
1612 2498 1697 2584 epus
1721 2471 1922 2556 considera

476 2618 524 2687 re
539 2588 784 2706 principium,
808 2612 983 2674 anatura
996 2583 1231 2704 profectam,
1251 2618 1322 2677 nec
1345 2589 1482 2674 utiliter
1500 2588 1620 2674 modo
1651 2588 1704 2674 ad
1734 2588 1925 2725 rempubli

482 2736 566 2794 cam
584 2704 943 2812 administrandam,
972 2707 1322 2843 moderandumque
1354 2707 1597 2842 religionem,
1621 2707 1690 2793 sed
1719 2708 1833 2792 etiam
1864 2734 1926 2792 ne·

481 2827 637 2911 cessario
659 2826 886 2963 summisque
917 2825 1123 2912 rationibus
1153 2826 1349 2914 inductam
1373 2855 1449 2912 esse
1476 2824 1742 2942 intelligemus.
1783 2828 1925 2925 Quam·

482 2963 600 3060 quam
616 2946 716 3031 enim
732 2943 956 3059 dispensatio
971 2943 1114 3082 legibus
1135 2969 1175 3030 et
1190 2945 1364 3032 institutis
1387 2945 1544 3033 adversa
1565 2973 1644 3030 esse
1675 2943 1928 3047 videatin,si

482 3087 612 3149 tamen
634 3062 712 3176 ejus
728 3063 805 3151 vim
830 3063 1061 3179 perquisitius
1090 3089 1207 3178 atque
1238 3064 1489 3183 diligentius
1480 3063 1672 3179 inquiras,
1709 3062 1803 3147 nihil
1835 3060 1928 3147 aliud

483 3210 568 3267 eam
584 3209 660 3266 esse
685 3182 870 3297 reperias,
893 3206 1010 3296 quam
1027 3181 1149 3299 legem
1165 3184 1373 3299 quamdam
1389 3211 1469 3268 non
1485 3182 1583 3268 libris
1599 3183 1876 3296 conscriptam,
1889 3180 1925 3264 in

484 3299 655 3387 aeneisve
677 3325 744 3386 aut
771 3301 988 3386 marmoreis
1009 3300 1174 3386 tabulisi
1162 3303 1345 3408 mcisam,
1377 3301 1443 3388 sed
1474 3329 1573 3418 quae
1589 3302 1638 3384 ab
1667 3325 1827 3386 aeterna
1852 3299 1926 3413 lege

484 3419 682 3525 derivata,
710 3444 749 3504 et
773 3419 812 3503 in
835 3415 1088 3534 Principum
1079 3441 1263 3530 justorum
1280 3420 1566 3548 sapientumque
1583 3412 1714 3498 animis
1743 3415 1927 3529 impressa,

483 3560 573 3621 cum
597 3566 654 3623 res
679 3537 832 3672 poscit,
854 3564 900 3621 ea
926 3534 1085 3671 singulis·
1090 3535 1232 3621 civibus
1258 3533 1526 3650 proculusque
1557 3532 1693 3617 merito
1716 3532 1922 3647 dispensat,

483 3654 559 3740 hoc
582 3679 659 3761 est,
683 3654 866 3742 distribuit
881 3683 926 3741 ac
941 3653 1177 3769 impartitur,
1200 3682 1299 3770 quae
1330 3652 1549 3767 scriptarum
1580 3651 1709 3768 legum
1734 3651 1927 3739 severitate

484 3799 624 3888 negata
653 3803 730 3859 esse
762 3772 880 3860 videti
904 3796 1075 3888 possunt.
1108 3773 1325 3857 Hominum
1356 3771 1574 3886 siquidem,
1598 3795 1643 3855 ut
1656 3769 1776 3855 Plato
1789 3770 1922 3873 tradit,

296 3871 371 3988 ppt.
386 3865 431 3976 {lv
427 3864 531 3976 Ιιιιὲιι
546 3893 796 3978 humanatum
812 3890 1005 3978 actionum
1020 3889 1302 4005 inaequalitates
1316 3885 1488 3995 faciunt,
1514 3913 1558 3973 ut
1585 3888 1688 3974 nulla
1714 3887 1778 3974 lex
1804 3910 1924 4003 queat,

300 3987 458 4042 ¹¹¹⁵“¹¹’¹‘¹¹''
437 4000 595 4147 'quod
616 4010 775 4097 cunctis
782 4009 890 4098 simul
904 4008 1303 4095 commodissimum
1277 4033 1323 4094 ιιι
1346 4031 1461 4124 atque
1478 4007 1745 4122 mansimus,
1764 4006 1930 4092 adamus

487 4131 555 4215 sim
570 4128 792 4243 complecti,
813 4153 851 4215 et
866 4129 976 4265 quod
991 4156 1136 4242 semper
1150 4127 1448 4244 optimecadat,
1479 4127 1703 4242 praecipere,
1723 4154 1931 4213 necterum

487 4248 764 4332 humanarum
756 4277 885 4364 ingens
900 4247 1149 4333 inconstantia
1180 4246 1390 4362 permittit,
1424 4245 1623 4382 simplicem
1639 4246 1865 4361 quampiam
1880 4274 1931 4329 ιι·

488 4388 567 4449 ιιιιι
583 4364 631 4452 de
648 4369 756 4451 rebus
771 4365 946 4452 omnibus
962 4390 1001 4450 et
1022 4365 1061 4450 in
1078 4393 1193 4449 omne
1219 4392 1368 4480 tempus
1387 4364 1574 4451 constitui.
1606 4369 1727 4450 Porro
1745 4362 1916 4480 legem
1892 4394 1929 4449 a·

489 4481 614 4567 milem
630 4512 706 4568 esse
722 4483 774 4569 ait
797 4483 941 4569 homini
956 4483 1134 4597 pertinaci
1149 4508 1187 4567 et
1202 4484 1409 4599 imperito,
1437 4509 1658 4598 praeterque
1690 4513 1805 4568 suum
1832 4511 1926 4619 prae·

487 4601 663 4736 scriptum
680 4601 769 4685 nihil
785 4599 862 4684 fieri
876 4601 1127 4715 permittenti:
1152 4602 1218 4717 qui
1241 4631 1288 4687 ne
1306 4600 1526 4714 interpellari
1543 4601 1699 4718 quidem
1714 4632 1755 4687 se
1779 4603 1924 4716 patitur,

486 4719 599 4808 ctiam
622 4719 728 4834 siqua
748 4718 887 4803 incidat
911 4743 1015 4804 extra
1044 4718 1217 4805 ordinem
1233 4749 1370 4826 causa,
1398 4720 1437 4804 in
1469 4748 1548 4836 qua
1578 4720 1926 4806 commodissimum

490 4837 561 4950 sit,
584 4836 690 4931 dter
703 4836 810 4949 fieri,
837 4865 954 4955 quam
970 4837 1227 4956 pretatione,
1251 4866 1368 4956 quam
1387 4837 1464 4955 ipse
1481 4837 1623 4927 semel
1614 4839 1825 4930 sustinuerit.
1861 4843 1928 4924 lta·

1856 4982 1926 5076 que
