4050 5858
477 410 544 493 198
969 400 1352 476 ‘GONSALUS
1439 410 1492 472 .’

447 535 653 651 voragines
686 531 937 648 praecipitasse
969 526 1114 635 fertur,
1143 553 1188 616 ut
1220 558 1408 645 nusquam
1440 529 1616 615 inventus
1630 586 1658 631 ,.
1673 517 1724 612 ad
1753 521 1909 616 caelum

447 676 575 765 raptus
600 650 711 736 fuisse
733 653 969 736 crederetur.
1007 653 1110 732 Nam
1136 647 1272 732 Cicero
1297 646 1526 732 Latinorum
1558 643 1737 729 maximus
1765 647 1908 733 orator'

446 770 545 855 adeo
575 767 716 854 cunctis
738 767 777 852 in
800 768 908 852 rebus
932 765 1092 880 gloriam
1117 760 1335 870 affectavit,
1365 764 1427 852 vix
1453 787 1498 850 ut
1519 763 1570 848 ab
1593 789 1643 849 eo
1659 759 1753 871 virio
1769 762 1904 854 valeat

449 886 654 992 vindicari,
684 913 743 970 ne.
765 883 946 999 gloriosus
971 877 1079 968 fuisse
1105 882 1290 969 videatur.

473 997 477 1002 ’
507 1005 606 1086 X111.
665 1003 753 1113 Jam
785 1001 852 1115 qui
882 998 1056 1114 justitiam
1086 999 1292 1086 sanctisimc
1313 998 1467 1086 coluisse
1500 999 1757 1084 memorantur
1773 1058 1787 1104 ,
1802 998 1903 1132 quid

448 1119 549 1206 aliud
570 1129 686 1234 quam
714 1118 871 1235 gloriam
899 1116 1013 1202 secuti
1027 1125 1142 1202 sunt?
1164 1115 1232 1200 nisi
1250 1113 1348 1203 forte
1375 1116 1532 1230 Junium
1546 1119 1708 1200 Brutum
1732 1114 1899 1231 gloriam

449 1237 683 1323 contemsisse
711 1261 914 1349 putamus,
944 1262 1033 1318 curn
1057 1232 1152 1319 filios
1181 1233 1293 1350 virgis
1325 1233 1375 1318 ad
1401 1257 1563 1318 mortem
1595 1230 1700 1318 caedi
1727 1228 1931 1341 juberer,-

449 1353 559 1467 quod
588 1351 814 1465 Tarquinios
833 1351 1009 1436 reducere
1037 1374 1262 1436 tentassent:
1289 1374 1358 1436 aut
1384 1355 1627 1465 Torquatum
1645 1346 1901 1454 ‚cumfilium

449 1470 632 1559 victorem
656 1468 773 1555 securi
800 1467 941 1583 percuti
968 1467 1193 1581 imperaret,
1214 1468 1323 1581 quod
1344 1466 1373 1552 is
1400 1491 1534 1552 contra
1565 1464 1690 1582 legem
1713 1492 1801 1550 cum
1817 1467 1902 1552 ho·

451 1609 508 1673 ste
533 1610 758 1702 pugnasset:
791 1610 859 1671 aut
884 1584 1047 1698 denique
1073 1583 1278 1669 Zaleucum
1308 1586 1564 1688 Locrensem,
1591 1611 1680 1668 cum
1705 1579 1820 1667 filium
1853 1582 1902 1672 in

450 1701 632 1791 adulterio
648 1701 919 1816 deprehensum
945 1701 1064 1788 altero
1074 1700 1198 1786 ,oculo
1229 1702 1379 1786 orbamt
1396 1701 1492 1809 ,sibi
1508 1698 1666 1788 alterum
1685 1694 1897 1807 effoderet,

450 1843 495 1905 ut
526 1819 597 1935 legi
619 1817 867 1925 satisfaceret,
889 1847 989 1932 quae
1017 1818 1241 1904 adulterium
1266 1818 1465 1932 utriusque
1487 1816 1587 1902 octtli
1616 1815 1791 1902 caecitate
1808 1816 1900 1904 vin·

451 1936 623 2022 dicabat:
650 1947 749 2050 quos
772 1936 838 2051 qui
862 1934 979 2051 gloria
1006 1934 1141 2020 ductos
1171 1958 1252 2018 tam
1274 1933 1430 2049 pulchra
1459 1930 1627 2018 facinora
1653 1956 1815 2047 patrasse
1840 1933 1902 2018 in·
1988 1955 1990 1957 ’

450 2049 619 2158 ficianrr,
636 2052 752 2137 solem
783 2079 939 2167 quoque
968 2051 1118 2138 meridie
1146 2049 1268 2137 lucere
1293 2078 1432 2168 negare
1447 2050 1618 2166 poterit,
1642 2073 1682 2135 et
1696 2047 1904 2136 Aristidem

451 2165 633 2253 affirmate
649 2168 750 2253 nulla
772 2168 931 2254 nominis
946 2168 1073 2254 habita
1092 2167 1238 2254 ratione
1251 2167 1512 2254 Themistoclis
1535 2166 1689 2253 consilio
1703 2166 1900 2273 restitisse,

450 2286 516 2401 qui
547 2284 931 2371 Lacedaemoniorum
961 2285 1112 2371 classem
1142 2284 1417 2373 incendendam
1448 2286 1643 2399 putabat,
1674 2279 1901 2369 referentem

451 2402 738 2491 Atheniensibus
765 2402 1022 2488 Themistoclis
1047 2401 1243 2487 consilium
1272 2402 1362 2488 utile
1389 2403 1546 2519 quidem
1576 2399 1693 2487 videri
1709 2460 1723 2507 ,
1742 2400 1810 2486 sed
1831 2401 1904 2484 mi·

451 2519 553 2605 nime
577 2520 716 2632 iustum
742 2546 820 2604 esse
835 2550 844 2604 :
859 2520 920 2603 cui
954 2518 1089 2603 concio
1121 2519 1403 2606 Atheniensium
1429 2520 1571 2636 gloriae
1601 2516 1748 2634 magis,
1777 2545 1902 2632 quam

451 2635 614 2722 utilitatis
637 2635 802 2751 cupida,
825 2637 934 2750 quod
956 2633 1126 2752 iniquum
1151 2659 1246 2722 esset
1262 2697 1275 2744 ,
1292 2635 1331 2723 id
1348 2664 1397 2721 ne
1412 2635 1586 2752 expedite
1600 2632 1755 2750 quidem
1777 2633 1899 2720 accla-

456 2778 600 2839 mavit.
1558 2823 1568 2831 ,,
1642 2779 1645 2786 ·

467 2884 471 2890 ’
510 2868 618 2954 XIV.
675 2868 784 2964 Quid
811 2865 930 2975 fides,
947 2897 1045 2985 quae
1064 2867 1221 2982 justitiae
1242 2867 1560 2975 faurdamentum,
1580 2892 1628 2955 ur
1652 2891 1708 2954 est
1723 2928 1736 2973 ,
1752 2868 1803 2953 sic
1816 2894 1899 2954 esse

452 2985 602 3073 videtur
617 3045 631 3088 ,
646 2983 834 3070 nonnein
859 2986 900 3071 iis
927 3015 1070 3101 semper
1099 2987 1257 3072 maxime
1285 2987 1446 3090 enituit,
1465 2987 1532 3102 qui
1560 2985 1802 3072 tendentibus
1833 2985 1906 3070 sibi

454 3103 505 3187 ad
534 3101 693 3217 gloriam
707 3101 1034 3188 nullumlaborem
1059 3104 1332 3209 recusandum,
1349 3100 1471 3188 nullos
1498 3101 1680 3188 cruciatus
1693 3101 1907 3218 deprecanf

454 3218 526 3302 dos
552 3227 802 3304 censuerunt?
846 3221 959 3314 Quae
988 3219 1080 3306 fides
1109 3243 1216 3306 tanta
1245 3248 1400 3336 tamque
1421 3246 1598 3327 constans
1625 3220 1677 3304 in‘
1700 3219 1780 3304 ullo
1811 3245 1908 3305 um-

454 3361 573 3449 quam
598 3331 699 3439 fuit,
726 3363 826 3450 quae
850 3335 971 3422 Marci
993 3335 1128 3453 Reguli
1155 3334 1242 3422 fidei
1271 3336 1346 3422 ulla
1373 3366 1418 3424 ex
1443 3361 1549 3451 parte
1573 3332 1745 3451 praeferri
1763 3346 1906 3450 queat!

391 3513 396 3521 -
444 3451 522 3567 qui
546 3480 636 3536 cum
661 3450 705 3537 in‘
732 3479 864 3538 senatu
891 3453 1111 3539 sententiam
1128 3452 1177 3538 de
1197 3482 1279 3540 non
1301 3454 1555 3568 permutandis
1570 3448 1723 3569 captiuis
1744 3453 1904 3558 dixuset,

456 3567 563 3653 nullis
591 3568 799 3656 amicorum
831 3570 1000 3683 precibus
1029 3571 1224 3675 revocari,
1252 3571 1358 3656 nullis
1389 3600 1545 3657 suorum
1572 3569 1740 3685 lacrymis
1770 3569 1908 3657 retine·

457 3685 488 3770 ri
515 3685 667 3799 potuit,
692 3714 772 3800 quo
798 3688 923 3771 mimas
945 3687 995 3772 ad
1020 3712 1142 3773 certos
1174 3689 1357 3774 cruciatus
1376 3712 1620 3802 paratamque
1648 3710 1811 3772 mortem
1841 3715 1908 3773 re-

458 3825 691 3889 verteretur:
717 3803 812 3887 dum
835 3803 952 3888 nussas
981 3803 1234 3938 calamitates,
1262 3804 1402 3890 nullam
1419 3831 1499 3890 tam
1524 3833 1786 3890 aenunnosarn
1802 3831 1907 3890 mor-

458 3941 537 4003 tem
561 3916 642 4004 fore
666 3926 800 4032 putat,
828 3948 929 4034 quae
952 3945 1191 4034 comparatae
1217 3921 1266 4005 illi
1292 3921 1514 4034 turpitudini
1529 3978 1545 4026 ,
1563 3920 1592 4004 si
1607 3918 1721 4007 fidem
1748 3919 1807 4006 vel
1823 3920 1902 4006 ho-

459 4034 505 4128 sti
525 4033 651 4120 datam
673 4031 880 4141 fefellisset,
911 4065 992 4122 non
1021 4039 1163 4151 possint
1189 4037 1306 4126 videri
1337 4036 1493 4125 leviores
1507 4037 1600 4145 ,vel
1623 4038 1811 4152 optandae
1828 4067 1906 4150 poa

458 4150 560 4255 tius,
585 4153 777 4265 praestitae
806 4151 892 4239 fidei
924 4182 970 4239 ea
999 4153 1117 4270 gloria
1147 4156 1366 4269 proposita,
1396 4184 1496 4271 quae
1527 4184 1609 4240 non
1635 4156 1734 4270 ptius
1757 4182 1803 4239 ex
1833 4154 1908 4241 ho·

461 4268 608 4352 minum
636 4269 765 4355 animis
795 4271 957 4357 exolebit
972 4333 985 4374 ,
1000 4299 1116 4386 quam
1133 4272 1302 4356 Romani
1334 4273 1494 4358 nominis
1526 4272 1705 4357 memoria
1734 4269 1909 4358 funditus

460 4381 651 4469 deleatur.
679 4387 789 4471 Tolle
819 4389 869 4470 ab
903 4389 1031 4472 animo
1063 4389 1198 4505 Reguli
1228 4388 1345 4502 turpis
1377 4389 1574 4475 auditionis
1605 4387 1905 4503 impatientiam,

455 4499 551 4587 tolle
576 4500 716 4614 gloriae
741 4502 980 4616 cupiditatem
997 4566 1011 4610 ,
1027 4505 1246 4591 sententiam
1274 4506 1374 4591 ultro
1400 4507 1587 4594 mutabit:
1615 4506 1724 4593 aursi
1748 4534 1907 4592 revoca·

455 4617 637 4711 ruminus
661 4619 774 4724 licet,
798 4619 907 4704 mallis
930 4646 1033 4706 certe
1046 4624 1117 4731 iam
1134 4684 1146 4727 ,
1163 4648 1208 4710 ut
1225 4650 1440 4737 permaneat
1456 4687 1468 4732 ‚
1484 4624 1665 4739 indigebit
1692 4623 1909 4709 amicorum

460 4735 627 4848 precibus
642 4737 765 4840 ,siccis
793 4767 947 4823 suorum
970 4740 1083 4826 oculis
1111 4740 1187 4854 ipse
1217 4769 1343 4826 causae
1368 4771 1448 4826 non
1479 4742 1660 4828 redeundi
1674 4740 1781 4826 haud
1805 4742 1910 4857 opti-

460 4881 540 4939 mas
567 4852 751 4969 quidem,
775 4854 915 4972 aliquas
943 4881 1071 4944 tamen
1096 4857 1350 4976 ertcogitabit,
1383 4859 1546 4977 aliquam
1577 4859 1772 4976 stropham
1794 4859 1913 4948 inve·

1804 5003 1922 5088 uret,
