4050 5858
649 386 852 458 LIBER
900 390 948 455 11.
1428 408 1495 477 277

72 512 232 604 diximus
248 575 260 621 ,
276 539 315 602 et
344 514 455 602 rebus
478 513 684 601 contrariis
707 537 875 601 versetur
893 511 1183 627 ,magnanimus
1207 535 1334 597 tamen
1358 508 1523 598 honores
1621 570 1623 594 r

75 635 188 721 etiam
217 663 378 750 magnos
410 634 476 720 sibi
508 662 532 716 a
557 632 685 746 probis
711 632 797 720 vitis
827 630 975 716 delatos
1006 658 1088 714 non
1115 629 1242 745 magni
1266 625 1354 712 facit
1371 628 1467 731 ,sed
1495 630 1524 715 i·

76 752 148 866 psis
176 752 374 838 moderate
402 751 609 837 delectatur
625 782 634 834 ε
651 749 820 866 intelligit
853 748 954 832 enim
984 745 1126 858 majora
1143 747 1255 832 etiarn
1272 745 1438 860 praemia
1450 747 1522 834 suis

75 869 273 955 virtutibus
300 869 452 975 deberi,
471 898 560 953 cum
589 868 707 952 virtus
739 864 929 951 cumulata
954 865 1061 950 nullis
1088 864 1297 950 honoribus
1321 864 1435 978 possit
1450 894 1521 979 pro

74 986 261 1104 dignitate
284 987 472 1073 munerari
490 1048 502 1091 ,
518 985 584 1071 sed
601 985 693 1070 boni
708 983 870 1072 consulit
886 1044 898 1090 ,
914 981 1097 1098 quoniam
1112 981 1253 1094 majora
1268 982 1442 1095 praestari
1458 1012 1522 1068 ne·

77 1129 255 1219 queunt:
282 1133 349 1190 eos
377 1104 478 1189 enim
508 1103 698 1204 honores,
714 1103 781 1217 qui
795 1132 819 1186 a
833 1100 955 1216 vulgo
978 1100 1031 1185 ob
1056 1128 1113 1184 res
1134 1128 1268 1213 parvas
1292 1099 1522 1206 tribuuntur,

72 1246 119 1308 ut
148 1250 187 1306 se
216 1221 393 1339 indignos
424 1220 570 1337 penitus
602 1220 838 1326 contemnit,
856 1246 925 1314 nec
954 1216 1195 1333 popularibus
1224 1215 1370 1302 sinistris
1400 1247 1524 1306 rumo

76 1337 180 1424 ribus
212 1338 272 1428 vel
297 1338 446 1455 repulsis
471 1363 767 1444 commovetur,
784 1335 929 1426 virtutis
952 1361 991 1421 et
1016 1335 1233 1420 meritorum
1256 1363 1411 1419 suorum
1434 1365 1526 1422 con·

77 1455 227 1540 scientia
246 1455 422 1544 adversus
436 1456 629 1544 levitatem
646 1481 684 1542 et
708 1454 921 1568 iniustitiam
936 1453 1135 1540 hominum
1159 1451 1420 1539 confirmatus.
1448 1461 1526 1540 lta·-
1621 1513 1624 1519 «

36 1582 39 1591 “
77 1594 154 1687 que
175 1574 348 1659 Porcium
381 1577 572 1660 Catonem
599 1572 775 1688 repulsis,
792 1599 988 1686 tamquam
1013 1571 1220 1656 honoribus
1248 1571 1413 1687 gaudere
1442 1574 1527 1658 soli·

75 1714 158 1775 tum
178 1691 314 1777 Plinius
330 1692 523 1777 Secundus
547 1713 603 1773 est
624 1713 777 1776 auctor.
804 1694 907 1774 Cum
930 1687 1041 1803 igitur
1067 1714 1212 1802 praeter
1234 1690 1410 1792 virtutem
1438 1690 1528 1775 nihil

74 1809 204 1924 magni
231 1809 372 1921 pendat
389 1865 404 1912 ,
420 1804 577 1892 efficitur
593 1867 606 1912 ,
622 1831 666 1892 ut
686 1836 810 1921 neque
833 1804 994 1920 pericula
1016 1800 1136 1922 fugiat
1160 1834 1314 1920 propter
1339 1805 1526 1914 timorem,

73 1953 147 2009 nec
177 1924 347 2039 injuriam
374 1923 414 2008 in
442 1925 600 2011 alterum
621 1920 755 2009 inferte
782 1925 937 2010 inducat
961 1922 1151 2008 animum.
1182 1925 1262 2020 Qui
1287 1921 1388 2008 enim
1412 1954 1530 2038 parva

75 2041 208 2145 ducit,
229 2071 329 2157 quae
359 2043 469 2127 ceteri
497 2040 756 2148 demirantur,
780 2069 819 2129 et
847 2042 887 2126 in
917 2040 1083 2125 maximis
1106 2041 1214 2127 rebus
1237 2042 1379 2127 habent
1394 2102 1407 2147 ,
1424 2044 1529 2156 cujus
1602 2152 1605 2156 μ

74 2158 231 2243 demum
263 2159 316 2244 rei
346 2159 465 2274 gratia
490 2159 594 2243 hunc
628 2160 784 2274 turpiter
817 2156 938 2246 facete
965 2151 1194 2245 conveniet?
1220 2158 1304 2244 licet
1337 2185 1463 2245 autern
1488 2160 1530 2245 in

70 2274 282 2364 honoribus
305 2275 538 2391 potissimum
560 2308 621 2361 ma
649 2278 785 2363 nitudo
802 2277 916 2361 animi
938 2300 1137 2382 cernatur,
1156 2276 1387 2392 persequitur
1402 2304 1530 2363 tamen

74 2422 209 2479 omnes
238 2417 359 2508 partes
386 2395 579 2510 utriusque
614 2309 816 2480 fbrtunae:
841 2395 892 2479 ita
916 2394 1103 2592 quidquid
1128 2397 1167 2477 in
1193 2393 1335 2481 divitias
1358 2422 1424 2479 aut
1455 2426 1530 2509 po-

76 2534 225 2598 testates
251 2541 456 2628 prospere,
477 2535 544 2597 aut
575 2540 678 2598 secus
709 2509 909 2616 acciderit,
941 2535 1019 2596 eret
1046 2511 1269 2619 moderate,
1295 2539 1366 2596 nec
1396 2513 1530 2628 gestiet

74 2626 116 2713 in
141 2628 197 2713 his
226 2631 393 2717 secundo
418 2629 600 2720 fortunae
617 2628 712 2716 flatu
728 2691 741 2736 ,
757 2657 828 2714 nec
854 2626 1046 2744 frangetur
1074 2630 1234 2718 adverso
1253 2661 1262 2715 :
1281 2658 1369 2714 cum
1394 2631 1434 2714 in
1457 2631 1529 2717 ho

75 2772 172 2831 nore
188 2808 201 2853 ,
217 2750 326 2863 quod
353 2748 475 2835 multo
503 2746 621 2859 majus
654 2749 801 2834 bonum
832 2771 916 2853 est,
933 2771 1171 2833 constantem
1200 2776 1239 2833 se
1267 2772 1384 2862 atque
1414 2778 1528 2864 supe-

74 2860 212 2950 riorem
240 2866 411 2952 exhibeat
429 2865 605 2953 :divitiae
635 2894 801 2980 namque
826 2890 865 2950 et
890 2889 1093 2979 potestates
1122 2866 1176 2951 ob
1203 2866 1390 2951 honorem
1418 2895 1526 2981 expe·

75 3003 210 3067 tuntut
227 3012 336 3099 :quo
364 2983 408 3070 fit
424 3045 436 3090 ,
452 3007 496 3069 ut
525 2984 755 3101 magnanimi
786 3006 1039 3067 contemtores
1071 3011 1150 3068 esse
1179 2983 1407 3089 videantur,
1437 3014 1525 3072 cum
1538 2976 1717 3096 ,llffifffi

74 3123 203 3213 neque
220 3129 342 3215 opes,
360 3130 441 3187 nec.
454 3101 605 3217 imperia
623 3163 635 3208 ,
651 3131 721 3186 nec
736 3100 971 3217 magistratus
987 3162 999 3205 ,
1016 3128 1061 3183 ac
1087 3129 1136 3185 ne
1150 3101 1271 3215 ipsum
1288 3102 1441 3217 quidem
1458 3103 1524 3190 ho
1536 3097 1602 3207 ξζῗῑζ
1613 3111 1719 3215 affl

74 3242 211 3302 norem
245 3216 536 3337 magnifaciant:
563 3221 711 3308 videtur
742 3244 870 3305 tamen
898 3213 1073 3303 fortunae
1099 3215 1232 3306 favore
1262 3220 1338 3334 ipsa
1366 3218 1716 3337 quoque}?,1,?,“lf„{3g

75 3335 362 3451 magnanimitas
381 3367 604 3455 augescere:
622 3366 802 3453 pauperes
823 3337 923 3422 enirn
945 3365 990 3421 ac
1005 3335 1187 3453 ignobiles
1201 3367 1224 3421 a
1240 3338 1422 3452 plerisque
1439 3368 1523 3424 con·
1536 3337 1671 3452 ᾗξξξξξξζς,
1689 3351 1715 3446 ξξ

75 3473 324 3562 temnuntur,
344 3482 383 3543 et
406 3458 461 3542 his
486 3456 589 3542 malis
617 3485 791 3572 oppressa
814 3455 930 3543 virtus
957 3482 1090 3538 manca
1113 3453 1302 3542 interdum
1324 3480 1378 3540 est
1400 3457 1451 3540 ad
1465 3453 1713 3566 ofessffilfiff‘u·

68 3565 158 3659 licia
173 3568 388 3691 fingenda.
423 3581 554 3691 Itaque
583 3603 875 3689 nonnumquam
905 3572 966 3659 vel
991 3568 1124 3657 frustra
1150 3572 1278 3659 nititur
1302 3573 1524 3659 instrumen-

24 3696 27 3703 ‘
75 3685 123 3771 tis
142 3687 341 3795 destituta,
358 3692 420 3778 vel
441 3722 491 3778 ne
518 3716 679 3778 conatur
700 3692 884 3807 quidem,
902 3717 1053 3775 necum
1075 3692 1274 3777 auctoritas
1300 3691 1413 3795 absit,
1431 3720 1523 3805 ope·

72 3832 118 3890 ra
145 3809 402 3924 nequidquam
431 3810 675 3924 suscipiatur:
711 3811 882 3895 Plurima
911 3807 1011 3893 enim
1037 3823 1123 3912 suat
1143 3869 1155 3912 ,
1173 3833 1219 3894 ut
1245 3807 1366 3923 inquit
1390 3815 1519 3923 poeta,
1535 3849 1712 3914 Juvenum.
1816 3861 1823 3869 1

72 3948 167 4031 quae
196 3951 268 4010 non
289 3932 427 4009 audent
455 3930 616 4013 homiues
639 3945 799 4039 pertusa
824 3931 948 4011 dicere
967 3933 1075 4029 lena,
1093 3951 1225 4011 contra
1249 3954 1342 4013 vero
1366 3927 1523 4035 nobiles,

74 4064 116 4124 et
143 4043 209 4157 qui
234 4071 324 4129 cum
353 4043 510 4160 imperio
543 4072 630 4133 sunt
648 4109 660 4152 ,
676 4076 720 4130 ac
744 4043 914 4161 opulenti
934 4104 946 4147 ,
964 4043 1112 4129 honore
1142 4044 1245 4160 digni
1272 4044 1523 4131 existinantur

52 4156 131 4239 'ob
156 4161 408 4248 excellentiam
424 4225 436 4270 ,
451 4165 639 4280 quidquid
669 4166 769 4249 enim
800 4164 908 4248 bono
940 4160 1067 4276 aliquo
1101 4185 1261 4273 praestat
1276 4222 1288 4265 ,
1303 4162 1523 4249 honoratius

73 4271 256 4362 habetur.
284 4287 416 4396 ltaque
442 4283 576 4368 talibus
601 4283 713 4368 etiam
737 4280 845 4367 bonis
869 4276 1154 4395 magnanimitas
1179 4278 1391 4367 invalescit.
1420 4284 1525 4368 Nam

64 4388 161 4477 licet
177 4393 261 4479 viris
283 4399 476 4484 dumtaxat
504 4400 629 4515 probis
654 4401 780 4486 bonor
808 4398 887 4510 jure
908 4395 1087 4482 debeamr
1104 4457 1116 4500 ,
1131 4394 1232 4483 idem
1257 4422 1385 4483 tamen
1408 4423 1526 4484 exter·

66 4508 131 4595 nis
162 4511 271 4596 bonis
298 4546 321 4600 a
342 4516 567 4630 quibusdam
598 4518 821 4622 exhibetur,
837 4539 880 4600 ut
906 4514 1063 4600 dubium
1095 4543 1176 4600 non
1202 4516 1246 4602 sit
1262 4577 1274 4623 ,
1290 4516 1383 4632 quin
1409 4517 1526 4605 virtus

68 4624 129 4712 his
156 4630 350 4754 cumulata
375 4659 485 4720 tanto
517 4635 635 4770 magis
662 4637 808 4720 honore
840 4632 955 4747 digna
981 4656 1199 4718 censeatur.

149 4747 295 4835 XXlX.
373 4758 425 4840 At
455 4754 532 4841 sine
560 4777 698 4840 virture
726 4751 826 4837 nulla
856 4779 982 4864 neque
1013 4751 1212 4859 nobilitas,
1234 4779 1303 4836 nec
1336 4752 1527 4869 opulentia

63 4865 373 4982 magnitudinem
396 4871 510 4962 animi
536 4870 764 4993 praestabit,
799 4894 869 4957 nec
897 4870 1008 4992 rebus
1034 4869 1178 4989 magnis
1211 4869 1368 4988 dignum
1393 4899 1525 4988 quem-

1411 5014 1529 5073 ouam
