4140 5872
553 420 620 489 106
790 416 1005 511 JOANN
1044 412 1278 489 GENESII
1317 407 1691 489 SEPULVEDAE
1822 407 1823 413 ¹

524 542 582 631 bis
608 542 763 659 quidem
794 544 903 629 rebus
935 567 1119 659 tyrannus
1150 570 1174 627 a
1204 568 1293 658 rege
1322 535 1477 626 differt:
1516 541 1571 628 his
1592 542 1731 628 artibus
1764 548 1977 634 contrariis-

525 692 603 797 que
633 664 835 749 rationibus
862 661 954 748 alter
984 691 1144 780 regnum
1174 657 1296 746 lidum
1336 683 1375 746 et
1407 659 1534 746 stabile
1563 686 1804 768 conservat,
1828 689 1869 750 et
1893 669 1975 753 sub

524 781 641 895 jectos
681 783 853 869 mortales
886 781 952 866 sibi
987 807 1119 866 mutua
1152 780 1304 866 caritate
1342 780 1539 868 devinctos
1564 781 1696 868 divinis
1727 725 1973 873 natiuralibus·

526 930 603 1016 que
645 900 786 1020 legibus
826 900 1095 988 convenienter
1140 928 1228 985 cum
1274 929 1340 985 sua
1373 928 1511 1017 magna
1550 899 1663 987 laude
1694 927 1734 988 et
1771 903 1891 1017 gloria
1924 902 1975 992 fe·

527 1019 688 1106 licissime
728 1020 967 1107 moderatur.
998 1022 1103 1107 Alter
1108 1018 1373 1156 tyrannidem
1408 1048 1474 1150 pet
1511 1048 1702 1105 summum
1741 1021 1908 1108 dedecus
1937 1049 1974 1112 et

525 1135 711 1256 flagitium
760 1140 975 1225 calamitose
1023 1139 1119 1224 tueri
1161 1139 1354 1274 nititur,
1372 1166 1540 1222 animum
1591 1137 1747 1224 subinde
1795 1140 1974 1230 scelerum

526 1259 752 1344 conscientia
776 1283 816 1345 et
840 1261 975 1345 timore
996 1252 1145 1344 veluti
1140 1257 1225 1342 uriis
1250 1285 1318 1341 exa
1297 1254 1487 1341 a'2tante
1522 1284 1590 1341 nec
1617 1257 1656 1343 id
1675 1256 1830 1371 quidem
1855 1284 1969 1346 temo

350 1368 512 1490 ιῖζᾚζῖι
527 1403 578 1460 te.
604 1380 707 1462 Nam
737 1377 827 1462 tales
858 1403 1043 1510 tyrannos
1068 1374 1170 1461 nulla
1197 1376 1288 1461 data
1335 1375 1429 1481 des,
1453 1374 1598 1459 nullum
1623 1375 1879 1513 jusjurandum
1894 1405 1974 1465 tue·

334 1492 627 1603 ,⁰:3²⁰⁰⁵¹⁸¹¹tur:
665 1495 758 1610 quin
783 1525 848 1581 eos
876 1493 1071 1581 demedio
1106 1494 1265 1581 tollendi
1295 1437 1608 1610 opptimendique
1634 1520 1806 1581 auctores
1829 1496 1867 1611 in
1900 1529 1976 1583 ma·

527 1643 605 1747 gna
639 1613 811 1731 gloria
787 1639 891 1720 srnt,
922 1640 960 1700 et
992 1638 1174 1748 tanquam
1204 1613 1371 1746 publici
1372 1611 1529 1717 hostis,
1557 1640 1603 1696 ac
1628 1613 1745 1698 tacitis
1770 1606 1882 1699 totius
1916 1617 1974 1700 ci·

525 1731 648 1820 vitatis
679 1731 1052 1868 singulorumque
1021 1733 1159 1818 civium
1203 1730 1432 1837 sententiis,
1481 1729 1706 1846 publicaque
1749 1733 1974 1819 auctoritare

526 1849 695 1936 damnati
722 1852 932 1957 occisores,
961 1876 1000 1936 et
1016 1850 1227 1936 communis
1252 1849 1374 1935 salutis
1392 1877 1436 1932 ac
1460 1848 1635 1934 libertatis
1657 1873 1853 1935 assertores
1878 1882 1974 1936 sum-

527 1968 596 2052 mis
627 1968 797 2053 laudibus
829 1913 1042 2054 efferimur.
1074 1973 1205 2084 ltaque
1238 1967 1483 2054 Athenienses
1504 1990 1642 2051 statuas
1665 1968 1779 2054 etiam
1810 1972 1973 2074 Harmo

528 2085 595 2170 dio
621 2113 661 2171 et
692 2087 938 2204 Aristogitoni
965 2087 1201 2201 tyrannicidis
1232 2085 1377 2202 publice
1406 2110 1632 2218 posuerunt.

196 2303 203 2313 Ι
333 2203 431 2361 iffi}
439 2202 512 2250 Μ·
609 2206 693 2289 Χιι.
765 2205 849 2291 Αιιι
874 2205 968 2289 ratio
1001 2230 1056 2290 est
1082 2235 1216 2291 eorum
1249 2265 1262 2310 ,
1291 2204 1359 2318 qui
1393 2233 1552 2320 regnum
1585 2203 1723 2317 justum
1752 2235 1775 2288 a
1808 2206 1971 2341 patribus

525 2322 705 2409 traditum
731 2352 843 2410 avare
880 2347 919 2409 et
949 2321 1145 2410 crudeliter
1175 2323 1461 2409 administrant.
1504 2325 1697 2409 Interdum
1736 2352 1903 2439 namque
1934 2324 1972 2408 in

524 2442 655 2576 regnis
674 2438 899 2527 hereditariis
925 2471 1028 2558 reges
1054 2443 1233 2548 exsistunt
1257 2467 1391 2527 natura
1406 2442 1564 2576 superbi
1593 2466 1632 2528 et
1655 2441 1920 2548 insolentes,
1909 2470 1972 2528 nn

524 2558 657 2695 petiosi
691 2583 730 2644 et
764 2562 815 2646 ad
839 2561 1074 2674 tyrannidem
1108 2533 1316 2675 proclives,
1350 2559 1417 2693 qui
1445 2559 1621 2646 caecitate
1654 2561 1822 2675 quadam
1848 2584 1888 2646 et
1918 2561 1972 2677 ig·

525 2678 723 2763 notatione
756 2678 873 2812 victi,
901 2707 1000 2792 quae
1030 2677 1139 2806 otigo
1172 2703 1227 2764 est
1256 2677 1428 2762 omnium
1457 2678 1683 2783 malorum,
1707 2678 1862 2763 herile
1853 2708 1971 2793 tmpe-

523 2794 619 2879 rium
652 2795 748 2882 civili
781 2796 962 2913 regioque
991 2803 1205 2909 praeierunt
1230 2854 1242 2900 ,
1272 2825 1385 2912 seque
1416 2825 1486 2910 pto
1519 2796 1667 2911 regibus
1693 2821 1877 2910 tyrannos
1906 2825 1974 2913 ge·

522 2940 602 2999 tere
633 2914 828 3030 gaudent:
860 2944 1024 3027 quorum
1050 2913 1311 3028 importunitas
1341 2912 1522 3027 patienter
1552 2938 1609 2999 est
1631 2913 1848 2999 Christianis
1875 2914 1970 3001 tole·

521 3032 639 3116 randa
663 3031 1021 3146 ,exspectandoque
1050 3032 1294 3137 emendatio,
1324 3056 1364 3117 et
1395 3031 1455 3145 pie
1485 3055 1658 3147 recteque
1697 3029 1845 3117 factis
1835 3061 1889 3116 rra
1918 3033 1970 3120 di-

331 3146 559 3278 ξᾯξέῗξυιξζ
524 3177 612 3233 vina
638 3094 840 3264 placanda.
867 3153 984 3283 Saepe
1012 3149 1112 3233 enim
1141 3156 1246 3236 Deus
1272 3150 1502 3265 populorum
1526 3173 1679 3263 peccata
1706 3178 1771 3263 per
1793 3178 1899 3267 teges
1915 3151 1968 3237 in

331 3272 451 3331 ΜΡΝ·
520 3261 636 3378 justos
668 3266 902 3371 vindicavit,
932 3267 1083 3384 ignaros
1112 3268 1244 3354 scilicet
1277 3269 1481 3356 voluntatis
1510 3266 1682 3355 divinae.
1716 3268 1874 3352 Nam
1846 3294 1875 3353 st
1901 3270 1972 3354 sci·

519 3408 625 3470 entes
650 3414 688 3471 se
716 3385 878 3472 vindices
914 3387 1136 3500 praeberent
1168 3385 1354 3473 divinae
1346 3386 1502 3498 justitiae
1527 3450 1539 3493 ,
1568 3386 1669 3519 justo
1689 3386 1832 3518 pioque
1862 3387 1971 3472 mini-

519 3503 632 3588 sterio
668 3500 948 3621 fungerentur,
981 3531 1050 3589 nec
1079 3533 1125 3589 ea
1157 3505 1351 3593 crudelitas
1376 3529 1470 3592 esset
1502 3530 1541 3591 et
1570 3504 1753 3640 ayaritia3
1788 3503 1885 3591 sed
1875 3528 1975 3616 juste

330 3682 410 3734 m,
429 3693 469 3743 3,
519 3621 658 3737 pieque
690 3619 856 3706 factum.
896 3622 1007 3757 quale
1041 3623 1132 3709 illud
1160 3624 1312 3729 Mosis,
1338 3622 1491 3739 dequo
1521 3648 1577 3709 est
1597 3624 1636 3707 in
1658 3622 1811 3708 historia
1841 3650 1969 3730 sacta,

521 3740 590 3823 ubi
621 3765 759 3856 strages
784 3739 917 3855 viginti
952 3740 1066 3825 trium
1095 3741 1250 3824 millium
1282 3741 1520 3856 popularium
1550 3769 1616 3855 per
1644 3741 1793 3827 Levitas
1813 3742 1973 3877 propin-

459 3883 622 3992 quos
642 3882 682 3943 et
709 3858 893 3964 amicos,
920 3862 1034 3943 Mose
1060 3882 1253 3965 auctore,
1283 3859 1383 3945 edita
1413 3886 1663 3945 memoratur.
1678 3860 1867 3977 Reges
1857 3859 1970 3994 igitur

384 4044 390 4052 .
520 3975 587 4089 qui
617 4003 656 4060 se
687 3976 880 4089 tyrannice
906 4002 1079 4093 gerunt,
1107 4005 1152 4062 ac
1177 3921 1314 4062 idcirco
1340 3979 1491 4092 tyranni
1521 3980 1801 4083 nominantur,
1827 3979 1968 4093 patien-

348 4171 372 4210 ι
389 4161 456 4208 ,m
469 4173 493 4208 ι
518 4116 576 4176 ter
603 4087 746 4180 ferendi
775 4119 862 4180 sunt
877 4120 1109 4210 ,tamquam
1130 4096 1273 4181 domini
1301 4096 1466 4211 dyscoli,
1495 4121 1539 4182 ut
1562 4121 1618 4182 est
1650 4096 1688 4181 in
1715 4095 1871 4231 epistola
1899 4101 1967 4182 Pe-

343 4224 486 4338 Qfflg
518 4211 595 4296 tri:
628 4212 701 4284 il*
691 4241 730 4295 m
758 4243 856 4327 quos
877 4155 970 4297 irihil
1000 4242 1078 4299 esse
1098 4213 1347 4320 conandum,
1379 4238 1640 4351 praeterquam
1659 4215 1881 4300 auctoritate
1898 4247 1969 4331 pu-

345 4340 500 4392 stamus.
515 4328 639 4437 blica,
668 4357 713 4415 ac
740 4358 790 4415 ne
820 4331 869 4416 sic
897 4332 1080 4447 quidem,
1114 4332 1182 4420 nisi
1205 4362 1294 4419 cum
1325 4360 1380 4421 cst
1409 4363 1543 4421 eorum
1573 4331 1836 4450 importtmitas
1860 4334 1967 4534 intp-

393 4487 397 4495 ’
1932 4480 1974 4536 e-

557 4587 580 4634 ’
621 4592 705 4670 Quae
716 4592 765 4650 hie
779 4594 815 4652 de
831 4595 965 4692 regibus,
979 4614 1098 4671 quotum
1112 4598 1219 4673 impor
1270 4615 1343 4672 quae
1364 4598 1412 4656 hic
1435 4601 1591 4657 vernaculo
1609 4613 1741 4657 sermone
1765 4558 1972 4652 transcriban-

517 4672 629 4730 tunitas
646 4675 839 4734 intolerabilis
853 4679 972 4751 evasit,
986 4679 1121 4736 dicuntur
1137 4697 1155 4736 a
1170 4679 1219 4737 Se
1271 4692 1333 4738 tur:
1357 4680 1510 4738 Deteando
1523 4682 1663 4755 ειιιινριι
1676 4681 1711 4739 de
1719 4677 1799 4763 ray‘oe
1815 4672 1846 4729 Ia
1863 4687 1977 4754 parm-3

517 4755 667 4828 pulveda,
690 4757 831 4830 exigenda
855 4759 974 4815 omnino
997 4760 1123 4816 suntad
1148 4778 1218 4817 non-
1269 4762 1350 4817 ciosa
1366 4758 1483 4816 remilla
1504 4739 1976 4854 detum191n10ytmmic1o10,

518 4847 597 4890 mam
622 4837 808 4911 perscriptam
833 4839 864 4895 in
885 4840 965 4914 regio
983 4837 1217 4897 senatusconsul·
1260 4845 1359 4913 (quae
1372 4842 1509 4898 damnata
1526 4853 1571 4898 est
1585 4859 1602 4897 a
1617 4827 1751 4899 Concilio
1762 4825 1975 4895 constantien·

519 4925 552 4969 to
571 4915 688 4973 Matriti
712 4918 836 4976 editor.
865 4922 929 4978 Kal.
952 4919 1094 4995 Quintilis
1114 4938 1160 4976 an.
1182 4942 1214 4978 ιι.
1270 4921 1295 4977 si
1314 4923 1459 4978 celebrato
1479 4939 1556 4980 anno
1574 4937 1728 4979 mmccciv,
1739 4919 1818 4992 >que
1840 4914 1971 4976 rebella

518 4993 648 5056 alecaxvt.
663 4998 733 5057 ubi·
724 5012 804 5060 anter
813 5000 957 5060 anatim
970 5003 1105 5077 leguntur
1116 4999 1216 5080 digna,
1268 5002 1457 5078 estampada,
1465 5021 1487 5080 y
1501 5019 1532 5064 se
1545 5001 1591 5063 lte
1605 5018 1640 5064 en
1652 5009 1749 5061 tantos
1761 5007 1879 5060 autores
1887 5035 1899 5070 ,
1912 5009 1971 5070 por

1913 5092 1965 5138 ser
