4020 5864
636 350 1083 429 rnnxxstuum.
1482 366 1548 453 5⁶7

125 491 226 597 Pio,
259 514 328 574 nec
342 481 516 602 proiecto
530 481 625 599 quid
639 481 867 597 respondere
884 479 1043 586 valeas,
1067 479 1266 598 intelligo,
1296 481 1364 568 nisi
1393 478 1493 570 forte
1523 488 1574 576 ad

126 610 226 696 illam
243 607 393 691 inanem
409 628 448 689 et
461 631 654 718 ‘perquam
670 598 845 718 frigidam
859 601 1139 688 excusationem
1156 597 1380 716 confugias,
1399 632 1479 687 non
1498 634 1575 693 esse

125 727 295 829 dandum
311 722 454 807 crimini
469 721 673 825 stultitiae,
702 721 731 804 si
760 719 968 806 stultissime
985 718 1208 835 garruletur,
1227 719 1355 812 >Quae
1385 725 1578 811 excusatio

124 843 262 959 poterit
279 840 383 927 haud
399 839 513 926 dubie
527 838 677 954 culpam
693 837 869 925 stultitiae
884 837 1086 942 nonnihil,
1109 863 1224 952 atque
1244 838 1345 923 adeo
1372 837 1578 953 plurimum

125 961 333 1046 sublevare.
368 958 504 1072 Atqui
519 982 598 1043 tam
615 953 834 1043 effrenatam
850 955 1006 1042 bestiam
1023 954 1157 1040 talibus
1173 955 1294 1041 verbis
1312 960 1581 1065 subornatum,

127 1087 208 1165 non
224 1100 427 1162 contentus
445 1071 608 1189 profanis
628 1074 804 1160 omnibus
818 1074 938 1179 locis,
965 1073 1080 1172 etiam
1096 1073 1388 1181 honestissimis,
1415 1074 1454 1160 in
1481 1100 1582 1162 tem·

127 1197 190 1312 pla
211 1194 341 1286 itidem
365 1217 404 1278 et
431 1193 584 1285 sacraria
609 1193 825 1305 produxerit
852 1252 865 1295 ,
892 1216 939 1278 ut
955 1190 994 1275 in
1022 1190 1233 1279 sacerdotes
1257 1220 1302 1276 ac
1332 1194 1581 1302 monachos,

131 1340 399 1426 sacrorumque
430 1312 546 1396 ritum
577 1311 781 1423 procaciter
811 1310 1100 1415 debacchetur,
1131 1337 1176 1394 ac
1205 1310 1323 1423 ipsam
1358 1311 1580 1428 religionem

127 1431 376 1517 Christianam
393 1427 461 1513 sibi
474 1452 678 1545 cognatam
696 1488 708 1531 ,
726 1429 802 1513 hoc
817 1453 886 1532 est,
904 1427 1056 1515 stultitia
1069 1450 1108 1512 et
1124 1428 1316 1514 erroribus.
1324 1429 1480 1542 plenam
1498 1459 1579 1517 esse

128 1549 264 1662 jactet:
290 1547 392 1632 hunc
418 1546 502 1660 quis
532 1544 655 1632 valeat
682 1545 741 1631 vel
772 1574 794 1628 a
819 1546 999 1649 crimine,
1030 1544 1090 1631 vel
1104 1546 1153 1630 ab
1177 1545 1431 1660 imprudentia
1453 1548 1578 1635 saltim

128 1665 340 1753 vindicare?
369 1667 405 1750 A
422 1663 526 1777 cujus
541 1663 593 1747 tei
609 1661 833 1748 conscientia
857 1666 934 1778 ipse
955 1662 1128 1750 videlicet
1152 1691 1233 1747 non
1251 1663 1489 1771 abhorrens,
1520 1667 1579 1751 in·

129 1780 478 1894 extricabilibusque
502 1778 778 1867 difficultatibus
803 1780 1033 1896 implicitus,
1058 1780 1202 1897 cogeris
1218 1781 1340 1872 homo
1367 1784 1518 1900 sapiens
1536 1808 1579 1871 et

130 1901 252 2017 gravis
277 1899 449 1987 deliranti
463 1898 639 1985 stultitiae
655 1910 800 2014 praeter
816 1910 932 1985 omne
949 1899 1132 1985 decorum
1160 1899 1408 2013 patrocinari,
1440 1926 1485 1986 ut
1510 1902 1579 1989 tibi

129 2018 613 2110 non-limarconsramerm
628 2017 811 2105 sententia
825 2045 1073 2132 permanere,
1094 2015 1161 2129 qui
1179 2013 1367 2131 praefatus
1382 2018 1578 2105 stultitiam

129 2136 340 2223 sumsime
351 2135 517 2221 locutam
534 2196 547 2242 ,
563 2164 687 2221 rttrsus
703 2134 877 2222 eamdem
894 2193 908 2240 ,
937 2163 1037 2248 quae
1052 2132 1225 2219 omnium
1242 2134 1452 2221 stultissime
1470 2135 1577 2244 dixit,
1614 2211 1616 2214 Α

129 2282 174 2338 ea
190 2255 372 2368 sapienter
386 2253 514 2338 dixisse
534 2254 696 2365 probare
712 2252 867 2356 niteris,
895 2276 939 2337 ut
955 2248 1035 2336 fieri
1051 2279 1159 2364 posse
1174 2253 1313 2337 doceas
1331 2313 1344 2357 ,
1373 2252 1483 2368 quod
1507 2284 1578 2341 na·
1662 2302 1664 2305 ·

128 2396 253 2454 natam
271 2397 352 2453 non
368 2369 446 2483 pati
463 2392 633 2474 ,umetes
659 2368 926 2474 crediderunt,
943 2392 987 2453 ut
1002 2397 1090 2454 ctam
1114 2367 1260 2453 tatione
1288 2369 1487 2486 quisquam
1515 2371 1578 2457 in·

131 2485 263 2575 saniat.
291 2491 424 2601 ltaque
441 2485 645 2572 mirabilem
663 2485 845 2574 latebram
860 2484 1076 2603 excogitasti
1094 2544 1108 2591 ,
1134 2514 1216 2599 quo
1230 2482 1454 2602 confugeres
1470 2517 1578 2576 accu-

131 2629 254 2711 satus,
279 2609 377 2711 quod
398 2602 593 2690 Christum
610 2609 760 2691 dixeris
790 2609 1012 2690 delectatum
1032 2601 1164 2710 finisse
1187 2611 1323 2712 pueris
1339 2619 1378 2687 et
1407 2615 1578 2692 morioni-

130 2723 214 2808 bus.
241 2724 346 2806 Nam
360 2737 399 2806 te
413 2726 459 2806 de
474 2727 606 2810 stultis
621 2724 734 2831 hujus
749 2726 877 2806 masidi
898 2729 1058 2809 boatum
1072 2745 1155 2804 esse
1170 2724 1299 2806 videri
1313 2729 1410 2828 vis,
1439 2749 1508 2808 non
1529 2731 1577 2821 de

129 2846 260 2925 staltis
283 2845 388 2949 apud
401 2841 538 2925 Deum.
567 2840 806 2955 Ingeniosum
822 2840 1053 2944 inventurn,
1080 2837 1146 2924 sed
1162 2837 1252 2923 nihil
1283 2838 1331 2924 ad
1348 2868 1442 2924 rem.
1472 2845 1577 2932 Nam

130 2987 230 3074 quos
263 2956 404 3043 Paulus
420 2958 554 3045 stultos
579 2955 692 3071 hujus
712 2956 846 3044 mundi
869 2967 1013 3061 vocat,
1034 2984 1150 3041 nemo
1178 2985 1362 3071 umquam
1388 2960 1578 3048 moriones

130 3075 313 3182 vocavit,
339 3077 459 3162 immo
491 3072 581 3164 nulli
610 3099 699 3163 sunt
723 3075 842 3192 magis
871 3108 894 3160 a
920 3072 1153 3160 morionibus
1170 3073 1318 3160 diversi.
1349 3076 1446 3162 Sunt
1473 3078 1576 3168 enirn

130 3193 231 3280 stulti
245 3196 421 3299 mundo,
449 3194 516 3310 qui
532 3193 706 3300 divitias,
738 3193 926 3311 gloriam,
949 3190 1191 3308 voluptates,
1219 3220 1264 3275 ac
1292 3216 1442 3299 cetera,
1475 3223 1576 3312 quae

130 3312 296 3400 mundus
319 3314 554 3420 admiratur,
583 3341 654 3428 pro
690 3311 806 3398 nihilo
837 3310 1049 3414 habentes,
1080 3309 1256 3396 virtutem
1287 3334 1327 3395 et
1355 3310 1575 3428 religionem

130 3430 293 3536 colunt,
324 3430 392 3517 viri
405 3430 539 3517 scilicet
554 3432 691 3543 pietate
714 3429 754 3516 in
769 3435 897 3515 Deum
913 3485 929 3534 ,
957 3426 1217 3544 magnitudine
1234 3425 1347 3511 animi
1364 3487 1376 3531 ,
1408 3429 1573 3542 pruden-

131 3546 259 3662 tiaque
276 3570 504 3663 praestantes
521 3606 535 3651 ,
553 3573 592 3634 et
605 3547 740 3664 quibus
755 3569 855 3633 certe
877 3574 966 3634 cum
988 3542 1098 3631 fatuis
1127 3605 1141 3651 ,
1165 3574 1264 3660 quos
1291 3543 1480 3630 moriones
1507 3579 1574 3633 vo·

130 3689 288 3771 camus,
316 3664 410 3751 nihil
426 3691 492 3754 est
506 3692 742 3771 commune,
769 3664 889 3751 immo
910 3663 1001 3749 nihil
1017 3692 1100 3749 non
1128 3661 1330 3752 diversum.
1362 3664 1437 3750 Sed
1463 3659 1575 3752 facia·

128 3807 250 3870 mana
267 3782 351 3870 vitis
367 3783 515 3889 doctis,
544 3808 585 3872 et
599 3812 786 3872 sacramus
800 3783 1004 3871 humatum
1022 3778 1146 3897 periris
1189 3781 1261 3867 hos
1289 3808 1445 3896 quoque
1463 3810 1573 3896 posse

128 3901 277 3988 ratione
310 3899 436 4018 aliqua
467 3903 624 3990 nomine
651 3902 868 3991 morionum
898 3899 1080 4016 intelligi:
1117 3899 1293 3986 statimne
1324 3899 1401 3985 sine
1432 3929 1574 4018 magna

128 4017 238 4134 culpa
263 4019 404 4106 dictum
420 4050 498 4108 esse
522 4022 762 4135 putabimus,
790 4019 982 4108 Christum
1010 4015 1242 4103 morionibus
1273 4011 1382 4103 fixisse
1411 4016 1571 4105 delecta·

130 4146 241 4222 tum?
267 4138 307 4223 in
323 4167 371 4226 eo
388 4141 601 4254 praesertim
620 4139 742 4246 libro,
768 4138 836 4253 qui
865 4167 945 4224 non
970 4135 1090 4222 doctis
1114 4133 1302 4251 theologis
1328 4134 1572 4244 scribebatur,

128 4254 195 4340 sed
220 4256 411 4370 inperitae
441 4258 703 4365 multitudini,
729 4284 829 4373 quae
856 4253 976 4359 ficus,
993 4279 1039 4339 ut
1065 4253 1201 4366 aium,
1222 4250 1328 4356 ficus,
1344 4276 1385 4338 et
1404 4252 1572 4369 ligonem

127 4367 294 4486 ligonem
320 4374 506 4492 appellare
533 4376 671 4483 solita,
697 4374 772 4464 tale
804 4401 898 4463 vero
929 4371 1131 4460 stultomm
1155 4371 1350 4463 discrimen
1378 4397 1427 4456 ne
1458 4373 1574 4488 suspi-

127 4509 229 4575 cata>
262 4492 420 4601 uidem,
445 4522 535 4581 cum
563 4493 754 4582 moriones
776 4491 883 4579 audit
909 4552 923 4598 ,
950 4490 1123 4579 homines
1146 4488 1352 4606 intelligit,
1377 4517 1476 4603 quos
1507 4520 1573 4574 na·
1636 4606 1640 4608 V

126 4626 214 4695 tura
229 4520 353 4698 husos
368 4611 503 4718 linxit,
522 4637 561 4700 et
576 4644 600 4698 a
615 4612 762 4727 pecude
774 4639 910 4725 parum
924 4608 1077 4696 tationis
1101 4638 1171 4694 usu
1188 4608 1438 4723 discrepantes
1455 4667 1467 4710 ,
1485 4606 1571 4721 qui·

125 4719 196 4808 bus
224 4724 315 4815 lauti
332 4728 509 4845 levesque
524 4731 697 4817 homines
725 4729 959 4816 delectantur
980 4788 994 4834 ,
1017 4731 1133 4814 risum
1148 4750 1340 4844 captantes
1363 4752 1409 4808 ex
1436 4752 1570 4812 eorum

125 4863 278 4961 stupore
310 4871 359 4966 ,et
388 4846 598 4937 miserama
611 4846 833 4938 calamitate.
863 4849 966 4935 Cum
980 4845 1079 4939 hanc
1101 4847 1215 4974 igitur
1243 4843 1433 4969 levitatem
1460 4842 1571 4927 Chri·

1499 4983 1561 5050 8ῐο
