4020 5864
484 384 544 411 ‚-.
609 372 703 442 ru
740 367 1086 445 axxsuour..
1199 416 1201 421 ·
1480 378 1546 465 ,69

172 504 387 596 XXXVIII.
447 503 522 590 Sed
547 500 645 588 tardi
662 525 752 587 sunt
776 557 789 603 ‚
810 498 960 618 inquis,
990 527 1061 586 aut
1088 499 1263 597 malitiosi
1284 505 1496 609 monaehi,
1523 531 1569 592 et

109 630 179 743 qui
209 624 402 710 monacbis
430 621 740 736 patrocinantur,
765 619 804 705 in
839 618 960 706 verbis
984 622 1086 708 ,meis
1118 623 1434 735 interpretandis,
1462 626 1564 719 Qui,

108 747 176 830 bus
194 743 338 828 verbis?
372 741 494 826 Miror
510 741 610 825 enim
628 765 865 856 quemquam
884 738 1124 856 ingeniosum
1141 772 1218 829 esse
1241 741 1279 826 in
1299 770 1404 826 suam
1417 770 1565 832 contus,

105 861 275 948 meliam.
307 859 520 962 Monachi,
538 859 589 944 ais
601 859 764 964 ,vivunt
780 858 818 942 in
836 858 918 943 otio
934 921 945 963 ,
964 885 1004 944 et
1019 861 1139 944 aliena
1153 860 1367 948 liberalitate
1380 863 1564 978 saginam-s

103 1002 192 1083 tur,
218 978 448 1092 possidentes
459 1013 478 1082 ·,
494 979 603 1091 quod
616 978 707 1063 citra
724 973 901 1061 sudorem
924 976 990 1061 illis
1006 978 1190 1082 obvenit,
1216 979 1308 1062 nihil
1333 980 1477 1067 interim
1487 982 1562 1072 ,dia¹

102 1122 189 1182 cam
206 1099 254 1181 de
287 1096 440 1183 vitiosis.
472 1095 580 1189 Quid
614 1121 670 1181 est
695 1157 708 1200 ,
733 1095 843 1210 quod
872 1097 1047 1181 monachi
1089 1098 1303 1210 ipsorumve
1329 1098 1482 1210 patroni
1506 1099 1559 1190 in:

103 1213 173 1301 ista
189 1214 362 1300 oratione
377 1243 456 1298 non
474 1212 710 1329 intelligunt,
737 1238 805 1297 aut
824 1214 1002 1297 malitiose
1030 1213 1345 1328 interpretantur?
1375 1220 1478 1299 Nam
1505 1241 1559 1304 ter

103 1331 280 1420 debonis
305 1331 497 1418 monachis
518 1331 648 1417 hocin
671 1331 759 1418 loco
781 1328 889 1416 fuisse
912 1331 1112 1438 locutum,
1136 1334 1242 1448 ipse,
1267 1333 1378 1448 quod
1401 1363 1557 1450 negare>

101 1477 186 1539 non
203 1474 311 1562 potes
328 1511 339 1548 ‚
357 1447 578 1538 confiteris„
1446 1523 1448 1528 ,
1546 1500 1554 1529 ,»

104 1606 110 1649 ‚·
145 1570 347 1655 XXXIX.
407 1573 503 1653 Non
520 1567 684 1674 vident,
710 1569 869 1687 inquis,
891 1567 1100 1659 autvidere
1125 1599 1165 1657 se
1188 1568 1445 1675 dissimulant,
1478 1596 1552 1659 me.

100 1711 183 1771 non
208 1713 379 1773 accusare
407 1686 643 1793 monachos,
670 1688 735 1774 sed
758 1691 928 1804 ipsorum
947 1691 1088 1803 probos
1119 1718 1207 1773 eum
1243 1689 1366 1802 probis
1395 1684 1551 1785 civibus}

101 1829 332 1919 comparare·
365 1808 495 1909 Immo
518 1832 612 1892 veto
636 1806 818 1919 quoniam
840 1806 940 1893 istud
958 1807 1116 1896 maxime
1142 1807 1271 1892 vident
1288 1865 1302 1911 ,
1320 1805 1460 1893 idcirco
1473 1804 1548 1897 tibi
1628 1790 1636 1825 ¹

100 1945 184 2007 non
211 1921 466 2035 injuriaetiam
482 1948 598 2039 atque
621 1923 734 2008 etiam
748 1923 966 2010 irascuntur.
1013 1929 1067 2010 At
1089 1920 1273 2028 confero,
1298 1923 1549 2038 inquis,nou:

98 2066 255 2156 aequo,
279 2070 403 2156 neque
419 2040 505 2128 dico
522 2038 612 2125 nihil
626 2041 827 2147 interesse,
854 2041 1017 2129 sednon
1042 2042 1141 2128 adeo
1158 2041 1332 2126 multum.
1363 2042 1450 2154 Jam
1472 2043 1533 2132 hic

96 2168 256 2273 quoque
273 2159 432 2276 gratiam
449 2160 628 2246 debemus
648 2159 745 2264 Pio,
768 2162 877 2274 quod
908 2159 1262 2276 Erasmumadegit
1288 2220 1300 2263 ,
1328 2183 1372 2243 ut
1396 2189 1546 2246 mona-2

95 2275 294 2378 ebatum,
326 2305 444 2391 quem
470 2277 683 2388 improbare
716 2277 849 2388 passim
882 2301 1073 2390 putatur,
1113 2274 1190 2362 vita
1220 2276 1315 2365 civili
1344 2277 1545 2390 potiorem¹

96 2415 176 2476 esse
190 2389 440 2478 confiteretur.
473 2392 547 2478 Sed
577 2420 627 2476 an
651 2393 763 2477 istaec
791 2389 969 2507 professio
998 2421 1086 2478 cum
1099 2393 1225 2493 „verbis
1257 2393 1375 2478 modo
1404 2395 1543 2480 recita-r

95 2505 144 2594 tis
157 2511 389 2614 conveniat,
419 2508 625 2597 videamus.
672 2508 840 2617 Omisit,
868 2511 988 2628 inquis
1004 2509 1220 2615 ,malitiose
1244 2513 1330 2594 Pius
1359 2512 1475 2604 verba
1490 2513 1539 2600 ir.

95 2622 411 2714 laeoltaerenria:
437 2626 518 2732 isti,
544 2626 587 2713 id
608 2653 698 2732 vest,
719 2627 844 2735 cives,
859 2631 968 2746 quod
991 2659 1058 2714 sua
1087 2652 1312 2743 pepererunt
1334 2626 1529 2735 industria,

95 2772 170 2859 pro
193 2747 266 2832 suis
291 2747 449 2862 qunque
463 2741 938 2862 facultatibusimpertiunt
960 2746 1169 2863 egentibus.
1200 2745 1321 2843 Quasi
1331 2774 1425 2833 vero
1440 2747 1529 2853 hoc,

95 2865 207 2976 quod
221 2865 374 2950 studens
388 2863 561 2950 brevitati
587 2863 671 2950 Pius
696 2866 838 2972 tacuit,
866 2894 947 2952 non
972 2864 1148 2978 inprimis
1163 2888 1300 2980 augeat
1324 2866 1531 2956 monacho·

94 3005 180 3064 rum
195 2980 375 3092 injuriam.
410 2982 469 3068 At
483 2975 655 3066 conserte
672 2975 912 3069 alteros'cum
927 2980 1071 3086 alteris,
1104 3012 1183 3065 non
1210 3008 1265 3068 est
1290 2979 1462 3091 injuriam
1475 2980 1533 3073 la·¹

94 3123 180 3181 cete
208 3097 477 3202 monachatui,
501 3122 541 3185 et
554 3121 599 3184 tu
614 3097 705 3185 nihil
730 3099 831 3186 aliud
858 3158 873 3202 ,
900 3129 1017 3216 quam
1041 3095 1199 3184 confers.
1230 3098 1415 3208 Confers,
1444 3102 1534 3217 quis

94 3214 300 3301 nonvidet
314 3225 334 3301 θ’
355 3215 421 3302 sed
443 3215 499 3303 ita
510 3213 684 3324 confers,
712 3240 755 3303 ut
771 3214 861 3302 nihil
883 3217 984 3306 aliud
1003 3244 1114 3332 agere
1140 3215 1321 3323 videaris,
1342 3247 1459 3333 quam
1485 3244 1536 3307 ιιι.

91 3329 356 3421 inmonacbos
384 3332 498 3420 etiam
517 3334 689 3448 probos,
713 3335 886 3420 omnium
917 3335 1099 3422 laicorum
1134 3362 1178 3419 ac
1192 3334 1330 3421 civium
1350 3336 1534 3431 invidiam

92 3471 134 3535 et
158 3449 291 3538 odium
319 3481 437 3569 quam
462 3452 621 3537 maxime
640 3453 831 3538 concites.
862 3457 956 3539 Non
984 3452 1059 3543 dixi
1091 3451 1248 3569 ,inquis
1272 3477 1292 3557 ,J
1317 3453 1526 3560 lasciviunt,

91 3563 236 3682 inguini
263 3594 302 3656 et
318 3568 459 3656 Veneri
473 3568 695 3687 indulgent,
720 3569 786 3655 sed
802 3570 938 3658 vivunt
962 3570 1001 3656 in
1027 3569 1139 3672 otio,
1164 3597 1203 3657 et
1231 3570 1349 3655 aliena
1367 3569 1527 3663 liberali-i

89 3704 170 3769 tate
183 3687 433 3803 saginantur.
463 3687 506 3771 0
531 3687 687 3801 pulchra
706 3687 925 3793 excusatio,
963 3712 1003 3785 et
1034 3715 1133 3803 quae
1158 3683 1262 3772 facile
1284 3688 1398 3801 possit
1427 3689 1528 3803 opti÷¹

90 3830 245 3888 morum
262 3804 540 3891 monachorum
564 3803 856 3898 conntmeliosae
871 3806 1003 3922 plagae
1027 3803 1196 3908 mederi,
1227 3804 1256 3888 si
1289 3830 1436 3891 constet
1460 3836 1529 3900 eos

89 3930 118 4002 'a
139 3941 179 4003 te
203 3946 285 4007 non
308 3945 529 4032 scortatores
563 3921 774 4038 appellati,
808 3923 874 4010 sed
901 3920 979 4010 fieri
1007 3923 1203 4012 dumtaxat
1218 3917 1309 4009 fucis
1349 3922 1528 4018 altilibus.

88 4063 166 4150 que
199 4040 320 4150 porcis
339 4039 550 4128 simillimos.

88 4225 92 4230 .
147 4154 233 4239 XL.
298 4162 367 4246 Est
382 4159 494 4276 igitur
510 4186 605 4247 vero
620 4159 770 4268 verius,
802 4161 911 4276 quod
942 4160 1022 4266 ais,
1047 4183 1086 4246 te
1101 4159 1200 4275 ipsos
1215 4154 1414 4269 conferre,
1435 4188 1526 4255 non

83 4295 279 4385 aequare:
308 4304 504 4393 comparas
518 4278 648 4386 enim,
673 4304 713 4366 et
729 4279 1003 4366 monachorum
1026 4278 1141 4371 viram
1158 4279 1271 4365 statui
1285 4278 1420 4366 civium
1438 4279 1526 4372 lone

82 4415 144 4520 go
169 4385 365 4481 intervallo
392 4396 610 4509 postponis:
637 4397 832 4512 postponis
860 4397 982 4484 dieo‘l
1007 4396 1126 4481 immo
1156 4426 1251 4484 vero
1274 4396 1374 4484 cives
1397 4397 1537 4512 laudas¹

82 4531 128 4588 tn
144 4510 422 4598 monachorum
449 4512 673 4620 invidiam,
721 4514 826 4602 velut
861 4540 1017 4602 mutuae
1060 4513 1200 4601 caritati
1235 4540 1274 4601 et
1306 4515 1525 4630 reipublicae

80 4622 324 4735 servientes,
350 4654 400 4726 et¹
416 4626 657 4747 quidquidin
682 4630 733 4715 eis
757 4632 838 4719 vitii
863 4657 948 4739 est,
978 4632 1138 4718 omnino
1163 4659 1290 4737 taces3
1321 4631 1527 4727 monachos

80 4738 308 4853 ‘'vituperas,
332 4748 443 4861 quod
459 4747 541 4833 otio
559 4771 766 4862 torpeant,
793 4750 1010 4867 civiumque
1032 4751 1262 4867 benignitate
1293 4812 1305 4857 ,
1334 4751 1464 4836 sinon
1488 4773 1529 4838 et

79 4857 130 4950 ,V
132 4860 233 5064 cheri
249 4920 263 4965 ,
278 4888 380 5075 eppe
395 4864 508 4984 gulae
531 4892 648 4987 atque
663 4867 788 4959 venui
810 4868 1078 5076 'urdulgeutppcc
1070 4870 1295 4971 abutantur:
1325 4868 1375 4957 de
1400 4895 1534 5073 mocqa-

82 5048 110 5061 ..
146 5058 147 5061 γ
197 5005 267 5082 ma
340 5042 354 5071 .
875 5062 882 5074 .
1078 5016 1101 5089 c¹
1449 5075 1454 5084 .
1500 5015 1538 5085 u
