4006 5850
645 350 673 418 L
698 350 715 416 l
740 344 769 416 Β
792 347 824 417 E
849 349 884 420 R
935 349 982 415 If.
1427 373 1500 445 447

88 476 236 595 poscit,
267 473 356 595 legis
370 473 545 562 duritiem
560 471 610 559 sic
640 470 944 587 interpretatione
965 469 1107 557 mollite
1125 528 1140 579 ,
1157 495 1200 559 ut
1223 471 1353 592 aliquis
1367 498 1459 560 tunc
1481 507 1526 562 ea
1615 483 1617 487 ’

87 598 172 714 lege
188 624 267 682 non
282 593 399 682 teneri
419 653 434 700 ,
463 622 551 677 cum
568 591 789 676 auctoritate
804 591 1024 675 declaretur.

145 717 284 800 XVlll.
345 713 421 798 Sed
438 735 482 795 ut
500 709 550 793 ad
566 708 774 823 sapientum
791 709 959 796 virorum
992 709 1254 794 auctoritatem
1287 739 1332 796 ac
1362 711 1528 797 testimo·
1593 745 1594 748 ‘

86 828 178 937 nia,
205 854 401 916 momenta
426 857 586 943 quoque
602 828 792 912 rationum
809 829 1021 929 accedant,
1047 856 1190 940 quaero
1211 828 1261 911 ab
1288 828 1359 914 istis
1388 831 1530 917 divina·

81 975 168 1058 rum
189 947 316 1066 legum
333 946 499 1062 patronis
515 941 748 1050 ambitiosis,
773 944 801 1028 si
822 944 862 1028 in
879 943 979 1061 leges
994 942 1135 1029 divinas
1152 945 1376 1058 dispensatio
1390 949 1524 1034 cadere

84 1092 167 1150 non
185 1091 340 1181 potest,
364 1064 567 1180 quomodo
587 1062 688 1148 licuit
709 1060 838 1149 David
870 1090 957 1146 cum
982 1060 1052 1145 suis
1079 1061 1276 1148 comitibus
1299 1065 1528 1179 propositio·
1573 1062 1704 1128 mm·

84 1181 142 1267 nis
159 1183 318 1297 panibus
329 1178 469 1268 famem
486 1180 671 1295 depellere
682 1206 815 1265 contra
830 1179 952 1295 legem
967 1178 1038 1264 Dei
1056 1239 1069 1284 ,
1086 1180 1327 1265 Achimelech
1346 1181 1528 1269 Pontifice
1658 1248 1662 1249 f

83 1298 351 1413 dispensante,
369 1324 409 1386 et
423 1294 564 1384 factum
581 1297 731 1384 Christo
750 1324 828 1383 tam
844 1295 959 1413 longe
975 1322 1061 1410 post
1077 1298 1115 1381 in
1132 1297 1329 1414 evangelio
1345 1327 1524 1415 compto·
1567 1356 1646 1408 M„
1661 1372 1684 1410 g

83 1417 220 1502 hante?
245 1446 312 1504 cut
325 1418 377 1501 ab
397 1415 545 1533 optimis
562 1412 800 1531 pontificibus
816 1414 853 1497 in
872 1413 1014 1528 sponsis
1029 1415 1127 1501 voris
1143 1441 1200 1502 est
1229 1441 1307 1503 tam
1324 1445 1433 1533 saepe
1453 1418 1523 1504 dis·
1538 1418 1619 1528 ,Xssgf
1631 1418 1671 1467 ⁶³·
1683 1419 1716 1469 ‘¹‘

81 1559 306 1646 pemarum:
331 1533 395 1619 llla
410 1534 509 1619 enim
525 1549 663 1618 vovete
678 1548 716 1617 er
730 1535 900 1636 reddire,
916 1548 954 1615 et
970 1547 1061 1617 vota
1084 1549 1152 1616 trra
1167 1540 1241 1617 noli
1264 1541 1452 1642 tardare,
1482 1565 1529 1622 us
1566 1535 1701 1654 §gg-gp

82 1673 186 1736 rrum
206 1652 245 1737 in
269 1651 471 1739 Scaevolae
489 1677 556 1737 aut
583 1649 698 1737 Servii
713 1648 856 1764 Sulpitii
880 1648 1062 1763 responsis
1078 1648 1292 1758 habentur,
1322 1682 1373 1736 an
1397 1654 1434 1737 in
1467 1683 1522 1739 sa·

81 1794 230 1859 crorum
249 1770 512 1884 scripturarum
539 1766 724 1854 oraculis?
758 1771 845 1884 Age
872 1794 966 1853 vero
1016 1768 1082 1853 uid
1105 1768 1248 1881 turpius
1280 1793 1416 1885 sponte
1440 1801 1522 1877 sua,

83 1910 151 1989 aut
168 1888 285 2005 magis
307 1912 441 1972 contra
456 1884 529 1971 Dei
556 1908 796 2000 praeceptum
815 1945 828 1990 ,
848 1913 965 1998 quarn
988 1797 1199 1971 foenerati?
1227 1883 1380 1973 Crimen
1401 1888 1523 2001 philo·
1539 1888 1715 1954 ⁸¹¹⁸·¹⁴1³⁰¹¹2

80 2004 206 2117 sophis
223 2030 268 2091 ut
292 2029 447 2090 natutae
460 2005 687 2110 adversum,
715 2031 858 2118 magno
889 2029 1074 2088 consensu
1104 2004 1360 2110 damnatum,
1388 2029 1429 2090 et
1461 2035 1524 2092 sa-

79 2148 165 2207 etae
180 2124 382 2239 scripturae
399 2121 522 2208 multis
538 2121 626 2207 locis
643 2120 912 2209 interdictum:
944 2144 984 2205 ar
998 2148 1086 2205 curn
1115 2121 1279 2237 pignoris
1312 2118 1454 2209 fructus
1483 2124 1524 2210 in

78 2262 221 2325 sortem
234 2271 315 2327 non
338 2265 592 2355 computare,
616 2242 664 2324 sit
680 2239 783 2324 haud
802 2239 914 2324 dubie
942 2264 1137 2351 peccatum
1177 2236 1435 2346 foenerantis,
1467 2265 1525 2326 ta·

80 2382 174 2441 men
191 2358 430 2444 Innocentius
446 2357 577 2444 tertius
599 2357 648 2442 sic
662 2354 784 2473 legem
800 2355 1104 2469 interpretatione
1121 2356 1304 2461 mollivit,
1329 2380 1373 2444 ut
1385 2385 1431 2440 ea
1443 2387 1524 2445 non
1540 2419 1600 2479 Cap,
1610 2423 1715 2472 mum,

82 2474 203 2573 teneti
220 2536 233 2581 ,
260 2475 365 2563 sicui
383 2505 453 2591 pto
469 2473 587 2562 dotali
603 2474 761 2592 pecunia
777 2470 916 2560 fundus
941 2472 1089 2590 pignori
1105 2473 1215 2560 datus
1230 2500 1325 2561 esser
1340 2534 1353 2582 ,
1370 2476 1524 2564 decreto
1538 2482 1717 2533 “¹⁶²⁰⁵¹¹‘¹⁵·

78 2591 234 2712 publico
255 2593 510 2682 declaraverit.
1273 2600 1275 2602 ’

75 2782 79 2789 .
140 2707 235 2796 XlX
293 2717 544 2797 Transeamus
561 2711 611 2796 ad
624 2710 703 2824 ipsa
718 2707 890 2826 decalogi
906 2734 1128 2823 praecepta:
1156 2709 1184 2794 si
1209 2734 1448 2824 praeceptum
1473 2712 1524 2799 de
1553 2772 1668 2824 „dedu
1680 2774 1715 2824 ἀ,

78 2820 313 2939 jurisjurandi
328 2828 593 2916 observatione
613 2826 751 2914 remitti
766 2827 872 2913 nullo
888 2849 1001 2941 pacto
1018 2851 1172 2940 potest,
1201 2828 1403 2941 quomodo
1428 2859 1522 2942 pon·
1534 2830 1640 2891 lu‘eluf·

75 2941 223 3040 silicum
242 2947 396 3032 decretis
411 2948 523 3033 toties
540 2944 698 3061 legimus
711 2972 788 3029 esse
799 2943 1031 3030 relaxatum?
1062 2943 1099 3030 Si
1114 2944 1203 3048 lex,
1232 2973 1331 3059 quae
1345 2940 1444 3031 furta
1459 2977 1524 3034 ve·

82 3081 140 3152 tat
154 3122 167 3168 ,
183 3090 263 3147 non
279 3064 420 3176 patitur
445 3063 791 3178 dispensationem,
820 3090 887 3147 cut
904 3062 941 3145 in
957 3089 1105 3146 summa
1128 3063 1343 3147 necessitate
1369 3063 1524 3178 impune

75 3171 196 3267 furari
212 3179 327 3266 licet?
360 3186 444 3268 Aut
458 3178 662 3297 quomodo
692 3184 796 3265 Deus
811 3178 964 3292 Judaeis
978 3178 1238 3264 excedentibus
1251 3184 1433 3298 Aegypto
1457 3178 1521 3269 fu-
1548 3238 1627 3295 Ex„
1641 3256 1687 3306 ,g

77 3296 154 3381 rari
170 3326 250 3383 non
264 3299 429 3412 permisit
448 3299 600 3404 solum,
616 3299 680 3384 sed
698 3296 812 3383 etiam
836 3321 892 3384 est
907 3296 1159 3381 adhortatus?
1185 3296 1221 3380 Si
1246 3323 1368 3412 patres
1379 3300 1522 3414 absque

77 3415 301 3530 exceptione
317 3416 377 3531 pie
393 3416 543 3503 colendi
571 3439 687 3521 sunt,
709 3415 838 3530 eisque
865 3413 1073 3529 parendum
1091 3439 1290 3527 praecepto
1318 3415 1420 3521 Dei,
1453 3445 1522 3504 cur

81 3529 160 3644 ipse
178 3533 292 3619 dixit:
317 3534 452 3641 Siquis
467 3542 575 3617 venit
592 3538 711 3616 adme
727 3591 741 3634 ‚
767 3547 804 3615 et
819 3557 888 3617 non
903 3536 982 3616 odit
992 3547 1144 3640 patrem
1159 3558 1266 3614 suum
1292 3548 1331 3616 et
1352 3548 1521 3642 matrem,
1563 3531 1622 3585 ²⁰⁶·
1640 3545 1678 3600 ¹⁹

74 3665 286 3758 amparem
300 3677 400 3735 meus
413 3678 495 3734 esse
512 3654 752 3758 discipulus?
784 3653 844 3733 Ac
860 3677 910 3734 ne
940 3648 1085 3765 singula
1115 3675 1343 3764 persequar,
1368 3649 1397 3735 si
1410 3680 1522 3764 prae·
1810 3643 1812 3647 ¹

77 3791 233 3881 ceptum
248 3768 438 3855 homicidii
454 3767 730 3881 dispensatione
743 3767 942 3880 temperari
958 3796 1038 3851 non
1054 3791 1181 3882 potest
1197 3827 1209 3873 ,
1238 3793 1306 3849 cur
1337 3767 1521 3854 Christia-

73 3882 135 3969 nis
152 3883 235 3971 licet
252 3913 340 3970 cum
365 3886 533 3972 hostibus
550 3883 719 4000 legitimis
735 3885 937 3998 pugnare‘l
968 3886 1049 3969 Cur
1074 3882 1121 3968 de
1137 3881 1351 3969 facinorosis
1376 3915 1518 3999 poenas

75 4002 205 4116 capitis
222 4011 399 4089 sumere?
427 4003 552 4097 Quod
566 4007 672 4086 Deus
693 4000 881 4115 praecepit
896 4001 1026 4099 Mosi:
1057 4003 1122 4083 Ne
1142 4009 1346 4109 patiaris,
1368 4002 1516 4119 inquit,
1554 4001 1686 4058 ΕΜ·

76 4120 264 4219 maleficos
279 4130 429 4209 nivere.
439 4125 521 4206 Cur
538 4119 709 4205 Samsoni
724 4117 885 4233 permisit
900 4124 1004 4204 Deus
1021 4179 1034 4222 ,
1050 4141 1094 4203 ut
1109 4146 1147 4202 se
1162 4118 1291 4233 templi
1306 4119 1412 4204 ruina
1427 4150 1517 4209 eum

82 4257 143 4320 tot
157 4238 371 4324 hominibus
387 4239 627 4326 involveret?
657 4236 731 4322 Sed
748 4235 806 4321 isti
821 4235 981 4323 devotis
999 4235 1120 4319 minus
1134 4234 1286 4339 soliciti,
1310 4235 1454 4344 inillis,
1474 4268 1515 4324 a·

79 4347 166 4464 junt¹
187 4384 296 4460 ‚non
310 4357 387 4441 sine
404 4356 498 4466 iusta
514 4385 625 4441 causa
650 4352 847 4468 dispensari
864 4416 877 4458 ,
900 4353 962 4439 vel
978 4354 1111 4440 eadem
1127 4351 1165 4434 in
1182 4353 1334 4438 meliora
1347 4383 1515 4443 commu-

78 4470 181 4577 tari,
205 4500 294 4555 cum
311 4473 481 4560 videlicet
493 4503 596 4559 secus
612 4471 689 4557 fieri
706 4471 895 4557 honestius
911 4499 955 4554 ac
980 4469 1218 4557 commodius
1250 4501 1326 4557 esse
1342 4471 1513 4562 videtur:

79 4585 120 4672 in
137 4591 339 4703 praeceptis
356 4591 550 4708 decalogi,
568 4619 667 4705 quae
684 4588 796 4675 simul
808 4616 963 4674 natutae
979 4651 992 4694 ,
1009 4587 1115 4672 simul
1132 4588 1279 4674 divinae
1295 4591 1394 4704 leges
1409 4617 1510 4698 sunt,

74 4705 186 4793 haud
204 4707 286 4792 satis
302 4706 350 4791 illi
373 4709 527 4823 quidem
550 4704 711 4792 fortassis
738 4734 875 4812 acute,
901 4706 966 4793 sed
991 4736 1153 4822 quoquo
1180 4707 1299 4796 modo
1327 4732 1509 4821 possunt,
1597 4762 1609 4769 ff

79 4824 399 4943 tergiversantur,
425 4849 463 4914 er
472 4842 681 4939 praecepta
697 4885 711 4938 ,
727 4823 930 4942 inquiunt,
953 4820 1120 4939 deralmi
1136 4851 1204 4914 non
1216 4831 1440 4935 simpliciter
1454 4834 1512 4908 in-

111 4998 113 5003 ,
759 4984 762 4987 x
1456 4947 1515 5028 di.
