4050 5858
387 407 494 482 SEU
524 410 602 482 DE
634 407 1307 485 APPET'E'N‘DAGLORIA.
1496 442 1565 512 203

137 539 302 662 quidem
330 531 407 624 fe're
440 550 527 624 sunt
542 599 555 643 ,
571 559 620 621 ut
630 535 768 650 opinor
785 597 798 642 ,
813 565 912 653 quae
942 537 1113 648 iisobiici
1137 555 1323 653 possamt',
1338 540 1404 656 qui
1432 539 1595 656 gloriam

139 691 225 749 esse
253 656 506 776 appetendam
537 655 805 744 contendunt:
833 656 902 746 nisi
932 656 963 745 si
994 656 1089 774 quid
1120 661 1234 746 Petro
1265 658 1486 748 addendum
1514 681 1592 759 esse

138 781 320 985 swdetxlii:
345 908 346 911 ‘
373 898 463 980 Pan.
496 892 597 980 Mihi
627 879 722 981 veto
743 891 928 985 videnu:
960 920 1061 987 nam,
1074 893 1387 1031 ‚quiteligionem
1411 895 1593 997 Cluistiae

138 1042 236 1103 ,nam
264 1013 426 1102 sanctius
445 1012 580 1098 colunt
596 1012 743 1119 ,hanc
757 1012 876 1128 ipsam
902 1012 1123 1132 religionem
1150 1043 1191 1100 rn
1223 1015 1349 1129 primis
1374 1042 1593 1130 opponunt,

80 1178 87 1189 ·
138 1163 223 1250 qua
247 1133 421 1248 jubemur
435 1160 569 1218 omnes
593 1158 650 1216 res
674 1129 859 1218 humanas
880 1155 1206 1236 contemnere,et
1219 1133 1349 1218 omnia
1366 1157 1492 1218 nostra
1507 1158 1591 1233 tum

141 1253 276 1358 dicta,
292 1276 376 1338 tum
403 1247 502 1336 facta
534 1247 584 1335 ad
612 1245 735 1334 solum
761 1254 889 1337 Deum
916 1248 1070 1342 referre.
1103 1255 1239 1366 ltaque
1265 1251 1424 1368 gloriam
1452 1251 1591 1358 istam,

137 1399 261 1484 quam
286 1369 336 1454 illi
363 1368 543 1454 caducam
568 1366 796 1483 inanemque
821 1392 987 1476 vocant,
1004 1391 1181 1483 appetere
1207 1368 1369 1455 hominis
1397 1397 1475 1454 esse
1502 1368 1592 1456 itte*

139 1486 260 1604 ligiosi
279 1510 319 1573 et
333 1487 550 1575 divinorum
574 1498 862 1602 praeceptorum
886 1486 1150 1578 contemtoris.
1181 1486 1345 1574 Addunt
1369 1485 1490 1603 etqui
1504 1487 1591 1573 sub

141 1605 238 1692 tilius
273 1605 344 1691 ista
374 1605 584 1710 rimantur,
616 1632 791 1717 perverse
819 1606 931 1693 rebus
960 1606 1016 1693 uti
1032 1666 1045 1709 ,
1060 1604 1144 1721 qui
1156 1603 1315 1721 gloriam
1347 1628 1427 1689 tam
1455 1604 1590 1693 intem·

138 1750 314 1838 peranter
340 1748 550 1840 appetant.
579 1727 685 1805 Nam
713 1749 803 1807 cum
830 1723 996 1811 honestis
1018 1720 1125 1831 iactis
1148 1723 1220 1808 suis
1236 1721 1395 1839 gloriam
1424 1723 1530 1837 quasi
1545 1722 1590 1812 fi·

138 1869 231 1927 nem
258 1864 506 1958 proponant,
537 1840 656 1953 ipsam
680 1840 840 1948 virtuti,
868 1869 986 1958 quam
1016 1841 1122 1957 sequi
1150 1840 1293 1946 debet,
1321 1863 1590 1955 anteponunt.

139 1963 265 2045 Gous.
296 1965 404 2076 Ergo
436 1988 515 2047 vos,
538 1955 706 2042 instructi
736 1957 851 2046 hodie
876 1983 917 2046 et
939 1959 1046 2075 quasi
1074 1958 1207 2045 armari
1238 1958 1289 2045 ad
1319 1958 1591 2050 decertandum

137 2077 346 2165 veneratis.
377 2079 432 2162 At
446 2075 601 2178 videte,
626 2101 676 2171 ue
699 2103 833 2190 parum
859 2076 1023 2195 gloriosa
1037 2076 1083 2164 sit
1105 2073 1234 2164 futura
1259 2075 1416 2165 victoria
1445 2076 1495 2167 de
1517 2076 1589 2167 im-

137 2218 272 2310 parato
296 2218 337 2280 et
360 2191 512 2278 inermi.
543 2192 795 2308 Quamquam
819 2225 896 2313 ego
921 2195 972 2283 ad
995 2195 1212 2310 hujusmodi
1243 2223 1413 2312 pugnam
1437 2218 1589 2310 paratus

137 2338 206 2398 aut
230 2339 397 2399 armatus
420 2338 499 2397 esse
517 2310 612 2426 ,qui
639 2320 819 2424 possum?
844 2317 928 2400 Vos
955 2313 1133 2428 equidem
1157 2311 1263 2399 initio
1280 2314 1363 2399 satis
1379 2308 1462 2398 fore
1488 2340 1589 2401 con·

137 2453 264 2517 tentos
288 2430 500 2545 putabam,
516 2428 545 2513 si
561 2490 573 2534 ,
589 2429 686 2543 quid
710 2431 783 2514 hac
806 2430 846 2515 in
867 2460 909 2517 re
934 2432 1136 2536 sentirem,
1166 2430 1319 2545 simplici
1348 2430 1522 2516 oratione
1546 2458 1587 2518 et

135 2547 346 2637 domestico
366 2574 542 2642 sermone
558 2545 804 2633 declararem.
818 2548 927 2646 Quid
949 2576 1052 2635 nunc
1075 2547 1218 2636 malum
1234 2550 1285 2636 ad
1302 2549 1392 2634 istas
1403 2576 1464 2634 me
1479 2549 1588 2636 subti

136 2662 191 2752 les
205 2666 516 2782 philosophorum
531 2665 695 2782 argutias
710 2667 895 2753 revocatis
911 2667 1119 2754 tardumet
1147 2667 1323 2754 hebetem
1338 2665 1559 2757 bominem?

214 2787 321 2870 XXI.
340 2819 347 2831 ’
380 2787 463 2901 Jac.
488 2787 585 2870 Non
607 2807 651 2868 ut
673 2807 922 2892 certaremus,
937 2785 1106 2872 Gonsale
1120 2847 1133 2891 ,
1149 2814 1217 2891 ea,
1232 2812 1333 2900 quae
1353 2783 1464 2897 objici
1478 2813 1587 2899 posse

133 2899 362 2989 uidebantur
376 2963 389 3008 ,
404 2901 810 3010 commemoravimus,
828 2905 895 2991 sed
910 2930 956 2990 ut
977 2903 1316 2991 contradicentibus
1330 2903 1424 3018 quid
1438 2930 1585 3017 respon·

133 3016 227 3104 ¹dere
253 3019 461 3137 possimus,
486 3020 665 3138 ingenio,
693 3051 766 3107 usu
792 3022 1046 3139 sapientiaque
1067 3046 1135 3109 tua
1160 3020 1430 3108 edoceremur:
1447 3021 1585 3137 quibus

99 3146 102 3150 ’
133 3137 248 3225 rebus
275 3163 355 3226 tam
378 3167 467 3256 egre
494 3138 526 3223 ie
552 3138 717 3225 munitus
751 3167 818 3245 es,
842 3165 888 3226 ut
924 3169 1042 3226 nemo
1068 3164 1109 3229 te
1139 3139 1258 3256 magis
1285 3137 1324 3252 in
1350 3167 1442 3252 pace
1472 3140 1523 3226 ad
1539 3170 1584 3226 o:-

132 3284 240 3343 mnes
255 3256 411 3346 virtutes
427 3168 493 3345 vei
512 3252 723 3376 frangendas
739 3257 801 3345 vel
828 3257 1063 3375 explicandas
1080 3285 1226 3372 ,quam
1241 3255 1281 3342 in
1295 3255 1395 3344 bello
1409 3256 1460 3343 ad
1477 3257 1584 3345 dimi·-

130 3375 298 3463 candum
318 3375 501 3463 inermem
531 3401 599 3464 aut
624 3376 848 3491 imparatum
868 3378 992 3466 valeat
1018 3373 1211 3463 offendere
1224 3438 1248 3461 .
1263 3374 1397 3471 Quare
1421 3375 1499 3461 noli
1513 3375 1582 3461 ista

133 3492 269 3580 virium
292 3493 555 3581 extenuatione
573 3518 658 3582 tam
683 3494 885 3582 honestum
916 3519 956 3582 et
985 3494 1504 3610 nobisperoptatummmrus
1520 3493 1581 3578 do

134 3606 291 3727 sugere.
319 3618 427 3700 Gon.
465 3610 640 3720 faciam,
664 3611 755 3730 quia
784 3613 946 3731 rogatis.
970 3609 1087 3698 Nefas
1114 3613 1216 3697 enim
1246 3613 1348 3698 duco
1373 3609 1578 3716 merobis,

134 3755 318 3843 quorum¹
336 3731 495 3818 alterum
511 3730 573 3816 dili
601 3761 628 3816 0
656 3755 701 3818 ut
726 3728 878 3818 fratrem
894 3792 907 3837 ,
923 3729 1082 3818 alterum
1103 3754 1150 3816 ut
1173 3729 1298 3816 filium
1328 3758 1447 3833 amo,
1470 3726 1583 3843 quia·

132 3873 253 3963 quam
272 3877 410 3966 negare
429 3761 672 3965 rogandus.
694 3850 833 3949 vModo
855 3848 1091 3939 memineritis
1118 3847 1316 3966 negotium
1339 3877 1364 3932 a
1385 3874 1449 3932 me
1462 3874 1582 3932 causa

129 3992 257 4055 vestra
271 4026 287 4074 ,
302 3996 394 4059 non>
400 3989 535 4083 sponte
559 3995 645 4053 mea
664 3966 774 4054 luisse
798 3994 1009 4084 susceptum
1025 4032 1036 4055 .
1069 3966 1179 4053 Ursi
1202 3996 1280 4083 qua
1295 3977 1407 4053 etum
1419 4006 1433 4071 ,
1447 3989 1493 4051 ut
1507 3977 1582 4053 cen

130 4103 170 4166 te
187 4087 304 4174 muita
328 4110 441 4172 erunt
455 4146 469 4192 ,
483 4115 509 4170 a
522 4115 586 4171 me
607 4086 732 4204 inepte
753 4114 799 4173 ac
822 4088 1078 4202 imprudenter
1091 4084 1189 4173 dicta
1205 4145 1219 4190 ,
1235 4114 1319 4169 eam
1335 4083 1487 4198 culpam·
1499 4110 1580 4169 non

131 4228 238 4289 meae
255 4202 494 4308 temeritati,
519 4207 586 4293 sed
609 4204 784 4322 iniquioti
809 4206 958 4324 rogatui
981 4230 1107 4294 vestro
1130 4201 1338 4318 assignetis.
1364 4207 1406 4287 N
1454 4229 1503 4286 ue
1520 4228 1580 4287 uo

131 4342 180 4404 ro
210 4351 280 4407 vos
305 4321 395 4410 illud
421 4349 611 4430 moveat,
642 4324 751 4440 quod
774 4326 931 4440 quidam
956 4350 1126 4410 auctores
1138 4322 1187 4407 de
1201 4231 1481 4407 contemnerida
1495 4319 1578 4437 glo·

128 4436 183 4522 ria
197 4440 456 4554 scripsenmt:
478 4470 567 4529 nam
589 4466 630 4528 et
659 4443 846 4560 quosdam
869 4442 984 4541 audio
1012 4466 1219 4556 quartanae
1236 4499 1248 4545 ,
1265 4438 1357 4527 alios
1387 4437 1579 4528 adulterae

126 4555 329 4661 Helenae3
354 4556 545 4648 facetiores
562 4589 711 4648 muscae
738 4561 867 4650 laudes
892 4561 1096 4675 scripsisse.
1128 4558 1192 4647 Ad
1207 4587 1393 4645 summam
1419 4555 1509 4643 nihil
1522 4579 1579 4643 est

125 4699 153 4756 a
174 4676 370 4762 communi
401 4678 601 4765 hominum
629 4707 739 4767 sensu
766 4704 917 4767 tantum
947 4680 1178 4784 abhorrens,
1204 4678 1315 4794 quod
1339 4675 1397 4762 isti
1426 4702 1580 4762 suarum
1874 4781 1878 4785 ἢ

123 4795 357 4911 argutiarum
386 4798 588 4917 praestigiis
611 4824 692 4884 non
721 4822 1014 4917 persequantur.
1042 4797 1117 4884 Sed
1139 4796 1207 4913 qui
1234 4796 1285 4883 de
1299 4794 1579 4881 contemnenda
1593 4785 1774 4908 „ffjcslfsslfilg

127 4909 246 5031 gloria
275 4915 391 5003 libros
416 4917 730 5034 sctipaetunt,iis
758 4946 808 5006 eo
838 4917 992 5005 minime
1028 4915 1261 5009 credendum
1286 4909 1748 5031 est,qu0n12m“¹⁸¹¹¹¹¹‘¹¹“·

137 5076 140 5090 ·
857 5039 958 5128 Cca
1115 5128 1122 5133 ,
1539 5029 1587 5123 'u-
