4034 5858
520 384 589 461 ,q
995 354 1430 429 nauocnnras

420 489 442 522 ·’
495 489 613 578 ribus
631 516 670 576 et
697 479 920 602 plerunque
943 479 1140 586 maximis,
1175 508 1274 595 quae
1301 482 1380 566 sine
1405 477 1626 570 difficultate
1655 484 1945 600 perpetrantur,

497 638 569 696 nec
595 631 763 725 respectu
793 601 979 721 religionis
996 662 1009 705 ,
1026 627 1097 685 nec
1123 628 1255 685 amore
1284 600 1429 687 virtutis
1447 601 1680 708 cohibetur,
1710 604 1771 687 hic
1800 633 1870 689 cur
1893 600 1948 688 of·

497 726 584 814 ficio
603 753 669 815 aut
694 723 871 842 religione
893 721 1065 808 credatur
1085 718 1336 833 apericulosis
1360 744 1399 805 et
1422 716 1628 823 difficilibus
1651 723 1813 838 peccatis
1839 722 1946 808 absti-

499 855 617 933 nere?
644 875 694 933 et.
706 873 786 929 non
801 842 944 929 timore·
957 839 1083 955 potius
1106 861 1146 923 et
1167 837 1344 955 ignavia?
1368 837 1521 952 lnjurias·
1540 839 1652 956 igitur
1676 842 1851 956 persequi
1864 869 1946 928 mm

499 966 666 1082 religioni
687 961 918 1050 Christianae
935 984 1047 1066 ,tum
1062 956 1351 1064 etiamvirmi,
1365 986 1474 1074 quae*
1488 956 1779 1075 magnanimitas
1802 958 1944 1065 dtinu,

498 1084 729 1170 contrarium
751 1106 839 1184 est·,
867 1078 935 1164 sed
962 1076 1074 1164 stulta
1100 1075 1394 1192 vulgitmilitaris
1424 1077 1604 1194 opirrlone
1629 1072 1775 1162 facturn
1807 1103 1884 1185 est,
1899 1102 1945 1163 ut

498 1202 538 1287 id
559 1203 683 1320 ²vulgo
706 1225 858 1317 putetur
882 1197 933 1282 ad
960 1196 1112 1281 laudem
1141 1195 1337 1280 militarem
1361 1195 1547 1310 pertinere
1563 1257 1576 1301 ,
1591 1196 1700 1282 bonis
1726 1220 1768 1282 et
1791 1197 1945 1311 pruden·

499 1321 598 1406 tibus
623 1323 738 1436 longe
769 1317 874 1403 aliter
904 1313 1170 1428 judicantibus.
1200 1313 1274 1399 Sed
1306 1343 1395 1399 cum
1417 1313 1619 1400 adulterari
1637 1376 1651 1423 ,
1667 1313 1868 1401 hominem
1895 1314 1945 1401 in·

500 1466 703 1526 nocentem
727 1465 793 1553 per
809 1434 1053 1522 occasionem·
1071 1431 1271 1539 occidere,
1286 1432 1459 1549 spoliate
1473 1434 1688 1540 tenuiores,
1704 1458 1742 1519 et
1769 1459 1895 1520 cetera
1910 1430 1945 1520 id

499 1586 619 1673 genus
644 1555 784 1674 flagitia
814 1554 1005 1671 perspicue
1035 1550 1109 1637 sint
1135 1554 1270 1649 contra¹
1298 1550 1476 1640 uirtutem
1502 1548 1785 1668 ersteligionem
1803 1553 1874 1658 ,in
1890 1580 1946 1637 ea·

530 1705 579 1761 ue
605 1678 808 1762 cernantur
836 1672 1003 1789 plerique
1031 1668 1161 1754 milites
1189 1667 1273 1755 ferri
1303 1671 1547 1785 praecipites,
1563 1670 1669 1756 nullo
1703 1671 1777 1756 nec
1805 1670 1946 1756 virmu

500 1705 638 1901 deno,
662 1798 732 1880 nee
759 1790 945 1908 religionis
977 1787 1153 1874 retardati
1170 1817 1180 1871 :
1198 1790 1275 1894 eur
1292 1788 1423 1874 talium
1446 1787 1646 1906 quisquam
1667 1788 1800 1875 virtuti
1816 1818 1860 1873 ac
1873 1789 1945 1903 pie·

500 1912 569 1997 tati
596 1914 732 2000 servire
761 1933 943 2026 putetur,
972 1911 1061 1992 cum
1092 1905 1275 1995 lacessitus
1301 1903 1373 1993 fert
1399 1905 1550 2018 injurias
1579 1906 1883 1992 dissinulamer?
1912 1929 1947 1992 et

500 2057 590 2128 oon
611 2031 754 2145 potius
772 2026 924 2133 ultionis
954 2021 1231 2111 difficultatibus
1265 2048 1305 2109 et
1336 2025 1495 2142 ignavia.
1515 2024 1722 2110 deterreri?
1750 2024 1948 2141 Fingamus

502 2149 603 2232 dnlr'n
627 2149 777 2245 aninlo»
789 2143 1121 2260 bonumzaliquem
1146 2140 1440 2259 perfectamque·
1454 2141 1642 2256 militem(
1659 2144 1745 2226 nam
1765 2143 1948 2227 talemin

501 2267 642 2370 venire
656 2267 881 2354 rarissimum
904 2257 1335 2379 esrlquirpla'ne‘fortis
1359 2263 1405 2350 sit
1424 2286 1468 2348 ‘et
1490 2291 1531 2348 re
1556 2257 1661 2348 uera·
1674 2260 1947 2376 magnanimus,

501 2383 607 2469 nullo
630 2415 669 2472 se
692 2383 826 2471 scelere
853 2380 1175 2469 contaminantem
1189 2380 1291 2487 ,sed
1318 2380 1482 2467 smdiose
1514 2380 1738 2467 servientem
1762 2377 1898 2464 virtuti·
1911 2401 1950 2464 et

500 2503 697 2619 religioni,
720 2502 954 2615 solidamque
976 2498 1138 2614 gloriam
1159 2501 1442 2588 consecrantem
1458 2560 1470 2605 ,
1486 2498 1554 2612 qui
1573 2496 1785 2612 praebuerit
1809 2525 1947 2613 magna

500 2645 540 2722 et
561 2622 660 2707 clara
690 2645 735 2705 ut
765 2619 928 2705 militatis
944 2618 1034 2724 ,sie
1052 2616 1207 2703 aliarum
1225 2614 1421 2705 :virtutum
1444 2614 1704 2722 documenta,
1719 2639 1762 2701 et
1778 2616 1883 2700 hunc
1897 2614 1947 2698 fa·

501 2738 641 2829 ciamus
671 2738 840 2852 injuriam
869 2732 1194 2851 lorteaocept'am
1210 2735 1306 2821 male
1325 2731 1385 2822 &de
1417 2765 1457 2822 se
1483 2734 1617 2826 merito
1642 2735 1788 2821 virtutis
1807 2761 1854 2818 ac
1878 2732 1950 2847 pie

500 2856 717 2942 tatiscam
746 2854 958 2941 remittere:
972 2853 1056 2969 quis
1082 2878 1143 2940 tot
1158 2878 1437 2970 tantarumque
1470 2848 1652 2941 virtutum
1666 2850 1850 2972 memor,
1869 2852 1948 2934 hu·

500 2972 556 3085 jus
586 2975 728 3089 optime
738 3009 749 3049 .·
760 2974 980 3090 magnoque
1006 2970 1134 3057 animo
1162 2970 1310 3060 factum
1328 2975 1374 3057 in
1391 2973 1589 3060 diversam·
1603 2995 1760 3090 partem*
1774 2970 1951 3084 interpre-

502 3092 672 3178 rabitur?
693 3090 916 3178 AtaMulti
938 3089 1091 3175 fortasse
1120 3090 1275 3177 milites.
1309 3098 1408 3180 Dru.
1428 3086 1559 3179 Credo
1576 3090 1696 3208 ,quia
1723 3088 1835 3173 multi
1864 3087 1949 3174 stul·

502 3207 532 3293 ti
559 3235 674 3316 suut,
692 3233 735 3296 et
756 3235 901 3295 rectum
931 3208 1107 3321 judicium
1122 3208 1256 3322 ‘pravis
1278 3236 1319 3302 et
1338 3211 1511 3297 moribus
1532 3233 1573 3295 et
1596 3207 1841 3324 opirionibus
1867 3234 1947 3291 cor·

416 3351 418 3355 ’
501 3332 635 3442 rupere
652 3359 668 3412 :¹
679 3402 681 3405 .
693 3328 810 3414 nemo
820 3360 824 3367 ·
834 3351 965 3413 tamen
992 3328 1117 3429 bonus
1133 3352 1278 3432 ,nemo
1304 3321 1469 3444 prudens
1493 3353 1592 3415 recte
1608 3324 1753 3414 factm
1769 3327 1854 3411 non
1871 3343 1948 3439 pro

500 3444 605 3530 babit
620 3479 629 3530 ε
647 3473 892 3565 quamquam
907 3442 1197 3567 magnarium,
1222 3470 1272 3532 utx
1290 3443 1400 3563 saepe
1414 3448 1584 3533 *diximus
1601 3509 1614 3553 ,
1633 3439 1831 3560 duml‘ipse
1854 3464 1948 3526 recte

339 3599 341 3606 ·
362 3558 370 3573 '
482 3558 610 3651 -faciat
627 3602 639 3671 ,
656 3564 750 3682 quid
764 3562 936 3650 homines
950 3559 1185 3678 loquantur,
1203 3593 1336 3680 parum
1359 3566 1534 3671 laborat,
1553 3561 1754 3652 stultorum
1771 3559 1949 3676 juditium

501 3684 650 3796 penitus
673 3705 950 3770 contemnens
982 3685 1071 3768 Aua.
1094 3687 1174 3769 lsto
1202 3683 1313 3801 igitur
1344 3686 1465 3770 modo
1487 3685 1581 3799 quid
1605 3685 1733 3772 obstat
1749 3743 1762 3788 ,
1779 3711 1868 3798 quo
1881 3678 1950 3764 mi·

503 3828 575 3887 nus
587 3801 701 3900 miles
724 3800 860 3917 aliquis
877 3796 1027 3912 ‚euml
1041 3800 1129 3885 ante
1147 3826 1240 3919 acra
1269 3803 1348 3889 vita
1380 3801 1605 3906 latrociniis,
1622 3800 1811 3888 adulteriis
1832 3797 1951 3885 homi·

502 3918 681 4036 cidiisque
707 3914 1022 4024 fuerit-foedata,
1039 3919 1154 4035 possit
1178 3920 1232 4006 ad
1256 3921 1371 4008 breve
1399 3916 1732 4036 receptasanirite
1758 3918 1954 4034 ‘poeniren-

434 4146 436 4150 ι
502 4036 789 4153 riaquodutnu
819 4036 989 4151 injuriam
1016 4032 1136 4123 causa
1149 4032 1293 4152 pietatis
1321 4037 1470 4126 inimico
1493 4033 1742 4144 condonare,
1758 4062 1796 4122 er
1810 4028 1952 4120 'sicol-

501 4153 588 4241 licio
605 4153 710 4284 fungi
734 4154 826 4241 boni
854 4155 976 4239 militis
997 4178 1036 4238 et
1059 4154 1286 4242 Christiani?
1316 4161 1417 4243 Dan.
1446 4152 1555 4244 Nihil
1577 4153 1739 4243 omnino
1760 4149 1950 4273 prohibet.

502 4274 606 4356 Nam
627 4298 670 4358 et
695 4271 1015 4360 mendacissimum
1029 4300 1221 4389 quemque
1244 4274 1326 4362 lieet
1350 4271 1557 4391 aliquando
1573 4305 1707 4363 verum
1724 4275 1872 4364 dicere:
1889 4276 1950 4362 sed

367 4427 382 4441 ¹
502 4390 826 4513 quemadmodum
843 4391 936 4480 huie
964 4393 1060 4480 vera·
1080 4391 1217 4479 dicenti
1244 4395 1294 4477 ab
1315 4394 1355 4479 iis
1386 4422 1467 4480 non
1499 4389 1692 4503 creditur,
1722 4395 1865 4511 quibus
1896 4423 1949 4480 re·

361 4568 363 4579 ‚
483 4508 605 4638 -liqua
630 4506 1193 4623 ipsiusuanirasestnora³1sic
1214 4511 1311 4597 illius-
1334 4510 1501 4599 animum
1523 4544 1638 4601 nemo
1653 4516 1797 4632 probat
1815 4577 1828 4623 ,
1845 4513 1946 4624 nein

329 4698 367 4713 ,
447 4667 451 4742 Ι·
502 4653 602 4714 recte
616 4627 780 4755 quidem
806 4614 908 4752 lacto
924 4660 939 4734 ,¹
951 4629 1018 4745 qui
1047 4629 1206 4746 pravam
1232 4627 1325 4717 illius
1350 4638 1516 4721 mentem
1539 4630 1649 4721 fuerit
1677 4626 1817 4751 eeteris'
1836 4635 1948 4722 inre-

336 4733 343 4776 ³
505 4746 795 4860 busexperttu.
1718 4810 1719 4813 a

515 4873 519 4880 ’
562 4865 723 4958 ΧΧΧΗ.
781 4866 817 4954 si
842 4892 976 4958 verum
1005 4895 1097 4986 ergo
1121 4869 1364 4987 quaerimus,
1386 4867 1542 4960 Allonse
1559 4933 1571 4982 ,
1589 4868 1751 4962 militaris
1778 4872 1952 4990 istaque

495 5037 500 5045 .
1684 5038 1729 5054 ,,
1892 5017 1957 5077 re.
