4006 5850
671 360 1014 432 LIBERII·
1182 380 1183 383 ’
1469 385 1536 453 451

126 491 226 580 labit.
259 490 380 588 Quod
395 517 528 576 verum
545 515 718 574 essenon
741 512 892 601 potest,
917 485 943 569 si
971 481 1110 569 nullam
1126 484 1165 569 id
1189 488 1349 600 patiatur
1378 487 1560 601 interpre-
1684 480 1689 491 ‘

122 614 332 714 tationem,
360 637 460 724 quae
484 613 717 716 dispensatio
744 637 766 689 a
792 604 976 720 theologis
1005 627 1243 715 nuncupatur
1260 667 1272 709 ,
1289 633 1454 719 quorum
1470 606 1558 689 alio

120 730 184 841 qui
202 729 411 842 complures
428 786 440 829 ,
457 749 497 810 et
516 727 553 808 in
570 724 693 837 primis
726 723 781 807 vir
798 725 997 807 acerrimo
1020 720 1172 836 ingenio
1201 725 1363 825 Scotus,
1386 733 1556 840 negant,
1589 768 1754 828 wentam

120 873 316 958 praecepta
333 845 518 928 secundae
534 842 682 928 tabulae
699 842 799 955 leges
816 870 893 925 esse
925 866 1081 924 naturae
1099 899 1111 942 ,
1138 868 1238 952 quae
1253 839 1401 953 proprie
1428 841 1559 926 intelli-

118 975 287 1077 gantur:
312 962 411 1046 cadit
423 959 533 1076 igitur
560 960 597 1045 in
622 988 667 1044 ea
684 959 919 1072 dispensatio.
956 959 1028 1043 Sed
1056 985 1192 1071 urgent
1209 957 1322 1042 etiam
1351 987 1453 1043 nunc
1477 989 1558 1074 spe-

115 1079 269 1164 ciosius:
296 1082 351 1164 Ut
366 1078 423 1162 lex
439 1076 561 1191 aliqua
573 1074 733 1180 feratur,
755 1106 853 1190 quae
871 1106 949 1160 non
964 1075 1140 1160 omnibus
1156 1075 1321 1187 personis
1346 1100 1385 1160 et
1400 1100 1553 1190 tempo-

117 1196 217 1281 ribus
233 1195 464 1297 conveniat,
484 1224 563 1278 non
582 1220 707 1308 potest
724 1193 789 1277 nisi
818 1193 1031 1311 legislatoris
1053 1192 1376 1304 vel'imprudentia
1394 1193 1459 1278 vel
1470 1225 1556 1279 ma-

114 1312 190 1398 litia
204 1313 422 1428 contingere
442 1344 450 1396 :
469 1313 534 1396 has
551 1317 679 1410 autem
696 1311 818 1397 dicere
834 1311 871 1394 in
898 1316 1025 1396 Deum
1048 1336 1086 1395 et
1113 1335 1285 1394 naturam
1305 1311 1438 1396 cadere
1453 1309 1555 1400 nefas

115 1456 196 1515 est:
229 1431 329 1514 nulla
345 1454 401 1515 est
419 1430 529 1544 igitur
554 1430 611 1514 lex
628 1429 802 1514 naturalis
822 1455 861 1513 et
887 1430 1013 1516 divina
1033 1489 1045 1531 ,
1070 1456 1170 1543 quae
1196 1428 1481 1541 exceptionem,
1510 1462 1555 1517 ac

109 1547 273 1660 proinde
291 1547 601 1661 dispensationem
621 1547 793 1660 patiatur.
812 1550 901 1630 Hoc
915 1571 1180 1662 argumentum
1196 1545 1233 1627 in
1251 1575 1299 1629 eo
1314 1543 1429 1652 fallit,
1444 1550 1553 1662 quod
1579 1529 1591 1553 ’

69 1713 75 1724 ,
113 1694 185 1777 pro
200 1693 292 1750 veto
305 1665 417 1748 sumit
440 1664 479 1748 id
495 1664 605 1777 quod
620 1691 676 1748 est
691 1663 797 1748 haud
824 1663 936 1749 dubie
961 1663 1123 1768 talsum,
1147 1662 1311 1747 accidere
1327 1692 1407 1748 non
1432 1690 1583 1778 posse,

115 1783 182 1865 nisi
198 1781 308 1894 culpa
323 1780 562 1896 legislatoris,
592 1808 640 1864 ne
656 1780 715 1866 lex
729 1781 869 1866 cunctis
883 1782 1047 1895 personis
1083 1806 1121 1865 et
1146 1781 1376 1893 temporibus
1403 1784 1553 1885 serviat.

110 1903 219 1983 Nam
232 1897 315 1984 licet
330 1897 518 1983 interdum
535 1896 645 2011 culpa
661 1898 873 2015 legislatoris
889 1897 976 2004 fiat,
1002 1923 1045 1983 ut
1070 1898 1108 1980 in
1137 1896 1218 2011 lege
1242 1896 1414 2011 iniquitas
1430 1899 1554 2014 aliqua

119 2040 303 2120 notetur,
339 2016 548 2128 complures
564 2040 694 2100 tamen
710 2019 809 2133 leges
826 2041 914 2101 sunt
951 2043 989 2101 et
1004 2014 1240 2127 iustissimae,
1270 2040 1309 2100 et
1335 2046 1480 2100 summa
1497 2018 1554 2101 le-

113 2133 292 2249 gislatoris
309 2134 484 2246 sapientia
497 2132 672 2219 conditae
689 2195 702 2238 ,
731 2161 892 2248 quarum
908 2134 1093 2219 rectitudo
1107 2132 1296 2215 interdum
1311 2131 1552 2239 desideratur,
1585 2240 1587 2245 Α

112 2252 166 2335 ob
181 2280 336 2353 rerum,
362 2250 400 2333 in
429 2252 564 2365 quibus
589 2276 787 2356 versatur,
819 2250 1077 2337 conditionem
1103 2248 1244 2335 vatiam
1272 2274 1311 2334 et
1341 2252 1553 2336 inconstan-

115 2392 210 2451 tem.
242 2368 337 2463 Quo
353 2365 391 2449 in
406 2364 493 2451 loco
510 2366 723 2454 Aristoteles
740 2394 795 2454 est
817 2368 990 2482 magister
1015 2365 1282 2469 adhibendus,
1309 2367 1412 2479 cujus
1436 2370 1552 2455 verba

113 2511 160 2567 ex
175 2481 309 2597 quinto
326 2481 553 2569 Ethicorum
569 2481 665 2567 libro
693 2515 773 2571 non
790 2488 977 2604 gravabor
1008 2509 1232 2599 apponere,
1265 2507 1353 2568 sunt
1377 2483 1476 2569 enim
1501 2487 1552 2573 ad

113 2598 213 2684 hanc
229 2601 487 2714 quaestionem
504 2602 900 2689 accommodatissima.
1335 2609 1338 2614 ’
1386 2606 1392 2616 ’

173 2721 317 2804 XXIV.
377 2720 481 2801 Nam
494 2747 575 2801 cam
586 2724 651 2801 lea
668 2778 681 2824 ,
697 2719 849 2834 inquit,
870 2726 986 2806 amnis
1003 2725 1232 2805 universalis
1243 2726 1297 2805 sit
1315 2777 1329 2821 ,
1346 2733 1466 2802 tamen
1476 2718 1553 2817 fie-

114 2842 153 2918 ri
167 2862 235 2920 non
244 2852 368 2943 potest
384 2893 414 2941 ,.
431 2851 474 2918 nt
488 2841 535 2919 de
556 2839 775 2944 quibasdam
797 2854 899 2922 recte
914 2847 953 2921 in
975 2848 1189 2921 nniversam
1216 2853 1417 2923 statuatur.
1452 2839 1552 2944 ,Qni-

113 2954 183 3034 bus
199 2961 319 3061 igitar
334 2961 374 3034 in
390 2955 502 3036 rebus
516 2962 556 3036 in
581 2962 797 3039 nniversam
813 2970 980 3039 statuere
1005 2982 1150 3042 natasse
1164 2972 1251 3060 est,
1278 2980 1345 3037 nec
1362 2953 1458 3053 fieri
1465 2972 1552 3062 pot-

112 3084 171 3151 est
186 3127 200 3173 ,
217 3085 258 3153 at
272 3085 372 3153 recte
388 3079 447 3153 sia
463 3087 654 3156 statuatur
672 3099 686 3180 3
703 3081 825 3177 iniis,
843 3076 941 3181 qaod
949 3072 1256 3182 pleramqaefit,
1279 3079 1359 3179 lege
1376 3088 1548 3178 cavetur,

105 3203 386 3294 peccatannan
400 3197 618 3299 ignorante,
635 3205 672 3273 et
684 3186 795 3277 nihilo
810 3200 933 3274 secius
954 3206 1063 3276 recta
1079 3207 1155 3274 est:
1174 3217 1258 3272 nan
1274 3204 1467 3298 peccatam
1482 3218 1550 3274 nee

111 3311 152 3385 in
168 3300 248 3412 lege
264 3320 346 3409 est,
365 3333 430 3390 nec
443 3317 483 3390 in
497 3315 739 3417 legislatore,
760 3314 883 3393 sedin
898 3317 987 3416 ipsa
1002 3318 1061 3392 ret·
1078 3323 1240 3391 natura:
1262 3314 1437 3415 motinus
1451 3315 1547 3389 enim

111 3430 203 3505 talis
219 3440 278 3506 est
294 3451 419 3508 reram
433 3431 660 3535 agendarum
685 3436 856 3511 malain.
887 3428 999 3523 Quae
1013 3454 1100 3510 cum
1117 3455 1282 3510 summus
1304 3423 1548 3536 philosophus

113 3538 285 3644 dixisset,
315 3570 359 3625 ac
375 3542 553 3629 divinitus
581 3542 833 3648 disseruisset,
863 3572 911 3627 ne
928 3545 1076 3657 quidin
1103 3544 1172 3628 hac
1196 3542 1415 3658 quaestione
1441 3541 1549 3627 dubi-

112 3657 262 3742 tationis
291 3659 548 3773 relinqueret,
576 3661 778 3775 quomodo
801 3686 841 3746 et
868 3663 1026 3774 quando
1059 3661 1281 3775 dispensatio
1311 3657 1386 3743 lieri
1414 3657 1552 3762 debeat

21 3867 24 3869 1
112 3771 304 3880 edocens,
332 3776 411 3861 ait:
438 3779 529 3862 Cam
545 3785 666 3886 igitar
680 3784 743 3862 lest
770 3786 1039 3862 universaliter
1055 3787 1217 3886 loquitar
1244 3787 1283 3861 in
1312 3779 1421 3860 rebar
1439 3803 1550 3884 agen·

113 3894 205 3995 dis,
230 3909 270 3974 et
291 3900 492 4001 aliquisita
507 3905 563 3978 eis
579 3902 721 3979 accidit
738 3913 894 4005 praeter
916 3905 1127 3981 universale
1145 3959 1156 4001 ,
1180 3913 1273 3980 tana
1285 3910 1385 3977 recte
1401 3891 1480 3996 fit,
1498 3902 1548 3999 si,

112 4034 186 4111 aaa
197 4027 313 4119 parte
329 4020 522 4120 legislator
536 4021 804 4098 universaliter
826 4020 996 4121 laaaerrda
1030 4015 1205 4120 deficit,
1235 4012 1403 4118 defeatur
1433 4039 1551 4096 emen-

117 4129 248 4212 datar:
273 4137 371 4237 qaod
383 4136 466 4239 ipse
484 4158 621 4239 quoqne
636 4139 831 4241 legislator
847 4137 979 4237 dicat,
1008 4142 1046 4216 si
1062 4137 1166 4214 adsit
1181 4161 1194 4239 3
1207 4147 1257 4235 et,
1273 4138 1309 4213 si
1325 4137 1424 4214 sciat
1440 4190 1452 4231 ,
1469 4137 1548 4238 lege

117 4253 331 4332 constituat.
358 4251 487 4356 Atque
504 4252 594 4359 laea
609 4311 622 4356 ,
638 4250 761 4365 inquit
777 4308 791 4354 ,
807 4266 866 4332 est
882 4253 965 4334 bani
982 4264 1019 4332 et
1041 4258 1149 4356 aequi
1165 4265 1299 4331 natura
1318 4305 1330 4348 ,
1346 4252 1549 4331 emendatio
1602 4332 1604 4337 .

117 4366 289 4442 nimirum
315 4372 410 4473 legis
435 4392 539 4472 ,qna
557 4386 674 4475 parte
690 4367 819 4466 deficit
850 4369 894 4454 ab
918 4374 1144 4450 anniversale.
1176 4366 1352 4451 Potuitne
1383 4395 1549 4477 summus

117 4475 360 4591 philosophus
377 4481 658 4597 dispensationis
683 4510 882 4595 tempora,
901 4482 1161 4570 rectitudinem
1184 4544 1196 4589 ,
1213 4483 1461 4568 necessitatem
1480 4541 1493 4584 ,
1510 4509 1549 4568 et

117 4591 235 4705 ipsam
253 4598 358 4708 quasi
372 4627 543 4685 naturam
559 4603 718 4714 apertius
735 4602 911 4716 explicare
928 4612 940 4684 l
972 4601 1204 4715 Dispensatio
1219 4600 1319 4685 enim
1335 4601 1421 4683 nihil
1447 4602 1546 4687 aliud
1560 4595 1737 4719 qpitpensmo

117 4734 197 4814 est,
213 4740 329 4825 quam
346 4717 436 4801 boni
452 4744 492 4802 er
508 4718 619 4832 aequi
634 4747 721 4802 cum
739 4718 957 4804 auctoritate
978 4721 1176 4805 declaratio
1194 4749 1203 4801 :
1228 4718 1335 4833 quod
1351 4719 1547 4805 bonum'et

118 4855 285 4944 aequum
301 4835 541 4922 necessarium
558 4863 634 4921 esse
648 4835 760 4922 tradit
777 4898 790 4942 ,
806 4836 855 4924 ad
869 4837 1129 4952 temperandas
1145 4838 1244 4952 leges
1256 4836 1366 4922 etiam
1378 4859 1547 4942 naturae,

977 4953 1104 5040 1l12.
1451 4982 1551 5071 quae
