4006 5850
492 429 564 501 47⁰
783 407 851 477 DE
876 405 1010 477 FATO
1036 406 1101 476 ET
1120 405 1300 480 LIBERO
1324 405 1559 478 ausst‘rnto

468 561 514 620 ut
531 562 637 619 more
651 557 740 619 tuae
756 532 971 620 clarissimae
1001 530 1159 619 familiae
1176 563 1257 619 non
1283 534 1322 620 vi
1338 530 1402 619 fati
1422 595 1434 638 ,
1455 532 1520 618 sed
1543 528 1771 648 prudentia,
1807 524 1917 616 indu·

470 655 586 758 stria,
607 654 809 767 studioque
841 682 966 739 retum
996 654 1269 756 honestarum,
1302 653 1351 736 sic
1381 651 1551 737 videlicet
1582 658 1671 735 Deo
1704 675 1916 764 naturaque

470 770 644 876 volente,
663 773 718 856 res
747 773 930 855 humanas
959 796 1057 856 recte
1089 795 1128 856 et
1161 771 1318 886 pulchre
1345 769 1589 856 administrari
1620 792 1658 852 et
1694 792 1843 881 putes,
1876 792 1915 852 et

474 890 608 976 doceas
639 952 651 995 ,
685 917 945 1007 magnumque
974 889 1230 975 testimonium
1260 889 1361 975 dicas
1389 887 1568 978 adversus
1603 880 1760 971 fatalem
1789 914 1911 970 necet-

476 1032 636 1093 srtatem.

486 1157 493 1163 ¹·
533 1130 595 1210 lll.
655 1125 728 1211 Sed
745 1148 947 1240 antequam
966 1125 1014 1210 de
1033 1124 1073 1210 iis
1089 1125 1200 1210 rebus
1215 1124 1329 1229 dico,
1392 1153 1461 1209 uae
1477 1119 1648 1240 propriae
1677 1151 1815 1208 causae
1846 1123 1913 1208 hu-

474 1243 532 1358 jus
547 1261 624 1329 esse
641 1243 843 1348 videntur,
870 1272 950 1328 non
971 1244 1043 1328 erit
1060 1243 1253 1349 alienum,
1278 1240 1344 1358 qui
1363 1155 1461 1328 lons
1476 1268 1670 1329 tantorum
1702 1242 1916 1348 malorum,

476 1388 516 1447 et
528 1362 633 1477 quasi
646 1385 760 1476 caput
775 1360 977 1465 exstiterit,
998 1363 1164 1476 aperire,
1187 1360 1291 1447 etde
1309 1362 1527 1446 moribus'et
1558 1359 1752 1478 flagitiosis
1784 1361 1917 1444 artibus

478 1479 634 1565 Lutheri
654 1507 773 1593 pauca
788 1479 949 1565 breviter
973 1505 1296 1590 commemorare,
1329 1505 1372 1564 ut
1401 1508 1425 1561 a
1452 1478 1588 1592 quibus
1613 1477 1723 1562 initiis
1755 1475 1919 1591 profecta

479 1594 619 1682 nefaria
637 1596 870 1682 scelestissimi
893 1595 1053 1682 hominis
1071 1596 1217 1682 molitio
1236 1596 1331 1681 vires
1354 1596 1531 1711 paulatim
1557 1595 1749 1682 sumendo
1777 1624 1921 1710 proces-

480 1714 566 1799 serit
582 1778 594 1819 ,
609 1715 844 1838 intelligatur.
875 1717 972 1809 Quo
1000 1714 1151 1799 inloco
1167 1713 1259 1799 illud
1274 1742 1346 1827 pro
1375 1739 1573 1828 comperto
1599 1708 1723 1800 dicere
1741 1715 1920 1812 ¹audeoet

477 1859 691 1919 constanter
714 1830 897 1918 affirmare
913 1893 925 1935 ,
944 1832 1053 1946 quod
1073 1832 1209 1917 mirum
1234 1831 1395 1945 cuipiam
1418 1830 1572 1917 fortasse
1598 1828 1824 1935 videbitur,
1852 1855 1921 1916 stu·

479 1951 583 2037 dium
602 1951 837 2065 eloquentiae
871 1949 1219 2064 humaniorumque
1235 1949 1440 2035 litterarum
1464 1949 1664 2034 Germanis
1691 1947 1796 2034 hanc
1810 1948 1921 2064 pemi-

480 2069 715 2154 ciosissimam
734 2086 875 2183 pestem
892 2068 1079 2154 invexisse.
1113 2067 1236 2162 Quod
1253 2069 1372 2180 ipsum
1389 2066 1550 2152 Alberto
1564 2067 1631 2151 Pio
1648 2065 1813 2181 Principi
1827 2071 1922 2151 Car·

481 2186 586 2300 pensi
598 2185 795 2301 placerein
816 2185 948 2300 primis
964 2184 1242 2289 animadverti,
1271 2184 1332 2272 cui
1347 2184 1459 2288 viro,
1487 2184 1515 2268 si
1533 2184 1622 2268 mihi
1637 2184 1774 2269 credes
1786 2246 1797 2291 ,
1811 2183 1920 2268 nenti·
1973 2242 1979 2262 .

479 2302 573 2388 'nem
590 2302 700 2413 hujus
715 2303 844 2389 aetatis
869 2331 948 2388 non
965 2301 1051 2387 dico
1076 2301 1285 2416 Principum
1304 2360 1317 2409 ,
1336 2302 1401 2387 sed
1426 2300 1624 2386 hominum
1639 2361 1668 2418 ,u
1688 2300 1758 2388 vel
1785 2301 1922 2388 divinae

482 2445 522 2506 et
538 2422 727 2507 humanae
743 2421 999 2536 philosophiae
1016 2419 1258 2538 cognitione,
1276 2419 1339 2507 vel
1352 2419 1475 2505 omnis
1505 2418 1752 2505 humanitatis
1769 2419 1922 2534 pruden-

483 2538 563 2645 tia,
592 2564 631 2625 et
645 2567 716 2625 usu
732 2540 974 2653 plurimantm
1000 2566 1125 2623 rerum
1156 2559 1381 2651 antepones
1405 2537 1604 2633 Quamdiu
1636 2536 1743 2623 enim
1769 2543 1925 2623 Germa·

483 2656 545 2739 nia
562 2685 668 2742 more
690 2656 812 2770 patrio
833 2655 1063 2772 gravioribus
1079 2655 1271 2770 disciplinis
1301 2655 1473 2760 intenta,
1507 2655 1618 2740 rebus
1633 2683 1842 2770 rerumque
1866 2685 1922 2741 so·

471 2773 578 2858 'lidae
594 2771 802 2888 cognitioni
818 2834 829 2878 ,
847 2802 925 2856 non
943 2774 1148 2859 verborum
1168 2773 1268 2857 inani
1282 2771 1487 2887 garrulitati
1528 2800 1572 2857 ac
1611 2774 1796 2858 sermonis
1828 2772 1923 2857 leno·

484 2891 585 2974 ciniis
601 2890 801 2993 studebat,
820 2891 1093 3004 proveniebant
1116 2891 1153 2973 in
1169 2919 1214 2976 ea
1236 2889 1431 2976 acutissimi
1447 2888 1729 2997 mathematici,
1753 2890 1922 3005 perspica·

484 3035 545 3092 ces
562 3007 802 3124 philosophi,
831 3007 1002 3122 theologi
1018 3007 1247 3124 gravissimi,
1276 3007 1521 3093 honestissimi
1539 3068 1559 3112 ,a
1584 3006 1869 3124 religiosissimi:
1889 3030 1928 3092 ut

486 3153 567 3209 non
584 3126 708 3210 modo
724 3122 813 3210 sana
825 3125 1022 3229 doctrina,
1053 3124 1246 3210 sedetiam
1265 3125 1416 3240 optimis
1432 3125 1599 3212 moribus
1620 3152 1665 3209 ac
1682 3126 1862 3240 exemplis
1883 3124 1927 3209 ad

379 3275 386 3285 ·
487 3239 659 3327 homines
675 3243 949 3347 instituendos,
976 3267 1123 3331 erveta
1152 3241 1332 3358 religione
1361 3241 1588 3328 imbuendos
1613 3268 1740 3329 essent
1755 3242 1925 3330 instructi.

488 3362 625 3444 Postea
640 3388 862 3474 veroquam
880 3359 934 3443 his
951 3359 1102 3474 optimis
1118 3358 1311 3471 disciplinis
1325 3359 1468 3464 relictis,
1485 3383 1665 3474 coeptum
1677 3384 1739 3447 est
1754 3392 1777 3446 a
1793 3361 1926 3448 levicu-

490 3475 531 3561 lis
550 3477 778 3592 quibusdam
807 3476 1023 3562 hominibus
1042 3476 1164 3563 latini
1195 3474 1406 3592 Graecique
1421 3476 1601 3563 sermonis
1624 3478 1866 3596 cognitioni,
1889 3503 1929 3561 ac

467 3624 470 3629 ⁴
492 3593 638 3680 dicendi
653 3591 819 3678 facultati
844 3596 1048 3682 accuratius
1063 3593 1276 3710 indulgeri,
1304 3622 1511 3708 provenere
1531 3590 1870 3712 malo'pravoque
1883 3595 1930 3679 in

494 3711 605 3827 genio
620 3711 774 3824 quidam
793 3712 891 3826 ,qui
920 3712 1186 3799 maledicorum
1214 3712 1491 3827 impiorumque
1507 3712 1734 3827 scriptorum
1749 3740 1931 3800 commer·

494 3828 558 3912 cio¹
569 3824 673 3913 facile
688 3856 843 3913 omnem
865 3829 1093 3944 impietatem
1119 3829 1368 3944 caninamque
1384 3830 1679 3916 maledicentiam
1702 3833 1928 3935 imbiberent,

465 3946 473 3961 '
495 3974 608 4060 seque
619 3947 669 4030 ad
695 3947 1016 4060 morumpessima
1039 3975 1216 4064 quaeque
1238 3947 1327 4034 vitia
1352 3947 1474 4034 multo
1492 3947 1606 4034 etiam
1633 3950 1756 4066 magis
1783 3976 1927 4063 ,quam

495 4063 545 4148 ad
573 4061 808 4178 eloquentiae
830 4063 984 4150 virtutes
1011 4065 1149 4157 dociles
1176 4065 1412 4151 exhiberent.
1458 4064 1590 4182 ltaque
1617 4066 1931 4154 nonhomiuum

496 4204 667 4276 tantum,
696 4179 888 4266 sedetiam
913 4182 986 4266 Dei
1017 4206 1270 4268 contemtores
1287 4180 1438 4290 effecti,
1459 4183 1857 4302 quantulamcumque
1883 4184 1932 4271 di·

496 4299 603 4383 cendi
616 4294 831 4382 facultatem
847 4322 1185 4412 comparaverant,
1218 4301 1290 4386 hac
1305 4302 1354 4387 ad
1371 4329 1527 4388 omnem
1550 4301 1774 4421 religionem
1796 4301 1931 4389 ¹tollen·

487 4412 588 4497 ‘dam
606 4415 710 4498 abuti
733 4441 962 4528 coeperunt:
989 4447 1155 4532 quorum
1171 4419 1303 4533 partim
1318 4419 1473 4532 jactatae
1488 4448 1626 4526 voces,
1648 4414 1789 4537 partim
1808 4421 1929 4537 suipra

490 4530 548 4615 sic
564 4534 778 4616 Germanae
794 4533 980 4645 juventuti
1002 4536 1147 4621 latitans
1164 4564 1353 4623 venenum
1369 4535 1649 4644 infundebant,
1671 4561 1729 4625 ut
1754 4538 1927 4654 paularim

498 4672 696 4763 corruptos
723 4649 867 4733 animos
897 4650 948 4735 ad
978 4653 1092 4738 scelus
1109 4654 1303 4768 impietatis
1325 4656 1930 4772 concipiendumcommodissirne

497 4767 805 4884 praeparaverint.
839 4768 971 4882 Atque
996 4769 1071 4855 hoc
1098 4772 1251 4887 quidem
1266 4799 1381 4888 caput
1400 4771 1502 4880 fuit,
1529 4775 1623 4893 haec
1638 4773 1764 4893 ,otigo
1784 4799 1936 4863 cuncto·

455 4923 456 4926 ¹
498 4886 590 4991 rum,
600 4883 811 4974 malorum:
844 4884 959 4973 scelus
975 4880 1145 4977 videlicet
1158 4914 1199 4978 et
1225 4893 1438 5010 arrogantia
1451 4893 1652 5012 impiorum
1674 4891 1932 5012 quorumdam

1896 5031 1930 5097 G
