4050 5858
328 461 330 463 >
370 424 476 496 seu
517 429 592 497 DE
632 425 1010 497 arcessunt
1046 430 1302 502 ctontn.
1444 459 1538 531 .197

119 550 327 640 stantissimi
349 580 492 668 magno
524 548 743 664 excelsoque
768 550 896 634 animo
913 550 1070 663 praediti
1087 612 1099 654 ,
1115 550 1266 638 tantum
1291 553 1411 641 abluit
1427 551 1499 662 ,ut
1526 590 1566 646 e·

121 668 280 781 jusmodi
296 673 455 753 mortem
479 666 729 752 calamitosam
748 689 945 779 putarent,
962 693 1005 751 ut
1022 665 1259 752 felicissimam
1278 672 1403 784 potius
1425 673 1564 785 judica·

122 786 271 890 verint,
296 785 436 899 quippe
468 813 585 898 quam
613 808 702 868 ante
734 782 850 868 vitam
878 810 1106 898 cunctasque
1137 814 1193 869 res
1222 786 1405 873 humanas
1437 790 1564 879 libenti

122 900 385 1016 constantique
411 899 538 985 animo
568 923 798 1014 posuerunt,
817 899 958 1012 idque,
973 901 1022 984 ne
1047 931 1070 984 a
1095 904 1290 1015 proposito
1306 904 1560 1017 discedamus,

120 1017 212 1105 nhil
240 1018 307 1102 sibi
331 1017 462 1122 aliud,
488 1017 563 1102 uisi·
583 1018 740 1132 gloriam
766 1040 1013 1129 aucupantes.

132 1215 155 1223 .,
181 1134 249 1220 ΧΙ.
310 1135 392 1246 Jac.
426 1135 572 1218 Faciam
592 1163 683 1220 vero
711 1133 819 1247 quod
841 1133 1042 1246 praecipis,
1057 1134 1224 1220 Gonsale
1240 1195 1253 1237 ,
1270 1161 1310 1221 et
1342 1134 1489 1225 divinos
1520 1134 1560 1228 il·

94 1323 96 1327 s
121 1247 181 1340 los
196 1250 295 1334 viros
311 1250 465 1362 posthac
494 1251 741 1366 gratulatione
772 1277 975 1363 prosequar
993 1311 1005 1354 ,
1022 1279 1101 1335 non
1130 1251 1376 1339 misericordia
1396 1286 1405 1338 ε
1425 1284 1564 1371 quam-

122 1394 243 1479 quam
266 1395 340 1480 ego
369 1395 456 1450 cum
489 1365 768 1480 deplorandam·
783 1364 1032 1448 calamitatem
1050 1367 1151 1470 dixi,
1169 1367 1415 1454 multitudinis
1430 1403 1567 1460 vocem

124 1495 271 1566 secutus
301 1512 412 1586 sum,
436 1510 533 1595 quae
560 1482 734 1568 videlicet
764 1479 901 1564 affectu
925 1482 1042 1595 magis
1061 1542 1074 1585 ,
1090 1487 1218 1598 'quam
1250 1485 1394 1571 ratione
1424 1488 1566 1596 ducta,

123 1596 321 1689 illiusmodi
348 1597 510 1684 mortem
534 1599 629 1683 solet
658 1597 903 1682 miserandam
926 1597 1112 1710 appellate
1130 1628 1142 1699 3
1158 1628 1240 1684 non
1254 1600 1362 1713 quod
1382 1631 1405 1686 a
1424 1631 1568 1690 senten·

124 1713 282 1809 tiastua
299 1714 566 1826 discreparem,
600 1715 743 1828 inqua
771 1742 914 1829 semper
942 1710 1025 1819 fui,
1051 1739 1090 1801 et
1119 1744 1232 1800 nuuc
1254 1718 1475 1805 auctoritate
1501 1749 1570 1809 tua

124 1830 278 1945 gaudeo
304 1829 540 1916 confirmari.
572 1878 573 1882 κ
1395 1866 1397 1868 ·
1570 1863 1573 1866 ·

184 1949 270 2030 Xll.
328 1950 450 2029 Gous.
489 1952 628 2061 Neque
651 1975 743 2035 vero
773 1951 813 2033 in
844 1948 965 2032 castris
997 1970 1145 2032 sannam
1173 1971 1214 2034 et
1239 1976 1286 2033 tev
1307 1948 1451 2036 militati
1476 1953 1571 2040 solet

125 2063 312 2176 appetitus
336 2061 477 2176 gloriae
503 2091 561 2146 tes
592 2064 766 2149 maximas
791 2063 895 2149 victis
912 2060 1187 2151 difficultatibus
1213 2063 1429 2172 conficere,
1449 2070 1512 2154 scd
1532 2071 1573 2156 in

126 2178 398 2266 omni'vittutis
417 2179 569 2281 studio,
594 2180 702 2292 quod
717 2196 805 2265 cum
827 2178 938 2264 laude
960 2179 1145 2295 ingenuos
1169 2180 1312 2266 animos
1327 2211 1495 2270 exercete
1511 2214 1574 2273 so··

124 2295 198 2381 let.
220 2298 444 2409 Numquam
466 2324 541 2411 ego
557 2325 646 2399 eos,
665 2296 732 2408 qui
752 2297 790 2380 in
806 2295 931 2381 studio
947 2295 1152 2381 litterarum
1172 2299 1330 2382 matu'me
1346 2296 1571 2410 floruerunt,

124 2416 369 2516 Homerum,
403 2416 620 2515 Socratem,
653 2411 881 2515 Platonem,
902 2410 1137 2496 Aristotelem
1162 2472 1174 2514 ,
1198 2414 1495 2501 Demosthenem
1526 2448 1573 2506 ex

125 2528 276 2617 Graecis
306 2527 356 2612 ad
384 2555 470 2612 eam
498 2529 701 2613 claritatem
720 2551 965 2641 perventuros
991 2525 1098 2611 fuisse
1127 2529 1345 2614 crediderim
1363 2592 1375 2635 ,
1391 2560 1471 2616 non
1494 2565 1573 2620 ma·

128 2645 185 2761 gis
204 2673 319 2759 quam
347 2672 394 2728 ex
425 2644 604 2759 Romanis
619 2647 695 2741 M.‘
718 2646 956 2746 Varronem,
980 2644 1203 2729 Ciceronem
1221 2705 1234 2749 ,
1249 2646 1471 2760 Virgilium,
1503 2651 1573 2735 Pli-

128 2761 234 2845 nium
252 2820 265 2865 ,
282 2784 347 2843 aut
379 2785 528 2846 nostrae
556 2759 714 2844 nationis
736 2759 1040 2864 Quintilianum,
1062 2759 1303 2865 Martialem,
1327 2764 1501 2869 Melam,
1519 2770 1573 2853 Si·

125 2877 246 2980 lium,
269 2876 444 2992 civesque
473 2901 621 2965 nostros
646 2875 876 2979 Galleones,
901 2879 1083 2978 Senecas,
1111 2883 1304 2962 Lucanum
1319 2937 1332 2981 ,
1346 2883 1572 2990 Avetroem,

125 2995 195 3080 nisi
219 3022 382 3079 summos
409 2993 581 3097 labores,
596 2992 775 3079 continua
799 2991 986 3106 pervigilia
1017 3020 1082 3104 spe
1107 3022 1188 3078 non
1218 2995 1403 3107 petiturae
1430 2997 1571 3113 gloriae

127 3111 354 3200 lenivissent.
383 3108 628 3210 Quodmulti
646 3108 838 3224 scriptores
863 3108 984 3194 testati
1008 3131 1095 3194 sunt
1112 3170 1124 3215 ,
1140 3133 1179 3195 et
1204 3109 1262 3196 ille
1277 3111 1316 3194 in
1332 3112 1455 3229 primis
1470 3175 1484 3224 ,
1500 3116 1566 3232 qui

124 3226 179 3315 ita
205 3223 356 3316 cecinit:
396 3248 400 3251 ·
521 3225 523 3227 ’
1232 3266 1236 3271 ·

340 3378 453 3484 Quid
475 3383 623 3474 petitur
644 3380 797 3470 sacris,
825 3379 910 3449 nisi
933 3387 1079 3450 tantum
1092 3372 1208 3467 fama
1221 3429 1231 3468 ,
1245 3375 1397 3472 po'e‘tisl
1582 3346 1722 3479 pevtqrpeu.
1735 3360 1764 3457 {3

328 3477 356 3551 ζ’
384 3482 473 3559 Hoc
498 3497 622 3557 votum
646 3485 769 3556 nostri
799 3497 939 3554 summa
968 3476 1114 3553 laboris
1137 3478 1262 3556 habet.
1408 3552 1411 3554 ,
1468 3496 1471 3498 ·
1581 3469 1765 3526 mmm·

128 3701 254 3797 Quod
279 3707 327 3796 de
357 3703 479 3823 po'e'tis
504 3692 646 3791 dictum
677 3697 728 3786 ad
746 3727 871 3796 ⁴omne
899 3694 1118 3814 scriptorum
1145 3715 1264 3814 genus
1285 3696 1470 3785 transferri
1500 3728 1573 3787 ve·

126 3821 265 3908 tissime
280 3849 425 3940 potest.
456 3819 698 3906 Aristotelem
721 3814 846 3931 ferunt
865 3878 877 3921 ,
894 3824 981 3901 cum
1003 3816 1139 3901 librum
1160 3816 1245 3900 artis
1257 3817 1480 3902 Rhetoricae
1495 3846 1519 3901 a
1534 3845 1572 3902 se

125 3936 367 4025 lucubratum
382 3936 592 4023 Theodecti
608 3932 812 4046 discipulo,
828 3957 873 4017 ut
888 3933 915 4016 is
933 3959 1129 4046 tamquam
1148 3961 1257 4016 suurn
1280 3930 1487 4035 emitteret,
1506 3935 1575 4020 do·
1642 3926 1646 3937 ’

131 4080 185 4136 no
214 4056 404 4162 dedisset,
421 4053 544 4139 laudis
559 4052 771 4165 cupiditate.
789 4049 933 4135 victum
958 4078 999 4133 re
1026 4049 1174 4161 prodita
1202 4050 1574 4154 munusrevocass‘e,

132 4170 204 4281 qui
231 4173 303 4258 alio
328 4177 367 4258 in
392 4201 507 4287 opere
531 4171 632 4254 dum
656 4166 867 4252 summatim
900 4164 1195 4279 dequibusdam
1226 4161 1445 4251 disseruisset
1461 4166 1578 4250 :Sed

131 4289 179 4367 de
203 4294 277 4392 iis,
302 4291 453 4405 inquit,
475 4293 690 4371 accuratius
707 4292 747 4365 t'n
763 4285 875 4366 libris
889 4283 1111 4366 Theodectis
1127 4287 1270 4386 scripsi
1280 4341 1290 4362 .
1318 4283 1471 4367 Factum
1491 4281 1575 4397 qui-

130 4401 222 4485 dem
252 4431 320 4490 nec
344 4432 455 4492 tanto
480 4401 706 4518 philosopho
732 4399 919 4514 dignum,
943 4425 1055 4482 neca
1079 4396 1334 4510 magnitudine
1359 4399 1471 4483 animi
1490 4398 1575 4511 pro·

129 4513 298 4626 fectsun,
331 4521 395 4608 sed
423 4520 531 4638 quod
559 4519 717 4602 maxime
747 4515 936 4619 declarat,
965 4513 1031 4626 qui
1059 4510 1289 4624 hujusmodi»
1307 4513 1424 4628 gloria
1455 4515 1577 4599 carere

129 4662 211 4720 non
235 4641 432 4751 potuerit,
463 4668 552 4724 eum
566 4696 580 4739 ,
596 4659 640 4719 ut
670 4661 799 4718 veram
826 4654 865 4714 et
897 4628 1054 4713 solidam
1069 4627 1228 4743 gloriam
1256 4632 1578 4744 consequeretur,

124 4750 222 4838 nihil
245 4785 327 4841 non
357 4754 465 4840 fuisse
494 4776 742 4838 conaturum.
772 4745 1021 4858 Empedocles
1048 4750 1152 4829 enim
1181 4746 1362 4829 maximus
1382 4772 1427 4830 ,et
1458 4749 1580 4860 philoj·

124 4870 325 4982 sophuse't
349 4880 495 4989 poeta,
525 4892 583 4969 ut
602 4865 759 4955 divinosv
779 4863 944 4951 honores
978 4886 1262 4980 assequeretur,
1286 4889 1364 4965 sese
1378 4862 1417 4948 in
1433 4869 1579 4951 Aetnae

155 5026 157 5030 v
1515 5008 1583 5065 vo
