4050 5858
512 412 580 458 :oo
732 391 761 443 ὓ
1033 379 1387 455 GONSALUS

474 509 547 623 qui
564 537 707 624 parurn
718 533 786 593 aut
809 505 898 590 nihil
922 496 1100 640 religione
1124 507 1406 638 tangebantur
1434 507 1682 621 Quamquam
1697 496 1758 590 de
1769 532 1834 599 me
1852 508 1945 594 tani

480 652 564 710 tum
583 623 766 711 affirmare
788 653 921 740 queo,
937 624 985 708 sic
1010 654 1071 710 me
1093 653 1238 738 semper
1261 619 1367 707 luisse
1389 619 1596 726 affectum,
1613 647 1657 706 ut
1679 621 1740 708 vel
1754 622 1861 707 nulla
1875 654 1936 711 te·

476 742 645 878 igione,
669 770 788 874 quae
790 763 889 826 oerte
918 742 1020 854 apud
1055 770 1116 826 me
1135 740 1349 875 plurimum
1377 770 1453 825 sem
1482 769 1521 825 et
1547 737 1663 827 valuit
1690 736 1935 856 valebitque,

479 862 754 973 praecipiente,
779 857 857 984 ipsa
885 884 1013 943 tamen
1042 857 1202 956 nominis
1224 859 1421 942 honestate
1443 772 1548 941 Iicile
1581 854 1713 940 fuerim
1738 856 1788 941 ad
1813 860 1935 947 eden·

480 979 571 1062 dum
596 977 793 1090 pulchrum
813 973 963 1059 lacinus
986 974 1216 1060 alliciendus
1248 978 1353 1057 Nam
1380 975 1489 1108 quod
1516 976 1564 1062 de
1594 977 1822 1060 Xenocrate
1838 977 1934 1061 scri·

478 1119 588 1207 ptum
604 1120 659 1179 est
675 1121 804 1203 ,curus
827 1091 973 1206 nepoti
996 1093 1155 1226 quidem
1175 1093 1462 1204 temperantiam
1484 1091 1637 1203 Phryne
1666 1090 1793 1175 nobile
1810 1093 1932 1180 Athe-

477 1241 612 1296 narum
632 1234 796 1297 scortum
814 1208 897 1293 ullis
922 1206 1124 1293 illecebris
1116 1237 1154 1291 ιιι
1169 1207 1379 1344 pervigilio·
1380 1207 1498 1295 valuit
1523 1235 1788 1342 corrumpere,
1805 1238 1929 1346 quam

478 1357 548 1412 nec
572 1353 675 1414 tactu
698 1326 756 1409 ille
782 1348 1024 1438 aspernatus,
1051 1351 1121 1408 nec
1149 1351 1350 1427 sermone,
1371 1324 1510 1410 irritam
1536 1347 1664 1409 tamen
1691 1325 1834 1439 incepti
1866 1329 1932 1414 di-

479 1446 600 1530 misit.
630 1441 787 1530 unde
753 1441 819 1527 rusi
844 1446 891 1529 ab
924 1470 972 1526 eo
992 1442 1118 1527 animo
1149 1437 1363 1556 profectum
1386 1439 1493 1526 fuisse
1521 1441 1704 1532 credimus
1721 1498 1735 1546 ,
1753 1443 1821 1555 qui
1845 1445 1930 1531 abs

478 1561 627 1648 tinentis
657 1560 837 1674 opinione
867 1562 906 1645 in
938 1558 1060 1673 primis
1095 1556 1376 1644 delectabatur?
1410 1557 1491 1642 Nisi
1524 1555 1623 1642 forte
1655 1582 1827 1670 putamus
1863 1563 1929 1647 ιιι·ι

477 1704 582 1765 ctum
605 1675 857 1763 meretriculae
886 1705 967 1760 non
1000 1676 1120 1761 minus
1150 1704 1285 1762 vetum
1315 1670 1451 1778 fuisse,
1469 1702 1586 1788 quam
1613 1669 1794 1760 facetum:
1785 1705 1927 1792 quae

477 1797 729 1883 deridentibus
753 1823 790 1878 se
807 1793 1032 1926 iuvenibus,
1062 1821 1157 1877 cum
1173 1789 1366 1907 quibus
1332 1820 1464 1908 pignus
1488 1814 1665 1903 posuerat
1680 1853 1694 1897 ,
1709 1792 1814 1906 quod
1830 1818 1929 1880 tam

476 1940 634 1999 venusta
662 1937 701 1997 et
734 1910 945 2025 elegans
907 1938 1004 1995 vrno
1035 1909 1279 1994 exhilaratum
1307 1935 1433 1993 senem
1462 1908 1640 1993 solicitare
1671 1908 1930 2023 nequivisset,

476 2055 515 2114 et
541 2054 695 2143 pactum
709 2026 888 2113 victoriae
908 2026 1069 2141 pretium
1091 2024 1392 2143 postulantibus,
1405 2053 1487 2111 non
1500 2054 1544 2112 se
1560 2026 1609 2111 de
1623 2046 1774 2132 statua,
1792 2028 1859 2113 sed
1875 2029 1937 2121 de

423 2245 426 2255 p
476 2146 633 2230 homine
658 2143 890 2231 contendisse
913 2145 1131 2258 respondit

535 2266 657 2348 XVII.
717 2265 855 2375 Neque
882 2263 930 2348 de
965 2263 1182 2349 Iiberalitare
1213 2263 1372 2350 dubitari
1397 2293 1511 2381 posse
1535 2221 1685 2368 vIdeo,
1707 2289 1797 2350 cum
1824 2289 1929 2351 con-

439 2410 442 2416 ’
475 2404 546 2466 stet
576 2380 763 2465 neminem
787 2378 859 2462 hac
878 2380 1031 2465 virtute
1042 2381 1248 2466 excelluisse
1265 2383 1361 2498 ,qui
1392 2412 1473 2466 non
1499 2383 1600 2468 idem
1624 2325 1743 2496 gldria
1761 2381 1929 2482 maxime

476 2497 706 2600 duceretur,
730 2518 782 2578 ut
800 2497 849 2579 ab
873 2495 1087 2582 Alexandro
1112 2443 1361 2604 Macedone,
1386 2501 1564 2610 Pyrrho,
1599 2497 1798 2612 Scipione,
1826 2501 1928 2583 Cae·

475 2643 553 2699 sare
576 2613 788 2726 exemplum
812 2612 888 2724 peti
912 2638 1057 2725 potest.
1069 2615 1224 2697 Cum
1215 2616 1360 2699 mterim
1390 2615 1518 2702 videre
1543 2615 1650 2699 liceat
1673 2643 1767 2718 eos,
1788 2613 1856 2747 qui
1888 2616 1930 2709 ιιι

475 2726 601 2816 officio
632 2729 694 2816 vel
718 2725 879 2813 colendo
906 2731 968 2816 vel
990 2729 1247 2863 negligendo,
1273 2732 1322 2817 de
1353 2732 1510 2847 sequid
1539 2731 1709 2816 homines
1732 2730 1929 2836 sentiant,

475 2876 556 2932 non
580 2848 788 2980 laborant,
808 2846 1018 2932 commodis
1047 2873 1195 2934 tantum
1226 2849 1297 2933 suis
1320 2849 1484 2954 servire,
1509 2848 1661 2934 avaritia
1686 2871 1725 2933 ct
1746 2848 1922 2933 sordibus

455 2964 684 3078 squallere,
713 2990 756 3047 ac
779 2963 819 3045 in
837 2991 902 3048 eos
927 2963 1048 3049 solum
1072 2962 1254 3049 beneficia
1284 2960 1478 3068 conferre,
1504 2997 1527 3050 a
1554 2966 1688 3079 quibus
1715 2964 1927 3077 plurimum

476 3105 652 3193 sperant,
677 3102 717 3162 et
739 3076 857 3163 multa
884 3107 1029 3193 praeter
1051 3111 1156 3166 suam
1182 3081 1399 3203 dignitatem
1423 3106 1507 3166 tum
1532 3078 1679 3185 Iacere,
1695 3104 1779 3164 turn
1811 3082 1930 3166 etiam

476 3196 574 3310 pati.
590 3194 708 3306 Cuius
729 3196 964 3308 turpitudinis
980 3199 1148 3313 exempla
1172 3227 1272 3281 ame
1286 3223 1512 3333 exspectqre
1530 3199 1675 3282 nolite.
1704 3202 1808 3281 Nam
1830 3199 1927 3283 mibi

476 3311 613 3398 alienas
635 3310 762 3396 laudes
791 3310 947 3419 efferre,
973 3343 1091 3430 quam
1106 3339 1263 3430 peccata
1286 3316 1481 3417 insectari,
1498 3340 1537 3401 et
1568 3313 1763 3447 jucundius
1788 3341 1827 3398 et
1851 3316 1925 3399 usi·

477 3430 590 3516 tatius
615 3454 699 3534 est,
715 3426 847 3515 scilicet
866 3460 908 3517 ut
923 3432 994 3516 hac
1008 3432 1239 3548 indulgentia
1270 3431 1431 3516 mitiores
1447 3430 1658 3516 habeam
1622 3455 1925 3566 vituperatores.

536 3547 680 3631 XVIII
734 3546 830 3658 Jnc.
843 3548 956 3633 Facis
975 3573 1021 3633 tu
1048 3550 1234 3665 quidem,
1259 3549 1428 3633 Gonsale
1445 3610 1457 3653 ,
1474 3570 1545 3662 pro
1576 3572 1697 3634 cetera
1728 3547 1785 3632 tui
1810 3546 1929 3632 animi

452 3663 762 3779 magnitudine,
779 3690 836 3748 ut
842 3663 1014 3752 libentius
1035 3669 1197 3752 aliorum
1227 3666 1351 3771 bene,
1376 3695 1494 3799 quam
1523 3662 1732 3750 malefacta
1757 3693 1929 3750 comme·

482 3809 626 3865 mores.
658 3784 769 3863 Non
783 3782 939 3895 quidem
966 3809 1011 3869 ut
1042 3786 1113 3870 isto
1139 3781 1259 3916 prodo
1289 3781 1603 3895 vituperationem
1630 3778 1816 3898 effugias,
1846 3809 1928 3914 qua

482 3895 576 4009 quid
597 3897 719 4029 ⁸magis
747 3921 803 3982 est
834 3929 857 3982 ι
882 3901 1080 3986 virtutibus
1110 3902 1183 3985 tuis
1212 3899 1405 3984 alienum?
1438 3899 1747 4034 sedquoniam,
1778 3922 1837 3981 ut
1837 3897 1922 3981 sibi

483 4013 620 4097 conscii
640 4014 758 4098 aliena
773 4043 926 4128 peccata
951 4019 1103 4103 minima
1118 4045 1272 4133 quaque
1302 4016 1498 4104 occasione
1527 4018 1766 4151 vituperant,
1783 4040 1825 4100 ut
1841 4044 1926 4128 pes·

436 4165 438 4168 ·
483 4129 663 4214 simorum
689 4136 970 4245 comparatione
1002 4137 1093 4220 boni
1117 4164 1196 4232 esse
1222 4133 1444 4223 videantur:
1475 4133 1525 4218 sic
1552 4134 1734 4235 vicissim,
1757 4160 1930 4247 quorum

477 4272 630 4331 exstant
660 4248 884 4360 praeclara
876 4281 915 4335 ιιι
947 4252 1095 4368 singulis
1124 4251 1321 4351 virtutibus
1354 4275 1485 4366 gesta,
1500 4250 1543 4334 iis
1558 4274 1665 4383 grata
1694 4273 1749 4333 est
1780 4250 1930 4334 illustri·

475 4390 553 4445 wum
572 4364 764 4467 virorum,
794 4397 959 4481 quorum
990 4397 1030 4454 se
1066 4369 1196 4454 similes
1222 4396 1298 4453 esse
1319 4390 1583 4502 cognoscunt,
1605 4367 1788 4452 virtutum
1820 4394 1930 4450 corn·

474 4480 738 4565 memoratio:
766 4512 863 4595 quos
890 4484 1178 4592 cumlaudant,
1199 4514 1236 4570 se
1262 4485 1359 4598 ipsos
1390 4485 1564 4571 videntur
1587 4482 1761 4567 laudare.
1790 4488 1924 4599 Atque

487 4597 662 4724 equidem
685 4595 820 4683 vellem
843 4599 1056 4713 hujusmodi
1087 4630 1209 4687 sermo
1232 4603 1280 4686 ab
1311 4602 1384 4687 alio
1400 4601 1523 4716 potius
1551 4597 1677 4686 fuisset
1703 4627 1928 4736 susceptus:

485 4742 600 4799 nemo
627 4717 727 4799 enim
748 4719 846 4801 Ioret
870 4719 1116 4804 clarorum
1080 4748 1258 4807 virorum
1275 4746 1346 4802 nec
1370 4749 1415 4803 ex
1445 4743 1573 4804 nostra
1590 4746 1744 4832 ,neque
1761 4747 1809 4803 ex
1830 4719 1930 4854 prio·

484 4861 570 4919 rum
597 4833 807 4939 memoria,
829 4835 896 4954 qui
928 4860 967 4922 te
995 4832 1252 4956 frequentius
1243 4836 1443 4953 rustiruque
1473 4835 1511 4921 in
1543 4834 1772 4953 singularium
1809 4837 1934 4925 virut-

543 4986 560 4991 ”
1852 4980 1939 5042 tum
