4192 5880
534 371 584 460 ⁶4
946 360 1169 439 nanum
1213 362 1563 438 crastinum

512 492 689 613 frequens
707 491 905 581 Bononiae
922 489 1267 579 machinamentum
1284 486 1336 574 ad
1350 486 1527 602 polienda
1541 487 1884 609 concinnandaque
1895 518 1977 586 terre

512 617 568 700 tui
596 614 658 700 fila
675 615 815 720 serica,
832 642 914 730 quo
939 608 1245 698 machinamento
1275 635 1398 720 aquae
1428 607 1589 723 impulsu
1618 610 1840 699 circumacta
1861 635 1976 730 supra

512 761 679 850 quatuor
701 735 812 819 millia
841 731 1035 835 lusorum,
1050 727 1240 815 interdum
1261 725 1357 811 miro
1376 727 1510 815 ordine
1534 754 1573 818 et
1593 727 1794 817 incredibili
1816 732 1974 822 artificio

511 854 620 940 simul
641 878 855 943 versantur.
886 851 996 949 Quin
1017 849 1068 934 ad
1084 847 1242 934 salutem
1258 843 1331 930 loci
1360 845 1561 963 plurimum
1582 848 1781 938 contulisse
1814 849 1972 963 flumen,

336 997 338 1001 ·
391 1071 395 1082 ,
466 1075 468 1078 ,
510 972 726 1061 indubitato
757 971 1015 1087 experimento
1039 967 1251 1053 didicerunt
1285 964 1561 1052 Bononiemes.
1597 968 1719 1054 Nullis
1751 968 1852 1056 enim
1886 968 1973 1059 fon·

507 1093 604 1180 tium
620 1092 704 1180 rivis
727 1093 861 1177 urbem
878 1088 1164 1176 discurrentibus
1181 1144 1195 1189 ,
1214 1082 1369 1200 putealis
1400 1109 1550 1170 tantum
1567 1115 1689 1202 aquae
1703 1088 1813 1202 copia
1827 1115 1867 1176 et
1882 1121 1972 1180 tasin

509 1238 589 1298 erat
606 1244 616 1298 ε
634 1198 712 1328 qua
739 1209 924 1298 fluviatilis
950 1232 1061 1293 tanto
1076 1205 1224 1293 dulcior
1250 1225 1336 1308 est,
1365 1226 1554 1320 tantoque
1580 1207 1787 1312 salubrior,
1808 1236 1853 1296 ut
1882 1209 1971 1298 huic

506 1359 726 1446 comparata
752 1329 907 1445 putealis
935 1322 1235 1439 humanopotui
1261 1324 1462 1408 damnetur
1484 1353 1508 1406 a
1535 1324 1703 1410 medicis.
1736 1332 1840 1411 Nam
1858 1332 1968 1443 quod

505 1479 650 1536 merces
665 1447 840 1536 onerariis
868 1447 1011 1563 cymbis
1026 1443 1226 1530 Ferrariam
1252 1469 1373 1556 usque
1388 1444 1558 1529 secundo
1588 1441 1745 1531 flumine
1759 1446 1971 1560 deporten-

508 1592 600 1674 tur,
619 1592 932 1684 reportentutque
963 1561 1370 1670 adversoscommtmc
1386 1559 1424 1648 id
1449 1587 1488 1648 ct
1504 1563 1704 1651 Bononiae
1730 1587 1770 1653 et
1785 1566 1970 1658 Penariae

507 1687 813 1775 emolumentum
829 1712 896 1772 est.
1615 1714 1617 1719 ’

569 1809 676 1893 XVI.
735 1806 886 1903 Quibus
914 1803 1024 1890 rebus
1054 1825 1259 1917 occupatus
1276 1798 1481 1918 Aegidas,
1508 1801 1602 1887 dum
1635 1803 1832 1922 Bononiae
1855 1833 1969 1893 cosm

509 1946 709 2031 moramr,
739 1926 960 2029 Barnabos,
983 1922 1088 2038 apud
1117 1950 1234 2036 quern
1256 1920 1364 2032 jura,
1394 1946 1581 2035 quatenus
1615 1922 1744 2008 modo
1768 1924 1966 2012 conatibus

508 2044 806 2151 subscriberent,
823 2065 951 2128 sancta
965 2065 1097 2146 erant,
1113 2040 1246 2155 iniquo
1276 2038 1405 2124 animo
1421 2036 1543 2126 ferens
1567 2041 1671 2153 dejici
1684 2067 1725 2127 'se
1740 2042 1790 2127 ab
1808 2072 1875 2158 spe
1909 2073 1967 2131 re*

507 2160 684 2251 tinendae
714 2187 898 2279 perpetuo
914 2159 1218 2274 opulentissimae
1247 2156 1428 2263 civitatis,
1452 2183 1578 2272 spreto
1607 2159 1833 2245 arbitrorum
1864 2160 1966 2274 judi·

508 2279 595 2387 cio,
613 2281 663 2369 ad
689 2311 792 2367 arma
808 2279 980 2369 recurrit:
1000 2302 1062 2383 et,
1077 2307 1193 2393 quam
1211 2275 1288 2388 jure
1305 2304 1384 2360 non
1401 2302 1563 2391 poterat,
1579 2277 1680 2364 bello
1696 2304 1863 2393 repetere
1873 2309 1966 2367 con-

509 2399 650 2487 stituit.
680 2401 754 2490 Sed
771 2400 860 2518 quia
876 2395 1039 2517 Aegidio
1052 2398 1092 2481 in
1111 2426 1157 2481 ea
1180 2420 1468 2500 commorante,
1485 2392 1634 2481 difficile
1661 2397 1873 2484 admodum
1906 2429 1959 2486 re·

317 2570 415 2624 3011„
423 2567 498 2616 ,w
509 2521 670 2632 putabat
682 2522 815 2605 urbem
837 2514 1070 2636 expugnari,
1088 2513 1183 2602 inito
1203 2513 1357 2599 consilio
1375 2514 1590 2600 Anchinum
1605 2517 1851 2632 Bongatbum
1875 2544 1965 2608 carm

317 2629 499 2750 alwidis
509 2638 673 2724 exercitu
692 2638 925 2724 inPicenurn
946 2635 1089 2739 mittit,
1108 2634 1245 2747 jussum
1273 2632 1441 2719 civitates
1455 2632 1710 2719 ecclesiasticas
1735 2633 1836 2721 bello
1853 2635 1965 2725 laca-

316 2749 620 2867 ss‘lffssgfflrffisere,
650 2780 695 2843 ut
718 2755 794 2841 hoc
826 2754 1059 2840 irritamento
1076 2751 1256 2868 Aegidius
1278 2780 1301 2834 a
1325 2752 1500 2836 Bononia
1525 2751 1735 2837 eliceretur.
1769 2753 1965 2844 Anchinus

316 2868 434 2980 ξξέξξξξ
454 2881 499 2918 ⁰¹·
508 2873 663 2960 celerius
688 2874 794 2963 omni
809 2873 989 2988 opinione
1010 2871 1057 2982 in
1079 2870 1258 2956 Picenum
1276 2869 1372 2983 rapit
1399 2898 1563 2987 agmen,
1578 2901 1602 2956 a
1618 2869 1723 2956 nullo
1751 2895 1965 2987 temperans

509 2991 693 3077 maleficio
710 3005 723 3099 ',
740 3022 784 3077 ac
801 2993 871 3078 tria
884 2989 1026 3107 oppida
1042 2987 1253 3076 Corialtum
1270 2989 1595 3094 ,Buscharetum,
1612 2992 1791 3076 Montem
1815 3021 1965 3082 novum

508 3111 707 3224 oppidanis
739 3111 844 3197 haud
861 3109 1071 3196 admodum
1096 3107 1392 3224 repugnantibus
1423 3107 1523 3222 ptius
1552 3135 1640 3194 suae
1673 3108 1821 3196 ditionis
1851 3106 1962 3222 fecit,

510 3257 628 3343 quam
644 3231 754 3344 plane
773 3228 936 3345 Aegidio
966 3228 1015 3313 de
1031 3225 1202 3314 adventu
1213 3225 1291 3340 ejus
1310 3227 1493 3312 enuntiari
1509 3227 1710 3342 pontisset.
1740 3234 1964 3346 Tantusque

509 3367 631 3432 terror
667 3348 865 3462 inopinato
889 3344 989 3433 bello
1005 3345 1218 3431 Picentibus
1249 3344 1412 3432 incussus
1443 3371 1525 3452 est,
1541 3370 1585 3431 ut
1614 3346 1767 3433 urbibus
1792 3349 1963 3438 contenti

508 3464 573 3551 vix
601 3467 685 3552 satis
701 3466 863 3580 ipsamm
880 3464 1040 3552 fiderent
1057 3463 1189 3549 muris.
1219 3465 1481 3558 Quamobrem
1504 3464 1675 3578 epistolas
1700 3464 1749 3550 ad
1762 3468 1971 3584 Aegidium

508 3581 704 3671 dimittunt
732 3584 872 3670 timoris
901 3613 940 3670 et
968 3582 1206 3669 solicitudinis
1223 3583 1375 3697 plenas,
1392 3581 1509 3668 multa
1532 3582 1645 3668 ctiam
1677 3612 1769 3670 vero
1799 3585 1964 3699 periculo

508 3703 719 3812 adjicientes
735 3763 747 3806 ,
762 3731 863 3816 quae
886 3701 1096 3788 rumoribus
1129 3725 1251 3785 metus
1266 3697 1480 3788 affinxerat.
1513 3702 1609 3795 Quo
1634 3702 1768 3788 nuntio
1786 3703 1965 3820 Aegidius

508 3844 693 3935 accepto,
713 3821 780 3903 etsi
796 3819 1027 3907 Bamabovis
1053 3819 1247 3903 consilium
1263 3819 1386 3907 virum
1412 3818 1737 3933 prudentissimum
1764 3851 1844 3908 non
1873 3823 1962 3909 late-

507 3962 565 4021 ret
581 3998 593 4042 ,
610 3961 737 4023 tamen
764 3938 1018 4025 laborantibus
1034 3937 1244 4024 civitatibus
1266 3937 1564 4024 subveniendum
1580 3963 1681 4023 ratus
1700 4001 1711 4043 ,
1729 3967 1817 4024 cum
1836 3971 1965 4056 popu·

504 4051 586 4137 lum
603 4056 881 4142 Bononiensem
905 4058 1093 4144 advocata
1109 4056 1294 4143 concione
1318 4056 1369 4140 ad
1384 4053 1497 4140 fidem
1513 4082 1553 4140 et
1568 4052 1734 4141 officium
1751 4059 1864 4173 longa
1877 4089 1964 4145 ora·

504 4170 611 4266 tione
639 4174 858 4261 cohortatus
879 4201 973 4262 esset
988 4238 1000 4281 ,
1015 4174 1240 4258 Gometium
1260 4174 1524 4260 Albornorium
1551 4173 1747 4258 Bononiae
1778 4173 1890 4262 firmo
1905 4204 1962 4265 at-

503 4290 648 4376 tributo
675 4294 858 4407 pracsidio
888 4296 991 4409 jubet
1020 4319 1210 4408 praeesse,
1230 4293 1306 4409 ipse
1325 4321 1413 4377 cum
1444 4293 1589 4406 reliquo
1613 4293 1773 4377 exercitu
1808 4295 1845 4378 in
1862 4295 1965 4383 Pica·

504 4431 599 4492 num
617 4439 666 4495 eo
692 4414 847 4498 consilio
863 4411 1123 4528 proficiscitur,
1145 4433 1188 4493 ut
1204 4410 1230 4495 si
1246 4413 1439 4496 Barnabos
1466 4407 1597 4526 (quod
1613 4406 1694 4495 fore
1711 4441 1790 4497 non
1809 4415 1957 4501 dubita·

502 4522 595 4632 bat)
627 4531 924 4616 Bononiensibus
946 4529 1085 4615 bellum
1111 4526 1315 4635 intulisset,
1348 4529 1495 4614 liberius
1522 4531 1835 4648 commodiusque
1869 4563 1962 4647 pos·
2024 4623 2030 4632 Ν,

501 4670 558 4730 set
578 4649 649 4731 suis
662 4675 777 4763 atque
803 4647 997 4763 oppidanis
1015 4645 1190 4730 auxilium
1211 4648 1451 4733 submittere.
1485 4648 1638 4762 Magnis
1653 4648 1780 4765 itaque
1805 4676 1956 4737 noctur·

500 4764 557 4849 nis
574 4766 788 4882 diurnisque
805 4769 992 4853 itineribus
1006 4768 1056 4849 ad
1075 4787 1119 4848 ea
1134 4767 1274 4880 oppida
1291 4827 1302 4870 ,
1319 4796 1418 4881 quae
1431 4790 1541 4879 capta
1559 4768 1855 4874 nuntiabantur,
1876 4799 1963 4884 per-

500 4885 605 4971 venit
623 4917 632 4971 :
649 4888 753 5000 cuius
781 4886 949 4975 adventu
968 4882 1163 4974 Anchinus
1185 4886 1422 5000 perterritus,
1440 4886 1500 4973 vel
1518 4885 1607 5003 quia
1635 4886 1685 4973 sic
1700 4884 1823 4977 fuerat
1852 4889 1919 5002 ipsi
1938 4918 1962 4973 a

1768 5074 1770 5077 ,
1870 5012 1958 5096 Bu.
