4050 5858
508 381 578 475 276
967 375 1437 450 DEMOCRATES

487 501 549 636 git
559 502 680 619 gravis
696 499 825 620 aliquis
852 527 956 588 casus
973 499 1022 585 de
1045 528 1084 586 se
1108 527 1199 588 vera
1227 497 1361 616 judicia
1388 497 1586 585 hominum
1608 499 1787 615 experiri:
1803 498 1933 586 honor

491 618 591 706 enim
620 621 816 709 virtutibus
840 617 1063 707 emerendus
1077 641 1162 724 est,
1181 645 1262 704 non
1278 617 1317 703 vi
1332 641 1399 702 aut
1421 616 1614 704 timoribus
1598 616 1929 754 extorquendos.

496 740 727 825 XXVII
786 746 919 856 ltaque
942 765 1023 823 non
1048 733 1219 822 facile
1182 765 1306 824 virum
1335 734 1500 822 invenias
1516 797 1529 842 ,
1544 735 1612 850 qui
1638 736 1715 848 jure
1740 737 1934 852 magnani-

496 884 579 941 mus
602 857 832 972 appelletur.
868 861 955 944 Αιι.
985 853 1085 941 Mihi
1108 882 1202 942 vero
1224 851 1328 939 factu
1363 849 1617 939 diilicillimum
1642 856 1825 959 videtur,
1843 882 1931 940 eon·

494 971 714 1060 sideranti
690 1005 738 1060 ιιι
759 1000 797 1061 ιι
816 975 865 1061 de
892 970 1151 1091 magnitudine
1173 972 1286 1058 animi
1275 971 1498 1074 disserere,
1513 969 1620 1086 quasi
1643 972 1806 1058 nominis
1821 972 1926 1084 hujus

452 1112 455 1121 ·
491 1089 721 1179 intellectum
742 1123 824 1179 non
852 1120 929 1178 una
960 1091 1178 1207 quaedam,
1199 1088 1265 1176 sed
1288 1117 1436 1204 prorsus
1459 1118 1591 1175 omncs
1621 1089 1778 1176 virtutes
1804 1091 1928 1176 conti·

493 1235 688 1296 neantur.
713 1210 1039 1326 quemadmodum
1068 1208 1153 1295 de
1144 1207 1279 1322 iustitia
1308 1207 1422 1294 video
1453 1236 1476 1290 a
1504 1206 1690 1295 nonnullis
1719 1207 1924 1323 disputari,

491 1325 570 1437 ejus
593 1330 784 1417 vocabulo
811 1328 968 1418 virtutes
997 1355 1129 1415 omnes
1156 1325 1512 1441 complectentibus.
1548 1331 1650 1411 Dm.
1661 1332 1759 1421 Non
1783 1351 1841 1412 est
1865 1327 1928 1433 ira,

491 1441 681 1552 Allonse,
699 1475 769 1533 nec
792 1445 905 1532 animi
937 1445 1162 1564 magnitudo
1187 1444 1325 1530 eodem
1344 1468 1474 1559 atque
1498 1444 1631 1580 justitia
1655 1443 1815 1531 modo
1805 1474 1846 1529 ιι
1874 1474 1930 1532 ιι·

314 1561 579 1651 pertentarent
595 1509 791 1651 virtittibus
816 1588 1021 1681 spectantr.
1045 1568 1148 1648 Nam
1174 1591 1262 1648 cum
1283 1560 1329 1646 sit
1354 1561 1524 1677 duplex
1517 1560 1678 1673 justitia,
1700 1563 1818 1648 altera
1832 1592 1931 1678 quae

301 1651 483 1709 eteiusdiscri·

301 1712 371 1760 mn
379 1724 469 1761 eunte
452 1681 643 1794 ...proprie
657 1681 872 1817 intelligitur
886 1741 900 1788 ,
916 1709 1092 1797 quaeque
1107 1707 1281 1767 constans
1296 1702 1335 1763 et
1350 1703 1531 1794 perpenta
1545 1679 1753 1768 voluntas
1745 1711 1799 1792 tus
1818 1704 1930 1766 suum

300 1784 378 1820 stille
363 1771 432 1820 eniti

300 1845 335 1881 cu
337 1845 360 1880 m
381 1845 482 1891 maen.-
494 1797 631 1915 cuique
653 1800 818 1888 tribuens
834 1797 1036 1904 delinitur3
1052 1799 1167 1885 altera
1182 1826 1312 1914 ,quae
1328 1796 1492 1914 legitima
1507 1795 1640 1882 dicitur
1657 1861 1669 1906 ,
1685 1799 1929 1914 patetquela·

300 1891 438 1944 ”im‘⁸“”
493 1915 696 2004 tissimet'
686 1949 726 2003 m
755 1921 827 2004 hac
854 1947 1008 2004 omnem
1033 1919 1210 2005 virtutem
1230 1915 1368 2002 idcirco
1395 1913 1629 2031 intelligimus
1647 1977 1659 2022 ,
1674 1917 1857 2052 quoniam
1883 1918 1933 2003 sic

495 2032 634 2147 'tantum
650 2064 831 2124 vocamus
853 2065 941 2121 eum
953 2035 1048 2170 ,qui
1074 2035 1165 2120 nihil
1189 2035 1265 2152 agit
1290 2058 1423 2119 contra
1444 2034 1572 2168 legum
1588 2037 1810 2149 praescripta
1826 2096 1840 2140 ,
1857 2035 1935 2170 qui·

496 2152 567 2238 bus
591 2154 734 2269 legibus
756 2154 929 2254 omnium
956 2152 1140 2287 vitnttum
1168 2175 1364 2267 praecepta
1392 2151 1662 2260 continentur,
1676 2178 1714 2238 et
1741 2153 1935 2237 contraria

496 2269 586 2355 vitia
610 2270 874 2358 vindicantur:
895 2294 939 2357 ut
966 2270 1077 2386 siquis
1103 2270 1207 2386 signa
1237 2270 1416 2356 deserat
1407 2299 1447 2354 ιι
1474 2270 1553 2354 acie
1570 2329 1582 2376 ,
1598 2215 1707 2386 qubd
1726 2269 1846 2356 timidi
1858 2294 1933 2376 est,

495 2411 562 2472 aut
583 2417 622 2474 se
637 2389 782 2505 polluat
808 2388 1017 2495 adulterio,
1033 2384 1185 2475 furtove
1208 2386 1439 2502 constringat
1455 2448 1468 2493 ,
1483 2388 1592 2502 quod
1609 2414 1664 2474 est
1680 2412 1811 2473 eontra
1837 2412 1935 2474 tem·

493 2508 708 2642 perantiam⁸
725 2535 764 2595 et
788 2450 1065 2593 liberalitatein.
1097 2511 1228 2621 Itaque
1253 2532 1508 2640 quocumque
1524 2500 1650 2591 officio
1677 2503 1874 2624 fungaris,
1893 2503 1935 2590 li·

492 2624 603 2710 nibus
632 2625 708 2711 id
699 2626 855 2739 iustitiae
883 2624 1132 2729 continetur,
1162 2648 1207 2708 ut
1234 2622 1436 2740 legitima
1430 2622 1562 2738 justitia
1593 2623 1671 2709 hoc
1701 2651 1779 2710 esse
1810 2652 1852 2709 re
1879 2624 1933 2707 in·

494 2740 708 2874 telligatur,
726 2744 835 2858 quod
863 2742 980 2831 virtus
1002 2743 1042 2827 in
1069 2741 1312 2846 universum,
1328 2740 1463 2826 licet
1438 2766 1483 2827 stt
1504 2740 1650 2827 ratione
1683 2742 1856 2845 diversa,
1873 2741 1936 2826 ni·

494 2857 632 2942 mirum
657 2884 844 2974 quatenus
870 2859 1005 2973 iustitia
1031 2859 1082 2945 ad
1106 2857 1265 2943 alterum
1288 2801 1444 2944 iefertur
1460 2859 1713 2975 ,bonumque
1742 2858 1937 2976 publicum

495 3001 667 3111 spectat,
695 3007 784 3063 cum
812 2978 929 3067 virtus
958 2976 1166 3112 simpliciter
1198 2975 1279 3063 talis
1307 2975 1455 3064 habitus
1485 2976 1729 3111 intelligatur.
1770 2981 1937 3111 Magna·

496 3092 672 3181 nimitatis
696 3095 813 3232 longe
841 3095 912 3180 alia
941 3095 1038 3180 ratio
1069 3119 1152 3180 est:
1188 3123 1422 3211 quamquam
1451 3093 1552 3179 enim
1583 3097 1676 3181 haec
1707 3095 1830 3181 choro
1860 3093 1937 3183 vir·

439 3284 444 3297 .
496 3233 624 3295 tutum
652 3215 824 3299 omnium
852 3215 985 3328 stipata
1015 3240 1092 3298 esse
1122 3212 1266 3319 debet,
1284 3242 1365 3298 non
1389 3238 1519 3298 tamen
1550 3213 1668 3300 virtus
1698 3213 1824 3298 omnis
1851 3237 1934 3326 pot·

495 3351 553 3413 est
576 3354 622 3414 ut
645 3329 808 3443 justitia,
826 3331 875 3416 sic
898 3330 1181 3466 magnanimitas
1201 3328 1403 3444 appellari.
1436 3333 1617 3416 Ceterum
1639 3330 1731 3417 illud
1755 3357 1812 3418 est
1836 3360 1941 3445 prae·

495 3444 637 3532 clarum
665 3448 774 3561 hujus
794 3450 939 3536 virtutis
970 3448 1311 3563 admirandumque
1337 3477 1499 3555 munus,
1515 3451 1624 3564 quod
1640 3474 1780 3535 ceteras
1804 3477 1936 3536 omnes

495 3564 620 3651 reddit
644 3567 766 3652 multo
798 3566 1060 3682 augustiores,
1087 3595 1176 3650 eum
1203 3566 1363 3650 maxima
1393 3595 1569 3681 quaeque
1601 3591 1640 3653 et
1665 3568 1785 3652 ardua
1814 3562 1938 3653 officia

494 3678 533 3764 in
559 3684 664 3770 omni
682 3713 820 3801 genere
830 3708 1106 3819 persequamur·
1122 3684 1279 3819 exempli
1301 3712 1437 3788 causa,
1457 3679 1682 3772 fortitudinis
1710 3708 1767 3771 est
1791 3680 1938 3772 fortiter

495 3797 644 3909 facere,
664 3801 977 3920 magnanimitatis
1008 3830 1101 3887 vero
1129 3801 1206 3886 id
1198 3832 1318 3916 ipsum
1348 3745 1568 3889 exedlenter
1594 3826 1780 3939 praestare
1796 3863 1810 3909 ,
1826 3802 1938 3920 quale

495 3911 638 4004 factum
647 3921 874 4056 accepimus
897 3919 1047 4005 Horatii
1075 3918 1227 4005 Coclitis
1255 3918 1453 4023 Romani,
1469 3921 1537 4035 qui
1562 3921 1690 4009 ceteris
1719 3921 1832 4008 etiam
1857 3916 1940 4005 for·
1953 4032 1956 4039 .

495 4032 655 4122 tibus
619 4040 703 4124 vnis
734 4037 1014 4142 cedentibus,
1004 4067 1044 4122 tn
1069 4063 1187 4152 ponte
1215 4036 1368 4124 sublicio
1393 4039 1559 4124 hostium
1588 4042 1704 4126 aciem
1737 4069 1832 4128 unus
1854 4063 1938 4124 tam

375 4218 383 4225 ι
496 4152 562 4238 diu
589 4157 788 4264 sustinuit,
814 4156 983 4243 doneca
1011 4180 1121 4272 tergo
1150 4186 1246 4270 pons
1276 4156 1639 4271 interrtunperetur:
1664 4188 1747 4272 quo
1772 4153 1876 4244 facto
1901 4183 1939 4242 se

496 4298 660 4360 armatus
691 4273 731 4358 in
754 4274 920 4359 Tiberim
946 4270 1108 4409 dejecit,
1134 4274 1184 4358 ad
1183 4304 1380 4407 suosque
1409 4275 1599 4363 tranavit.
1633 4277 1697 4362 Ad
1731 4275 1878 4361 hunc
1868 4299 1940 4360 rta-

494 4416 571 4502 que
601 4391 759 4476 modum
793 4392 1069 4527 magnanimus
1084 4390 1124 4475 in
1155 4390 1293 4479 virtute
1325 4422 1477 4508 quaque
1508 4423 1646 4510 magna
1678 4422 1826 4508 semper
1859 4421 1940 4509 spe-

493 4530 598 4612 ctat,
631 4537 730 4623 quae
763 4509 859 4593 ratio
897 4510 1018 4623 ipsum
1058 4540 1082 4594 a
1113 4534 1241 4595 cerens
1278 4510 1475 4596 virtutibus
1515 4511 1670 4597 secernit
1687 4511 1938 4646 ,speciese-

492 4624 571 4708 nim
600 4625 782 4713 virtutum
810 4625 1062 4745 vitiorumque
1087 4627 1243 4716 uicissim
1276 4626 1411 4714 linibus
1439 4629 1673 4744 potissimum
1702 4630 1775 4716 suis
1807 4629 1940 4717 discet·

493 4768 657 4830 nunntr.

554 4863 734 4954 XXVIII.
794 4863 868 4952 Sed
891 4891 1124 4981 quamquam
1157 4866 1270 4954 animi
1301 4865 1570 4985 magnitudo
1560 4896 1599 4955 ιι
1631 4866 1840 4958 honoribus
1856 4928 1870 4976 ,
1889 4890 1939 5070 pit
