4140 5872
540 419 606 473 too
663 410 677 466 .’
718 395 956 494 JOANN.
997 395 1278 471 GENESII
1316 395 1761 475 SEPULV'ED'A'ET'
1792 406 1804 410 ”

510 553 606 633 eos,
631 530 706 632 ‘quo
730 531 873 610 scilicet
905 523 1054 609 Christi
1081 548 1207 609 muru
1234 544 1308 637 per
1330 528 1500 609 subditas
1523 540 1652 635 gentes
1673 521 1770 625 fidei·
1792 527 1957 637 praedi-

509 652 660 730 catioue
675 652 955 752 circumquaque
974 646 1234 741 discurreret:
1264 671 1308 731 ut
1326 644 1450 729 verbis
1469 669 1557 730 utar
1573 644 1650 730 divi
1671 636 1850 761 Gregorii
1867 707 1880 750 ,
1895 673 1961 730 cov

322 764 455 866 324⁶·
473 752 501 802 ⁸⁵
512 761 567 876 jus
599 765 857 850 auctoritatem
886 787 1032 848 secutus
1061 787 1116 848 est
1144 759 1385 867 Alexander,
1416 786 1456 846 et
1484 762 1570 847 ralia
1599 761 1697 846 bella
1710 765 1808 873 :ljure
1841 788 1961 849 natu-2

513 911 576 968 rae
614 883 742 996 suscipi
773 880 908 966 summi
941 877 1152 996 philosophi
1181 878 1371 965 declarant
1407 883 1456 966 ab
1487 880 1749 966 humanissima
1782 880 1959 968 videlicet·

517 1000 669 1086 natione
698 1000 736 1083 in
759 1025 889 1117 gentes
910 1059 923 1105 ,
943 1029 1054 1112 supra
1069 1007 1197 1113 ¹quam
1224 999 1323 1083 credi
1342 1023 1467 1111 posset
1482 1060 1496 1103 ,
1511 997 1667 1084 incultas
1697 1024 1737 1086 et
1759 999 1956 1107 barbaras,

321 1148 612 1234 „dmmquae
635 1118 839 1203 litterarum
864 1117 1004 1202 nullam
1029 1145 1179 1232 prorsus
1202 1117 1400 1220 notitiam,
1418 1116 1563 1200 nullum
1586 1145 1832 1201 nummorum
1846 1148 1957 1204 usum

324 1224 416 1276 ΝΜ·
514 1236 703 1323 habebant
716 1266 732 1339 ·,>
756 1235 848 1320 nudi
871 1264 1009 1352 magna
1038 1265 1085 1320 ex
1105 1259 1211 1348 parte
1231 1233 1448 1351 degebant,
1472 1234 1584 1319 etiam
1614 1231 1802 1339 sternutae,
1826 1234 1956 1322 iidem.-

518 1383 595 1470 que
623 1383 752 1439 onera,
774 1354 1029 1466 jumentorum
1059 1352 1140 1442 vice
1171 1351 1221 1438 ad
1254 1351 1460 1471 quamlibet
1504 1352 1620 1469 longa
1649 1352 1773 1468 spatia,
1797 1353 1958 1445 hum

434 1496 437 1502 ·
514 1474 709 1588 dorsoque
734 1473 964 1586 portabant.'
1141 1542 1143 1547 s
1180 1508 1186 1527 ³
1297 1542 1300 1548 .
1442 1538 1445 1545 .
1671 1512 1672 1515 Ν
1879 1523 1881 1535 =
1941 1481 1942 1484 ‘

449 1652 452 1660 -
524 1649 526 1654 -
572 1593 646 1674 *V.·
686 1591 759 1675 Sed
789 1591 891 1675 baec·
911 1591 1061 1708 agrestis
1093 1589 1234 1697 vitae,
1269 1589 1553 1708 belluarumque
1582 1590 1702 1678 smilis
1729 1593 1960 1678 documenta

517 1732 634 1796 sumt:
658 1708 716 1791 illa
737 1708 951 1825 prodigiosa
976 1733 1016 1794 et
1045 1710 1297 1816 exsecranda,
1322 1713 1432 1825 quod
1465 1711 1647 1795 humanas
1676 1709 1839 1798 victimas
1869 1709 1959 1794 dae-²

518 1826 651 1911 moniis
679 1827 925 1912 immolabant
956 1886 968 1931 ,
1000 1825 1171 1912 humanis
1193 1829 1366 1913 carnibus
1394 1831 1676 1932 vescebantur,
1709 1855 1843 1912 uxores
1871 1855 1962 1910 cum

518 1945 635 2058 princi
660 1944 741 2029 ibus
777 1944 913 2029 maritis
945 1944 1150 2031 demortuis
1169 1946 1287 2033 ¹vivas
1324 1946 1591 2060 sepeliebant:
1627 1969 1665 2028 et
1698 1945 1792 2030 haee
1821 1943 1960 2066 antlia

518 2089 597 2175 que
621 1977 760 2178 {lagida
797 2060 955 2147 namrali
985 2062 1128 2148 ratione
1157 2064 1335 2149 damnata
1368 2098 1394 2169 ,*
1415 2091 1593 2180 ⁴quaeque
1625 2062 1960 2177 auditorespuunt

519 2207 627 2263 aures
658 2182 909 2265 humanarum
924 2258 926 2260 ,
941 2180 1139 2297 gendum,
1171 2185 1288 2297 atque
1317 2183 1461 2267 animus
1486 2180 1709 2268 exhorrescit
1731 2209 1883 2295 ,quast
1900 2179 1961 2293 pie

519 2290 619 2384 sacta
644 2300 791 2413 publica
824 2298 1097 2413 approbatione
1119 2302 1349 2414 patrabant.
1375 2306 1505 2416 ltaque
1534 2299 1749 2410 hujusmodi
1772 2297 1961 2414 prodigio·

520 2443 561 2499 sa
592 2413 731 2533 flagitia
761 2417 948 2522 tollendi,
978 2442 1016 2502 et
1037 2416 1254 2503 innocentes
1283 2419 1330 2503 ab
1357 2418 1492 2530 injuriis
1520 2416 1741 2530 prohibendi
1772 2416 1870 2501 ratio
1902 2413 1963 2502 vel

521 2532 601 2616 sola
631 2558 782 2649 poterat·
810 2534 918 2622 vobis
948 2533 1002 2645 jus
1030 2563 1054 2616 a
1083 2540 1171 2621 Deo
1202 2561 1412 2651 naturaque
1445 2537 1602 2621 ductum
1633 2534 1794 2620 tribuere
1826 2533 1961 2619 barba·

522 2679 585 2736 ros
612 2651 865 2737 inditionem
892 2651 1111 2769 redigendi.
1145 2659 1248 2738 Nam
1282 2679 1328 2739 ut
1360 2679 1417 2739 est
1447 2654 1487 2738 in
1516 2651 1768 2737 Ecclesiastico
1799 2682 1808 2736 :
1844 2653 1961 2733 Mau

522 2773 633 2854 uuvu
665 2773 775 2854 Deus
805 2778 996 2877 uuicuique
1020 2774 1065 2852 de
1083 2780 1258 2886 proximu
1289 2799 1356 2855 suu
1391 2800 1457 2885 per
1489 2769 1612 2885 legem
1643 2769 1776 2854 scilicet
1811 2794 1960 2854 natiua-

521 2884 631 2973 lem.
665 2889 735 2974 His
766 2888 909 2974 accedit
940 2888 1142 2973 multarum
1169 2889 1439 2975 utilissimarum
1481 2915 1714 3002 maximeque
1749 2887 1963 2972 necessaria·

521 3033 607 3091 rum
640 3036 765 3092 rerum
789 3004 971 3112 facultas,
1000 3035 1099 3122 quae
1127 3007 1316 3113 barbaris,
1341 3035 1429 3091 cum
1459 3030 1548 3090 ante
1578 3004 1679 3090 nulla
1702 2999 1860 3108 fuisset,
1886 3033 1963 3088 ma·

396 3145 411 3189 ³
520 3151 602 3238 gno
639 3151 786 3209 nostrae
829 3124 947 3242 gentis
980 3151 1188 3240 regumque
1218 3123 1399 3209 beneficio
1429 3123 1612 3239 contigit.
1643 3122 1793 3208 Etenim
1823 3150 1964 3236 equos,

332 3231 403 3340 312}
418 3227 451 3338 ἐξ
466 3225 509 3335 dl?
522 3241 684 3348 mulos,
727 3243 873 3347 boves,
915 3240 1064 3345 asinos,
1096 3271 1231 3348 oves,
1264 3270 1426 3358 capras,
1459 3243 1674 3345 arborum,
1708 3239 1964 3355 leguminum,

332 3350 667 3445 ⁸⁹⁸”¹⁸⁸¹¹²¹³·olerum
696 3360 815 3444 multa
842 3387 979 3475 genera
1019 3387 1079 3443 ne.
1094 3356 1195 3443 fama
1216 3361 1371 3475 quidem
1393 3383 1481 3445 ante
1518 3384 1733 3444 nostrorum
1758 3356 1966 3442 adventum

520 3502 747 3582 noverant,
784 3505 946 3591 quarum
977 3504 1103 3562 rerum
1134 3476 1242 3592 copia
1273 3478 1348 3590 jam
1383 3474 1564 3562 beneficio
1595 3500 1810 3561 nostrorum
1838 3473 1966 3557 homi-

517 3622 613 3678 num
645 3593 868 3679 abundant.
909 3599 989 3678 Tot
1020 3594 1130 3710 igitur
1163 3595 1271 3679 bonis
1310 3593 1566 3697 contributis,
1599 3617 1660 3678 tot
1689 3591 1868 3706 portmtis
1900 3608 1993 3676 aur

518 3712 694 3798 ctoritate
721 3736 871 3816 vestra,
899 3735 1126 3827 nostraeque
1150 3711 1270 3827 gentis
1293 3741 1427 3827 opera,
1452 3709 1630 3795 industria
1659 3733 1699 3794 et
1722 3709 1859 3794 virtute
1876 3708 1967 3793 sub·

518 3826 601 3913 latis
630 3890 642 3934 ,
674 3853 713 3915 et
746 3857 817 3944 pro
847 3827 1037 3942 impietate
1077 3829 1332 3945 prodigiosa,
1364 3827 1574 3914 Christiana
1604 3825 1781 3944 relgione
1805 3825 1969 3941 optimis-

519 3973 597 4060 que
627 3947 767 4064 legibus
795 3946 983 4049 inductis;
1022 3947 1157 4062 quibus
1186 3942 1314 4033 officiis
1339 3946 1420 4032 illae
1452 3945 1651 4050 nationes,
1683 3944 1819 4059 quibus
1855 3945 1968 4030 obse·

517 4063 611 4177 quiis
649 4088 798 4150 tantum
828 4126 842 4171 ,
874 4086 953 4151 tam
992 4063 1168 4171 varium,
1192 4089 1348 4180 tamque
1387 4063 1596 4151 immortale
1638 4059 1860 4148 beneficium
1907 4091 1967 4150 ex·

519 4182 764 4297 aequabitur?
1579 4257 1584 4260 ,

580 4302 647 4383 Vl.
708 4302 782 4388 Sed
813 4323 857 4386 ut
885 4302 1043 4406 redeat,
1074 4300 1178 4387 unde
1205 4301 1363 4419 digressa
1389 4328 1445 4389 est
1475 4301 1597 4390 orado
1624 4359 1637 4408 ,
1663 4326 1751 4384 eum
1778 4295 1875 4411 justa
1905 4299 1969 4385 im·

346 4466 498 4540 nuruum,
517 4416 672 4530 petundi
717 4442 757 4504 et
788 4420 943 4531 parendi
986 4418 1082 4504 ratio
1117 4421 1227 4506 rebus
1263 4423 1403 4535 ubique
1443 4421 1600 4507 salutem
1640 4414 1774 4503 affert:
1806 4442 1888 4501 tum
1918 4417 1973 4499 ci·

330 4541 507 4648 {gf‘ssffl
517 4534 694 4622 vitatibus
721 4563 928 4650 earumque
951 4537 1117 4652 partibus
1138 4561 1194 4622 est
1219 4539 1377 4624 marrime
1408 4539 1603 4625 salutaris:
1641 4564 1766 4622 rursus
1793 4531 1973 4641 injustum

331 4663 382 4699 ⁰¹¹¹·
517 4652 712 4766 imperium
736 4653 980 4770 perniciosum
1005 4681 1044 4741 et
1073 4654 1240 4741 exitiale.
1273 4655 1368 4742 Sunt
1400 4682 1531 4742 autem
1556 4653 1713 4742 civitatis
1744 4673 1865 4767 partes
1891 4652 1971 4764 pri-

331 4742 471 4863 tqqtuum
481 4754 508 4790 θ’
520 4800 626 4856 mum
662 4773 829 4878 domus,
851 4801 976 4889 quac,
994 4797 1037 4858 ut
1061 4773 1106 4858 sit
1134 4770 1331 4887 perfecta,
1357 4774 1491 4859 marito
1515 4798 1554 4858 et
1583 4801 1726 4876 uxore,
1745 4767 1822 4854 filiis
1846 4791 1886 4853 et
1909 4796 1968 4853 ce-

519 4912 600 4976 tera
624 4886 762 4978 familia
782 4916 958 4997 constat3
983 4890 1118 4980 deinde
1140 4892 1242 4981 vicus
1267 4952 1280 5000 ‚
1308 4891 1375 5010 qui
1399 4892 1505 5009 quasi
1525 4889 1674 4978 colonia
1699 4889 1822 4975 estex
1846 4887 1970 5091 dqqno

1917 5034 1939 5090 e
1948 5052 1961 5075 a
