<?xml version="1.0" encoding="UTF-8"?>
<!DOCTYPE html PUBLIC "-//W3C//DTD XHTML 1.0 Transitional//EN"
    "http://www.w3.org/TR/xhtml1/DTD/xhtml1-transitional.dtd">
<html xmlns="http://www.w3.org/1999/xhtml" xml:lang="en" lang="en">
 <head>
  <title>
</title>
<meta http-equiv="Content-Type" content="text/html;charset=utf-8" />
  <meta name='ocr-system' content='tesseract 3.04.00' />
  <meta name='ocr-capabilities' content='ocr_page ocr_carea ocr_par ocr_line ocrx_word'/>
</head>
<body>
  <div class='ocr_page' id='page_1' title='image "./joannisgenesiis01sepgoog/joannisgenesiis01sepgoog_0409.png"; bbox 0 0 4006 5850; ppageno 0'>
   <div class='ocr_carea' id='block_1_1' title="bbox 580 426 1479 518">
    <p class='ocr_par' dir='ltr' id='par_1_1' title="bbox 580 426 1479 518">
     <span class='ocr_line' id='line_1_1' title="bbox 580 426 1479 518; baseline 0 -22"><span class='ocrx_word' id='word_1_1' title='bbox 580 426 993 498; x_wconf 77' lang='grc' dir='ltr'><strong>ιιιιιιτιο.</strong></span> <span class='ocrx_word' id='word_1_2' title='bbox 1409 448 1479 518; x_wconf 76' lang='lat'>415</span> 
     </span>
    </p>
   </div>
   <div class='ocr_carea' id='block_1_2' title="bbox 14 541 1573 2921">
    <p class='ocr_par' dir='ltr' id='par_1_2' title="bbox 14 541 1573 2901">
     <span class='ocr_line' id='line_1_2' title="bbox 61 541 1510 669; baseline 0.001 -30"><span class='ocrx_word' id='word_1_3' title='bbox 61 550 252 669; x_wconf 85' lang='lat' dir='ltr'>explorata</span> <span class='ocrx_word' id='word_1_4' title='bbox 280 578 359 638; x_wconf 90' lang='lat' dir='ltr'>esse</span> <span class='ocrx_word' id='word_1_5' title='bbox 386 572 443 638; x_wconf 89' lang='lat' dir='ltr'>et</span> <span class='ocrx_word' id='word_1_6' title='bbox 453 546 584 664; x_wconf 90' lang='lat' dir='ltr'>cupis,</span> <span class='ocrx_word' id='word_1_7' title='bbox 607 573 646 636; x_wconf 91' lang='lat' dir='ltr'>et</span> <span class='ocrx_word' id='word_1_8' title='bbox 670 573 856 665; x_wconf 92' lang='lat' dir='ltr'>quantum</span> <span class='ocrx_word' id='word_1_9' title='bbox 872 547 956 635; x_wconf 90' lang='lat' dir='ltr'>licet</span> <span class='ocrx_word' id='word_1_10' title='bbox 967 541 1198 661; x_wconf 84' lang='lat' dir='ltr'>,elaboras,</span> <span class='ocrx_word' id='word_1_11' title='bbox 1221 577 1321 666; x_wconf 90' lang='lat' dir='ltr'>quae</span> <span class='ocrx_word' id='word_1_12' title='bbox 1347 549 1510 640; x_wconf 83' lang='lat' dir='ltr'>maxime</span> 
     </span>
     <span class='ocr_line' id='line_1_3' title="bbox 60 608 1511 766; baseline 0.001 -10"><span class='ocrx_word' id='word_1_13' title='bbox 60 672 277 757; x_wconf 78' lang='lat' dir='ltr'>conducant</span> <span class='ocrx_word' id='word_1_14' title='bbox 293 670 342 757; x_wconf 94' lang='lat' dir='ltr'>ad</span> <span class='ocrx_word' id='word_1_15' title='bbox 357 668 656 755; x_wconf 88' lang='lat' dir='ltr'>Christianorum</span> <span class='ocrx_word' id='word_1_16' title='bbox 674 668 947 757; x_wconf 86' lang='lat' dir='ltr'>controversias</span> <span class='ocrx_word' id='word_1_17' title='bbox 962 608 1200 754; x_wconf 77' lang='lat' dir='ltr'>dirimendas.</span> <span class='ocrx_word' id='word_1_18' title='bbox 1229 668 1352 766; x_wconf 91' lang='lat' dir='ltr'>Quod</span> <span class='ocrx_word' id='word_1_19' title='bbox 1370 700 1511 757; x_wconf 91' lang='lat' dir='ltr'>munus</span> 
     </span>
     <span class='ocr_line' id='line_1_4' title="bbox 61 786 1509 923; baseline 0.001 -50"><span class='ocrx_word' id='word_1_20' title='bbox 61 817 148 873; x_wconf 91' lang='lat' dir='ltr'>cum</span> <span class='ocrx_word' id='word_1_21' title='bbox 165 813 202 876; x_wconf 91' lang='lat' dir='ltr'>te</span> <span class='ocrx_word' id='word_1_22' title='bbox 221 813 376 874; x_wconf 91' lang='lat' dir='ltr'>auctore</span> <span class='ocrx_word' id='word_1_23' title='bbox 392 786 611 923; x_wconf 88' lang='lat' dir='ltr'>gravissimo</span> <span class='ocrx_word' id='word_1_24' title='bbox 642 787 870 905; x_wconf 81' lang='lat' dir='ltr'>cogitatione</span> <span class='ocrx_word' id='word_1_25' title='bbox 896 787 1189 903; x_wconf 81' lang='lat' dir='ltr'>praecepissem,</span> <span class='ocrx_word' id='word_1_26' title='bbox 1214 786 1297 903; x_wconf 91' lang='lat' dir='ltr'>plus</span> <span class='ocrx_word' id='word_1_27' title='bbox 1323 786 1435 872; x_wconf 90' lang='lat' dir='ltr'>etiam</span> <span class='ocrx_word' id='word_1_28' title='bbox 1465 819 1509 875; x_wconf 93' lang='lat' dir='ltr'>o·</span> 
     </span>
     <span class='ocr_line' id='line_1_5' title="bbox 60 904 1508 1041; baseline 0.002 -53"><span class='ocrx_word' id='word_1_29' title='bbox 60 905 185 1013; x_wconf 89' lang='lat' dir='ltr'>neris,</span> <span class='ocrx_word' id='word_1_30' title='bbox 208 935 326 1020; x_wconf 89' lang='lat' dir='ltr'>quam</span> <span class='ocrx_word' id='word_1_31' title='bbox 342 905 432 990; x_wconf 87' lang='lat' dir='ltr'>milri</span> <span class='ocrx_word' id='word_1_32' title='bbox 458 904 751 1041; x_wconf 83' lang='lat' dir='ltr'>imponebatur,</span> <span class='ocrx_word' id='word_1_33' title='bbox 766 932 904 1020; x_wconf 89' lang='lat' dir='ltr'>sponte</span> <span class='ocrx_word' id='word_1_34' title='bbox 921 905 1086 1020; x_wconf 86' lang='lat' dir='ltr'>suscepi:</span> <span class='ocrx_word' id='word_1_35' title='bbox 1110 932 1179 990; x_wconf 88' lang='lat' dir='ltr'>nec</span> <span class='ocrx_word' id='word_1_36' title='bbox 1206 904 1345 1019; x_wconf 87' lang='lat' dir='ltr'>placuit</span> <span class='ocrx_word' id='word_1_37' title='bbox 1368 906 1508 991; x_wconf 91' lang='lat' dir='ltr'>oratio</span> 
     </span>
     <span class='ocr_line' id='line_1_6' title="bbox 60 1022 1573 1140; baseline 0.003 -34"><span class='ocrx_word' id='word_1_38' title='bbox 60 1051 150 1108; x_wconf 93' lang='lat' dir='ltr'>nem</span> <span class='ocrx_word' id='word_1_39' title='bbox 167 1054 290 1109; x_wconf 89' lang='lat' dir='ltr'>meam</span> <span class='ocrx_word' id='word_1_40' title='bbox 307 1052 440 1109; x_wconf 89' lang='lat' dir='ltr'>causae</span> <span class='ocrx_word' id='word_1_41' title='bbox 456 1022 567 1109; x_wconf 85' lang='lat' dir='ltr'>unius</span> <span class='ocrx_word' id='word_1_42' title='bbox 591 1023 770 1140; x_wconf 86' lang='lat' dir='ltr'>angustiis</span> <span class='ocrx_word' id='word_1_43' title='bbox 792 1022 1019 1129; x_wconf 87' lang='lat' dir='ltr'>intercludi,</span> <span class='ocrx_word' id='word_1_44' title='bbox 1042 1023 1108 1109; x_wconf 92' lang='lat' dir='ltr'>sed</span> <span class='ocrx_word' id='word_1_45' title='bbox 1137 1052 1265 1139; x_wconf 86' lang='lat' dir='ltr'>vagan</span> <span class='ocrx_word' id='word_1_46' title='bbox 1255 1023 1431 1127; x_wconf 91' lang='lat' dir='ltr'>latius,</span> <span class='ocrx_word' id='word_1_47' title='bbox 1469 1048 1509 1110; x_wconf 92' lang='lat' dir='ltr'>et</span> <span class='ocrx_word' id='word_1_48' title='bbox 1570 1080 1573 1082; x_wconf 94' lang='lat'><em>-</em></span> 
     </span>
     <span class='ocr_line' id='line_1_7' title="bbox 58 1140 1507 1275; baseline 0.003 -51"><span class='ocrx_word' id='word_1_49' title='bbox 58 1164 182 1227; x_wconf 91' lang='lat' dir='ltr'>totam</span> <span class='ocrx_word' id='word_1_50' title='bbox 199 1141 291 1227; x_wconf 90' lang='lat' dir='ltr'>de</span> <span class='ocrx_word' id='word_1_51' title='bbox 263 1168 336 1227; x_wconf 81' lang='lat' dir='ltr'>ritu</span> <span class='ocrx_word' id='word_1_52' title='bbox 359 1142 573 1254; x_wconf 88' lang='lat' dir='ltr'>nuptiarum</span> <span class='ocrx_word' id='word_1_53' title='bbox 590 1140 911 1255; x_wconf 89' lang='lat' dir='ltr'>disputationem,</span> <span class='ocrx_word' id='word_1_54' title='bbox 931 1167 1147 1275; x_wconf 85' lang='lat' dir='ltr'>quatenus</span> <span class='ocrx_word' id='word_1_55' title='bbox 1143 1169 1200 1225; x_wconf 90' lang='lat' dir='ltr'>res</span> <span class='ocrx_word' id='word_1_56' title='bbox 1224 1141 1507 1228; x_wconf 90' lang='lat' dir='ltr'>matrimonium</span> 
     </span>
     <span class='ocr_line' id='line_1_8' title="bbox 59 1257 1505 1375; baseline 0.001 -34"><span class='ocrx_word' id='word_1_57' title='bbox 59 1258 304 1372; x_wconf 88' lang='lat' dir='ltr'>impedientes</span> <span class='ocrx_word' id='word_1_58' title='bbox 331 1259 512 1375; x_wconf 90' lang='lat' dir='ltr'>attingit,</span> <span class='ocrx_word' id='word_1_59' title='bbox 540 1257 657 1374; x_wconf 91' lang='lat' dir='ltr'>paulo</span> <span class='ocrx_word' id='word_1_60' title='bbox 680 1260 919 1365; x_wconf 86' lang='lat' dir='ltr'>accuratius,</span> <span class='ocrx_word' id='word_1_61' title='bbox 942 1259 1011 1344; x_wconf 91' lang='lat' dir='ltr'>sed</span> <span class='ocrx_word' id='word_1_62' title='bbox 1037 1257 1190 1344; x_wconf 89' lang='lat' dir='ltr'>strictim</span> <span class='ocrx_word' id='word_1_63' title='bbox 1218 1286 1347 1342; x_wconf 91' lang='lat' dir='ltr'>tamen</span> <span class='ocrx_word' id='word_1_64' title='bbox 1376 1259 1505 1344; x_wconf 89' lang='lat' dir='ltr'>obire·</span> 
     </span>
     <span class='ocr_line' id='line_1_9' title="bbox 60 1375 1508 1493; baseline 0 -33"><span class='ocrx_word' id='word_1_65' title='bbox 60 1375 245 1490; x_wconf 86' lang='lat' dir='ltr'>simulque</span> <span class='ocrx_word' id='word_1_66' title='bbox 264 1376 368 1462; x_wconf 86' lang='lat' dir='ltr'>haud</span> <span class='ocrx_word' id='word_1_67' title='bbox 381 1375 497 1491; x_wconf 89' lang='lat' dir='ltr'>paulo</span> <span class='ocrx_word' id='word_1_68' title='bbox 513 1375 787 1490; x_wconf 86' lang='lat' dir='ltr'>impeditiorem</span> <span class='ocrx_word' id='word_1_69' title='bbox 802 1378 1067 1493; x_wconf 89' lang='lat' dir='ltr'>quaestionem</span> <span class='ocrx_word' id='word_1_70' title='bbox 1085 1377 1132 1462; x_wconf 89' lang='lat' dir='ltr'>de</span> <span class='ocrx_word' id='word_1_71' title='bbox 1147 1376 1421 1490; x_wconf 84' lang='lat' dir='ltr'>dispensatione</span> <span class='ocrx_word' id='word_1_72' title='bbox 1435 1375 1508 1462; x_wconf 90' lang='lat' dir='ltr'>dis·</span> 
     </span>
     <span class='ocr_line' id='line_1_10' title="bbox 14 1489 1506 1610; baseline -0.001 -30"><span class='ocrx_word' id='word_1_73' title='bbox 14 1508 20 1517; x_wconf 84' lang='grc'>’</span> <span class='ocrx_word' id='word_1_74' title='bbox 62 1519 195 1580; x_wconf 86' lang='lat' dir='ltr'>serere</span> <span class='ocrx_word' id='word_1_75' title='bbox 228 1494 345 1606; x_wconf 83' lang='lat' dir='ltr'>Cujus</span> <span class='ocrx_word' id='word_1_76' title='bbox 362 1494 469 1579; x_wconf 91' lang='lat' dir='ltr'>velut</span> <span class='ocrx_word' id='word_1_77' title='bbox 497 1489 604 1579; x_wconf 87' lang='lat' dir='ltr'>fonte</span> <span class='ocrx_word' id='word_1_78' title='bbox 620 1523 663 1577; x_wconf 90' lang='lat' dir='ltr'>ac</span> <span class='ocrx_word' id='word_1_79' title='bbox 688 1495 828 1580; x_wconf 87' lang='lat' dir='ltr'>viribus</span> <span class='ocrx_word' id='word_1_80' title='bbox 848 1494 1015 1580; x_wconf 87' lang='lat' dir='ltr'>indicatis</span> <span class='ocrx_word' id='word_1_81' title='bbox 1031 1494 1280 1610; x_wconf 87' lang='lat' dir='ltr'>,legumque</span> <span class='ocrx_word' id='word_1_82' title='bbox 1309 1494 1506 1610; x_wconf 88' lang='lat' dir='ltr'>generibus</span> 
     </span>
     <span class='ocr_line' id='line_1_11' title="bbox 62 1609 1505 1726; baseline -0.001 -30"><span class='ocrx_word' id='word_1_83' title='bbox 62 1609 265 1725; x_wconf 84' lang='lat' dir='ltr'>expositis,</span> <span class='ocrx_word' id='word_1_84' title='bbox 284 1635 472 1726; x_wconf 88' lang='lat' dir='ltr'>quantum</span> <span class='ocrx_word' id='word_1_85' title='bbox 488 1639 556 1723; x_wconf 90' lang='lat' dir='ltr'>per</span> <span class='ocrx_word' id='word_1_86' title='bbox 569 1611 721 1697; x_wconf 88' lang='lat' dir='ltr'>oracula</span> <span class='ocrx_word' id='word_1_87' title='bbox 738 1612 913 1698; x_wconf 87' lang='lat' dir='ltr'>divina</span> <span class='ocrx_word' id='word_1_88' title='bbox 879 1673 891 1717; x_wconf 88' lang='lat'>,</span> <span class='ocrx_word' id='word_1_89' title='bbox 903 1640 1097 1726; x_wconf 78' lang='lat' dir='ltr'>ipsamque</span> <span class='ocrx_word' id='word_1_90' title='bbox 1111 1637 1301 1714; x_wconf 89' lang='lat' dir='ltr'>naturam,</span> <span class='ocrx_word' id='word_1_91' title='bbox 1318 1637 1357 1696; x_wconf 90' lang='lat' dir='ltr'>et</span> <span class='ocrx_word' id='word_1_92' title='bbox 1371 1612 1505 1698; x_wconf 86' lang='lat' dir='ltr'>decre-</span> 
     </span>
     <span class='ocr_line' id='line_1_12' title="bbox 61 1729 1504 1847; baseline 0.001 -34"><span class='ocrx_word' id='word_1_93' title='bbox 61 1752 104 1813; x_wconf 94' lang='lat' dir='ltr'>ta</span> <span class='ocrx_word' id='word_1_94' title='bbox 122 1753 336 1813; x_wconf 88' lang='lat' dir='ltr'>sanctorum</span> <span class='ocrx_word' id='word_1_95' title='bbox 359 1753 513 1844; x_wconf 91' lang='lat' dir='ltr'>patrum</span> <span class='ocrx_word' id='word_1_96' title='bbox 538 1757 628 1812; x_wconf 92' lang='lat' dir='ltr'>cum</span> <span class='ocrx_word' id='word_1_97' title='bbox 655 1729 694 1811; x_wconf 93' lang='lat' dir='ltr'>in</span> <span class='ocrx_word' id='word_1_98' title='bbox 720 1729 810 1814; x_wconf 84' lang='lat' dir='ltr'>alias</span> <span class='ocrx_word' id='word_1_99' title='bbox 836 1729 939 1847; x_wconf 89' lang='lat' dir='ltr'>leges</span> <span class='ocrx_word' id='word_1_100' title='bbox 950 1730 1243 1844; x_wconf 89' lang='lat' dir='ltr'>temperandas</span> <span class='ocrx_word' id='word_1_101' title='bbox 1266 1753 1348 1813; x_wconf 94' lang='lat' dir='ltr'>tum</span> <span class='ocrx_word' id='word_1_102' title='bbox 1365 1730 1403 1813; x_wconf 92' lang='lat' dir='ltr'>in</span> <span class='ocrx_word' id='word_1_103' title='bbox 1433 1729 1504 1815; x_wconf 87' lang='lat' dir='ltr'>siu·-</span> 
     </span>
     <span class='ocr_line' id='line_1_13' title="bbox 60 1845 1506 1962; baseline 0.002 -34"><span class='ocrx_word' id='word_1_104' title='bbox 60 1845 153 1962; x_wconf 89' lang='lat' dir='ltr'>gula</span> <span class='ocrx_word' id='word_1_105' title='bbox 174 1846 391 1960; x_wconf 87' lang='lat' dir='ltr'>nuptiarum</span> <span class='ocrx_word' id='word_1_106' title='bbox 408 1845 679 1959; x_wconf 85' lang='lat' dir='ltr'>impedimenta</span> <span class='ocrx_word' id='word_1_107' title='bbox 703 1845 890 1960; x_wconf 85' lang='lat' dir='ltr'>pontificis</span> <span class='ocrx_word' id='word_1_108' title='bbox 913 1846 1177 1962; x_wconf 88' lang='lat' dir='ltr'>dispensationi</span> <span class='ocrx_word' id='word_1_109' title='bbox 1205 1845 1315 1932; x_wconf 88' lang='lat' dir='ltr'>licere</span> <span class='ocrx_word' id='word_1_110' title='bbox 1343 1845 1486 1931; x_wconf 89' lang='lat' dir='ltr'>mihi</span> <span class='ocrx_word' id='word_1_111' title='bbox 1449 1876 1506 1933; x_wconf 88' lang='lat' dir='ltr'>vt·</span> 
     </span>
     <span class='ocr_line' id='line_1_14' title="bbox 61 1963 1504 2079; baseline 0.001 -30"><span class='ocrx_word' id='word_1_112' title='bbox 61 1964 211 2049; x_wconf 91' lang='lat' dir='ltr'>deretur</span> <span class='ocrx_word' id='word_1_113' title='bbox 226 1963 348 2068; x_wconf 88' lang='lat' dir='ltr'>,hoc,</span> <span class='ocrx_word' id='word_1_114' title='bbox 365 1991 480 2079; x_wconf 92' lang='lat' dir='ltr'>quem</span> <span class='ocrx_word' id='word_1_115' title='bbox 498 1963 549 2048; x_wconf 91' lang='lat' dir='ltr'>ad</span> <span class='ocrx_word' id='word_1_116' title='bbox 564 1988 807 2070; x_wconf 88' lang='lat' dir='ltr'>temrtnmus,</span> <span class='ocrx_word' id='word_1_117' title='bbox 819 1963 946 2050; x_wconf 80' lang='lat' dir='ltr'>libello</span> <span class='ocrx_word' id='word_1_118' title='bbox 959 1964 1143 2079; x_wconf 79' lang='lat' dir='ltr'>explicare</span> <span class='ocrx_word' id='word_1_119' title='bbox 1152 1993 1389 2050; x_wconf 78' lang='lat' dir='ltr'>curavimus</span> <span class='ocrx_word' id='word_1_120' title='bbox 1417 1968 1504 2050; x_wconf 88' lang='lat' dir='ltr'>Nec</span> 
     </span>
     <span class='ocr_line' id='line_1_15' title="bbox 63 2078 1504 2216; baseline 0.003 -52"><span class='ocrx_word' id='word_1_121' title='bbox 63 2078 164 2165; x_wconf 86' lang='lat' dir='ltr'>enim</span> <span class='ocrx_word' id='word_1_122' title='bbox 193 2080 404 2216; x_wconf 85' lang='lat' dir='ltr'>dogmata</span> <span class='ocrx_word' id='word_1_123' title='bbox 403 2080 523 2166; x_wconf 91' lang='lat' dir='ltr'>modo</span> <span class='ocrx_word' id='word_1_124' title='bbox 544 2081 819 2198; x_wconf 87' lang='lat' dir='ltr'>theologorum</span> <span class='ocrx_word' id='word_1_125' title='bbox 835 2083 892 2168; x_wconf 88' lang='lat' dir='ltr'>his</span> <span class='ocrx_word' id='word_1_126' title='bbox 905 2083 954 2168; x_wconf 91' lang='lat' dir='ltr'>de</span> <span class='ocrx_word' id='word_1_127' title='bbox 977 2083 1089 2167; x_wconf 89' lang='lat' dir='ltr'>rebus</span> <span class='ocrx_word' id='word_1_128' title='bbox 1103 2110 1407 2217; x_wconf 85' lang='lat' dir='ltr'>recognoscere,</span> <span class='ocrx_word' id='word_1_129' title='bbox 1436 2081 1504 2170; x_wconf 89' lang='lat' dir='ltr'>sed</span> 
     </span>
     <span class='ocr_line' id='line_1_16' title="bbox 60 2197 1503 2333; baseline 0.001 -53"><span class='ocrx_word' id='word_1_130' title='bbox 60 2197 193 2312; x_wconf 91' lang='lat' dir='ltr'>placita</span> <span class='ocrx_word' id='word_1_131' title='bbox 209 2199 321 2283; x_wconf 88' lang='lat' dir='ltr'>etiam</span> <span class='ocrx_word' id='word_1_132' title='bbox 336 2197 628 2312; x_wconf 79' lang='lat' dir='ltr'>jurisperitorum</span> <span class='ocrx_word' id='word_1_133' title='bbox 651 2202 879 2315; x_wconf 83' lang='lat' dir='ltr'>conquirere</span> <span class='ocrx_word' id='word_1_134' title='bbox 894 2201 1151 2316; x_wconf 88' lang='lat' dir='ltr'>tentavimus.</span> <span class='ocrx_word' id='word_1_135' title='bbox 1178 2225 1216 2285; x_wconf 93' lang='lat' dir='ltr'>et</span> <span class='ocrx_word' id='word_1_136' title='bbox 1243 2200 1272 2283; x_wconf 94' lang='lat' dir='ltr'>si</span> <span class='ocrx_word' id='word_1_137' title='bbox 1298 2227 1401 2312; x_wconf 90' lang='lat' dir='ltr'>quae</span> <span class='ocrx_word' id='word_1_138' title='bbox 1414 2228 1503 2333; x_wconf 75' lang='lat' dir='ltr'>par-</span> 
     </span>
     <span class='ocr_line' id='line_1_17' title="bbox 60 2311 1503 2450; baseline 0.002 -51"><span class='ocrx_word' id='word_1_139' title='bbox 60 2338 116 2399; x_wconf 92' lang='lat' dir='ltr'>tes</span> <span class='ocrx_word' id='word_1_140' title='bbox 131 2311 236 2400; x_wconf 81' lang='lat' dir='ltr'>fuere</span> <span class='ocrx_word' id='word_1_141' title='bbox 250 2315 596 2450; x_wconf 86' lang='lat' dir='ltr'>philosophorum,</span> <span class='ocrx_word' id='word_1_142' title='bbox 620 2344 668 2401; x_wconf 92' lang='lat' dir='ltr'>ne</span> <span class='ocrx_word' id='word_1_143' title='bbox 698 2318 768 2402; x_wconf 89' lang='lat' dir='ltr'>has</span> <span class='ocrx_word' id='word_1_144' title='bbox 794 2317 986 2431; x_wconf 86' lang='lat' dir='ltr'>quidem</span> <span class='ocrx_word' id='word_1_145' title='bbox 974 2312 1133 2402; x_wconf 78' lang='lat' dir='ltr'>intactas</span> <span class='ocrx_word' id='word_1_146' title='bbox 1154 2315 1363 2430; x_wconf 78' lang='lat' dir='ltr'>relinquere</span> <span class='ocrx_word' id='word_1_147' title='bbox 1383 2316 1503 2402; x_wconf 89' lang='lat' dir='ltr'>consi-</span> 
     </span>
     <span class='ocr_line' id='line_1_18' title="bbox 59 2429 1503 2569; baseline 0.001 -52"><span class='ocrx_word' id='word_1_148' title='bbox 59 2430 152 2517; x_wconf 90' lang='lat' dir='ltr'>lium</span> <span class='ocrx_word' id='word_1_149' title='bbox 167 2430 279 2516; x_wconf 88' lang='lat' dir='ltr'>nobis</span> <span class='ocrx_word' id='word_1_150' title='bbox 290 2429 430 2536; x_wconf 86' lang='lat' dir='ltr'>fuir,</span> <span class='ocrx_word' id='word_1_151' title='bbox 422 2457 475 2517; x_wconf 90' lang='grc' dir='ltr'>ιιι</span> <span class='ocrx_word' id='word_1_152' title='bbox 486 2433 643 2517; x_wconf 91' lang='lat' dir='ltr'>demum</span> <span class='ocrx_word' id='word_1_153' title='bbox 658 2435 776 2537; x_wconf 89' lang='lat' dir='ltr'>ratis,</span> <span class='ocrx_word' id='word_1_154' title='bbox 805 2462 915 2569; x_wconf 83' lang='lat' dir='ltr'>posse</span> <span class='ocrx_word' id='word_1_155' title='bbox 938 2434 1081 2550; x_wconf 93' lang='lat' dir='ltr'>aliquid</span> <span class='ocrx_word' id='word_1_156' title='bbox 1102 2457 1207 2519; x_wconf 91' lang='lat' dir='ltr'>recte</span> <span class='ocrx_word' id='word_1_157' title='bbox 1233 2432 1436 2538; x_wconf 89' lang='lat' dir='ltr'>constitui,</span> <span class='ocrx_word' id='word_1_158' title='bbox 1459 2436 1503 2522; x_wconf 93' lang='lat' dir='ltr'>si</span> 
     </span>
     <span class='ocr_line' id='line_1_19' title="bbox 60 2549 1502 2687; baseline 0.003 -54"><span class='ocrx_word' id='word_1_159' title='bbox 60 2576 151 2633; x_wconf 92' lang='lat' dir='ltr'>cum</span> <span class='ocrx_word' id='word_1_160' title='bbox 176 2550 287 2634; x_wconf 84' lang='lat' dir='ltr'>sactis</span> <span class='ocrx_word' id='word_1_161' title='bbox 305 2549 434 2634; x_wconf 84' lang='lat' dir='ltr'>litteris</span> <span class='ocrx_word' id='word_1_162' title='bbox 452 2572 668 2634; x_wconf 87' lang='lat' dir='ltr'>sanctorum</span> <span class='ocrx_word' id='word_1_163' title='bbox 695 2552 995 2687; x_wconf 86' lang='lat' dir='ltr'>sapientiumque</span> <span class='ocrx_word' id='word_1_164' title='bbox 1019 2551 1190 2638; x_wconf 83' lang='lat' dir='ltr'>uirorum</span> <span class='ocrx_word' id='word_1_165' title='bbox 1209 2578 1433 2664; x_wconf 89' lang='lat' dir='ltr'>responsa,</span> <span class='ocrx_word' id='word_1_166' title='bbox 1461 2575 1502 2637; x_wconf 89' lang='lat' dir='ltr'>et</span> 
     </span>
     <span class='ocr_line' id='line_1_20' title="bbox 60 2667 1498 2784; baseline 0 -33"><span class='ocrx_word' id='word_1_167' title='bbox 60 2693 150 2751; x_wconf 89' lang='lat' dir='ltr'>cum</span> <span class='ocrx_word' id='word_1_168' title='bbox 181 2691 351 2781; x_wconf 79' lang='lat' dir='ltr'>utrisque</span> <span class='ocrx_word' id='word_1_169' title='bbox 362 2692 500 2752; x_wconf 88' lang='lat' dir='ltr'>natura</span> <span class='ocrx_word' id='word_1_170' title='bbox 523 2667 564 2750; x_wconf 82' lang='lat' dir='ltr'>in.</span> <span class='ocrx_word' id='word_1_171' title='bbox 593 2668 769 2753; x_wconf 86' lang='lat' dir='ltr'>eamdem</span> <span class='ocrx_word' id='word_1_172' title='bbox 798 2669 1025 2754; x_wconf 86' lang='lat' dir='ltr'>sententiam</span> <span class='ocrx_word' id='word_1_173' title='bbox 1053 2695 1265 2784; x_wconf 90' lang='lat' dir='ltr'>congruere</span> <span class='ocrx_word' id='word_1_174' title='bbox 1294 2667 1498 2754; x_wconf 84' lang='lat' dir='ltr'>videretur.</span> 
     </span>
     <span class='ocr_line' id='line_1_21' title="bbox 62 2782 1502 2921; baseline 0.001 -53"><span class='ocrx_word' id='word_1_175' title='bbox 62 2782 161 2869; x_wconf 89' lang='lat' dir='ltr'>Sed</span> <span class='ocrx_word' id='word_1_176' title='bbox 152 2811 227 2895; x_wconf 69' lang='lat' dir='ltr'>tam</span> <span class='ocrx_word' id='word_1_177' title='bbox 242 2785 290 2869; x_wconf 87' lang='lat' dir='ltr'>de</span> <span class='ocrx_word' id='word_1_178' title='bbox 310 2783 579 2889; x_wconf 84' lang='lat' dir='ltr'>definitione,</span> <span class='ocrx_word' id='word_1_179' title='bbox 570 2784 830 2890; x_wconf 77' lang='lat' dir='ltr'>institutione,</span> <span class='ocrx_word' id='word_1_180' title='bbox 831 2783 921 2870; x_wconf 86' lang='lat' dir='ltr'>fine</span> <span class='ocrx_word' id='word_1_181' title='bbox 937 2785 1328 2920; x_wconf 79' lang='lat' dir='ltr'>,impedimentisque</span> <span class='ocrx_word' id='word_1_182' title='bbox 1344 2785 1502 2921; x_wconf 85' lang='lat' dir='ltr'>nuptia·</span> 
     </span>
    </p>
   </div>
   <div class='ocr_carea' id='block_1_3' title="bbox 60 2901 1554 3136">
    <p class='ocr_par' dir='ltr' id='par_1_3' title="bbox 60 2901 1554 3136">
     <span class='ocr_line' id='line_1_22' title="bbox 62 2901 1500 3021; baseline 0.004 -37"><span class='ocrx_word' id='word_1_183' title='bbox 62 2927 147 2984; x_wconf 89' lang='lat' dir='ltr'>rum</span> <span class='ocrx_word' id='word_1_184' title='bbox 175 2901 382 2988; x_wconf 79' lang='lat' dir='ltr'>disserere</span> <span class='ocrx_word' id='word_1_185' title='bbox 369 2902 611 3016; x_wconf 85' lang='lat' dir='ltr'>mcipiamus:</span> <span class='ocrx_word' id='word_1_186' title='bbox 640 2902 816 2991; x_wconf 89' lang='lat' dir='ltr'>hisenim</span> <span class='ocrx_word' id='word_1_187' title='bbox 829 2901 1172 3019; x_wconf 86' lang='lat' dir='ltr'>rebusexplicatis,</span> <span class='ocrx_word' id='word_1_188' title='bbox 1186 2902 1353 3021; x_wconf 90' lang='lat' dir='ltr'>reliqua</span> <span class='ocrx_word' id='word_1_189' title='bbox 1342 2901 1500 2990; x_wconf 83' lang='grc' dir='ltr'><strong>ιιιιιίιιιιὶ</strong></span> 
     </span>
     <span class='ocr_line' id='line_1_23' title="bbox 60 3015 1554 3136; baseline 0.003 -33"><span class='ocrx_word' id='word_1_190' title='bbox 60 3040 183 3104; x_wconf 81' lang='lat' dir='ltr'>nostri</span> <span class='ocrx_word' id='word_1_191' title='bbox 167 3015 401 3136; x_wconf 84' lang='lat' dir='ltr'>expeditius</span> <span class='ocrx_word' id='word_1_192' title='bbox 412 3045 696 3136; x_wconf 89' lang='lat' dir='ltr'>persequemur</span> <span class='ocrx_word' id='word_1_193' title='bbox 696 3027 716 3066; x_wconf 69' lang='lat'><strong><em>⁴</em></strong></span> <span class='ocrx_word' id='word_1_194' title='bbox 1548 3039 1554 3044; x_wconf 73' lang='grc'><em>’</em></span> 
     </span>
    </p>
   </div>
   <div class='ocr_carea' id='block_1_4' title="bbox 61 3358 1498 3630">
    <p class='ocr_par' dir='ltr' id='par_1_4' title="bbox 61 3358 1498 3602">
     <span class='ocr_line' id='line_1_24' title="bbox 101 3358 1498 3440; baseline 0.002 -22"><span class='ocrx_word' id='word_1_195' title='bbox 101 3361 123 3402; x_wconf 72' lang='grc'><em>*</em></span> <span class='ocrx_word' id='word_1_196' title='bbox 160 3358 262 3418; x_wconf 75' lang='lat' dir='ltr'>Prima</span> <span class='ocrx_word' id='word_1_197' title='bbox 283 3359 369 3435; x_wconf 75' lang='lat' dir='ltr'>hujus</span> <span class='ocrx_word' id='word_1_198' title='bbox 388 3361 488 3435; x_wconf 82' lang='lat' dir='ltr'>operis·</span> <span class='ocrx_word' id='word_1_199' title='bbox 504 3360 545 3420; x_wconf 76' lang='lat' dir='ltr'>de</span> <span class='ocrx_word' id='word_1_200' title='bbox 564 3359 632 3418; x_wconf 79' lang='lat' dir='ltr'>ritu</span> <span class='ocrx_word' id='word_1_201' title='bbox 650 3359 817 3434; x_wconf 73' lang='lat' dir='ltr'>nuptiarum</span> <span class='ocrx_word' id='word_1_202' title='bbox 838 3360 932 3420; x_wconf 86' lang='lat' dir='ltr'>editio</span> <span class='ocrx_word' id='word_1_203' title='bbox 943 3379 981 3422; x_wconf 75' lang='lat' dir='ltr'>et</span> <span class='ocrx_word' id='word_1_204' title='bbox 1001 3380 1075 3424; x_wconf 81' lang='lat' dir='ltr'>sane</span> <span class='ocrx_word' id='word_1_205' title='bbox 1090 3376 1163 3440; x_wconf 73' lang='lat' dir='ltr'>ott,</span> <span class='ocrx_word' id='word_1_206' title='bbox 1183 3382 1258 3440; x_wconf 81' lang='lat' dir='ltr'>quae</span> <span class='ocrx_word' id='word_1_207' title='bbox 1279 3380 1387 3424; x_wconf 84' lang='lat' dir='ltr'>annunt</span> <span class='ocrx_word' id='word_1_208' title='bbox 1408 3359 1498 3424; x_wconf 82' lang='lat' dir='ltr'>habet</span> 
     </span>
     <span class='ocr_line' id='line_1_25' title="bbox 62 3438 1494 3521; baseline 0 -24"><span class='ocrx_word' id='word_1_209' title='bbox 62 3438 216 3514; x_wconf 75' lang='lat' dir='ltr'>ascriptum</span> <span class='ocrx_word' id='word_1_210' title='bbox 233 3440 275 3498; x_wconf 88' lang='grc' dir='ltr'>Μ.</span> <span class='ocrx_word' id='word_1_211' title='bbox 279 3441 307 3497; x_wconf 87' lang='lat' dir='ltr'>D</span> <span class='ocrx_word' id='word_1_212' title='bbox 310 3441 455 3498; x_wconf 87' lang='grc' dir='ltr'><strong>.ΧΧ.“ΧΙ</strong></span> <span class='ocrx_word' id='word_1_213' title='bbox 447 3460 481 3497; x_wconf 87' lang='grc' dir='ltr'>ιιι</span> <span class='ocrx_word' id='word_1_214' title='bbox 497 3440 545 3514; x_wconf 86' lang='grc'>4</span> <span class='ocrx_word' id='word_1_215' title='bbox 557 3453 588 3497; x_wconf 90' lang='lat' dir='ltr'>et</span> <span class='ocrx_word' id='word_1_216' title='bbox 601 3440 639 3495; x_wconf 87' lang='lat' dir='ltr'>ad</span> <span class='ocrx_word' id='word_1_217' title='bbox 658 3456 714 3496; x_wconf 85' lang='lat' dir='ltr'>uos</span> <span class='ocrx_word' id='word_1_218' title='bbox 730 3442 898 3517; x_wconf 83' lang='lat' dir='ltr'>transmissa</span> <span class='ocrx_word' id='word_1_219' title='bbox 916 3457 960 3501; x_wconf 74' lang='lat' dir='ltr'>ert</span> <span class='ocrx_word' id='word_1_220' title='bbox 980 3460 1014 3501; x_wconf 81' lang='lat' dir='ltr'>er</span> <span class='ocrx_word' id='word_1_221' title='bbox 1025 3446 1167 3503; x_wconf 84' lang='lat' dir='ltr'>tabulario</span> <span class='ocrx_word' id='word_1_222' title='bbox 1190 3445 1407 3521; x_wconf 85' lang='lat' dir='ltr'>Septimacensi</span> <span class='ocrx_word' id='word_1_223' title='bbox 1434 3441 1494 3498; x_wconf 87' lang='lat' dir='ltr'>Sed</span> 
     </span>
     <span class='ocr_line' id='line_1_26' title="bbox 61 3514 1495 3630; baseline 0.002 -54"><span class='ocrx_word' id='word_1_224' title='bbox 61 3535 128 3576; x_wconf 89' lang='lat' dir='ltr'>eum</span> <span class='ocrx_word' id='word_1_225' title='bbox 140 3519 306 3592; x_wconf 81' lang='lat' dir='ltr'>aliquibus</span> <span class='ocrx_word' id='word_1_226' title='bbox 299 3538 333 3580; x_wconf 88' lang='lat' dir='ltr'>ro</span> <span class='ocrx_word' id='word_1_227' title='bbox 352 3522 427 3630; x_wconf 78' lang='lat' dir='ltr'>loeis</span> <span class='ocrx_word' id='word_1_228' title='bbox 436 3521 475 3579; x_wconf 82' lang='lat' dir='ltr'>ab</span> <span class='ocrx_word' id='word_1_229' title='bbox 490 3537 529 3579; x_wconf 74' lang='lat' dir='ltr'>ea</span> <span class='ocrx_word' id='word_1_230' title='bbox 547 3517 681 3577; x_wconf 83' lang='lat' dir='ltr'>differant</span> <span class='ocrx_word' id='word_1_231' title='bbox 703 3514 880 3592; x_wconf 76' lang='lat' dir='ltr'>posteriores</span> <span class='ocrx_word' id='word_1_232' title='bbox 892 3523 1038 3583; x_wconf 81' lang='lat' dir='ltr'>editiones</span> <span class='ocrx_word' id='word_1_233' title='bbox 1049 3563 1065 3600; x_wconf 86' lang='lat'>,</span> <span class='ocrx_word' id='word_1_234' title='bbox 1081 3542 1116 3584; x_wconf 87' lang='lat' dir='ltr'>ea</span> <span class='ocrx_word' id='word_1_235' title='bbox 1138 3526 1297 3602; x_wconf 79' lang='lat' dir='ltr'>diligenter</span> <span class='ocrx_word' id='word_1_236' title='bbox 1313 3537 1447 3583; x_wconf 77' lang='lat' dir='ltr'>notamus</span> <span class='ocrx_word' id='word_1_237' title='bbox 1462 3521 1495 3580; x_wconf 80' lang='lat' dir='ltr'>in</span> 
     </span>
    </p>
   </div>
   <div class='ocr_carea' id='block_1_5' title="bbox 64 3597 204 3673">
    <p class='ocr_par' dir='ltr' id='par_1_5' title="bbox 64 3597 204 3673">
     <span class='ocr_line' id='line_1_27' title="bbox 64 3597 204 3673; baseline 0 -18"><span class='ocrx_word' id='word_1_238' title='bbox 64 3597 204 3673; x_wconf 66' lang='lat' dir='ltr'>margine,</span> 
     </span>
    </p>
   </div>
   <div class='ocr_carea' id='block_1_6' title="bbox 0 0 2008 5850">
    <p class='ocr_par' dir='ltr' id='par_1_6' title="bbox 0 0 2008 5850">
     <span class='ocr_line' id='line_1_28' title="bbox 0 0 2008 5850; baseline 0 2"><span class='ocrx_word' id='word_1_239' title='bbox 0 0 2008 5850; x_wconf 95' lang='lat' dir='ltr'> </span> 
     </span>
    </p>
   </div>
  </div>
 </body>
</html>
