4006 5850
508 401 578 472 510
821 387 887 458 uu
914 388 1044 460 raro
1067 391 1132 460 ur
1156 387 1333 466 statuo
1354 387 1598 466 'annuato

480 538 519 603 et
535 513 740 621 avaritiae,
765 538 1054 630 ursmarumque.
1070 516 1252 604 virtutum
1282 516 1321 603 e't
1344 510 1554 622 vitiorum,
1579 536 1682 631 quae
1713 540 1841 601 mores
1871 545 1922 608 at·

475 629 629 747 tingunt
646 694 659 738 ,
675 633 888 749 reperietur.
923 639 1025 719 Nam
1041 635 1149 757 quod
1162 661 1295 722 natura
1311 634 1477 750 cuipiam
1485 636 1615 739 adest,
1640 634 1681 719 id
1699 633 1807 718 nulla
1820 665 1918 747 cura,

477 750 578 835 nulla
592 752 863 839 consuetudine
878 754 1120 847 indiversum
1135 784 1228 870 agas
1244 786 1253 839 ε
1269 748 1482 859 ursarum,
1499 755 1614 868 quod
1626 751 1792 837 nantcali
1807 780 1917 869 arque

475 867 581 955 insita
597 870 780 986 gravitate
795 867 960 978 defertur
977 900 996 979 ,‘
1009 898 1124 960 nemo
1138 867 1344 986 quantiibtt
1368 873 1539 989 saepe-in
1555 863 1717 955 sublime
1734 870 1910 980 jaciendo,

476 987 525 1077 sic
552 986 715 1096 afficiat,
739 1016 783 1076 ut
805 995 992 1078 assuetum
1011 991 1216 1107 aliquando
1240 992 1359 1106 ipsum
1377 1018 1443 1076 sua
1464 985 1603 1110 ‘sponte
1623 989 1832 1102 superiora
1857 1021 1914 1080 ca·

413 1116 415 1119 ”
474 1135 624 1219 pessat,
649 1137 736 1192 cum
752 1110 897 1195 interim
915 1107 1036 1207 mores
1059 1111 1258 1196 hominum
1282 1110 1340 1194 alii
1355 1133 1395 1195 et
1410 1109 1469 1194 alii
1498 1138 1568 1222 pro
1594 1106 1812 1191 discrimine
1825 1135 1914 1194 con·

398 1247 403 1253 ·
473 1227 676 1312 suetudinis
691 1221 908 1314 efficiantur.
942 1227 1004 1314 Ad
1021 1227 1112 1313 haec
1124 1229 1162 1313 in
1188 1231 1298 1314 rebus
1324 1219 1551 1343 naturalibus
1575 1220 1744 1339 primum
1775 1225 1913 1315 habitus

472 1369 645 1429 anatura
661 1368 909 1451 mutuamur,
938 1345 1075 1432 deinde
1101 1343 1230 1436 officiis
1259 1375 1324 1461 pet
1339 1348 1438 1460 ipsos
1467 1343 1767 1457 muneribusque
1803 1342 1915 1463 fitngi·

472 1490 557 1546 mur
575 1520 588 1566 ‚
605 1487 649 1548 ut
663 1462 816 1550 videndi
832 1465 1096 1550 habirumnon
1113 1464 1221 1550 nobis
1239 1464 1308 1578 ipsi
1327 1464 1562 1579 peperimus,
1589 1460 1657 1546 sed
1689 1488 1785 1546 cum
1816 1467 1916 1551 nobis

470 1603 606 1694 sponte
622 1607 776 1668 naturae
790 1607 962 1698 suppetat
978 1642 991 1688 ,
1008 1576 1159 1670 videndi
1175 1578 1366 1700 fungimur
1380 1580 1519 1669 officio.
1535 1587 1578 1665 In
1592 1580 1632 1664 iis
1649 1602 1803 1685 autem,
1822 1611 1913 1696 quae

470 1726 551 1784 non
567 1727 700 1784 natura
714 1704 942 1816 proveniunt
958 1759 972 1806 ,
987 1729 1033 1786 ex
1049 1701 1220 1816 operibus
1233 1725 1271 1787 et
1286 1700 1492 1786 actionibus
1515 1699 1668 1784 habitus
1686 1697 1800 1784 nobis
1814 1726 1910 1785 conr·

469 1845 665 1930 paramus:
682 1848 806 1934 neque
823 1821 924 1905 enim
948 1847 1051 1905 secus
1067 1814 1198 1904 artifex
1213 1819 1295 1936 quis
1318 1815 1507 1923 efficitur,
1533 1816 1701 1932 quamsi
1727 1817 1817 1902 attis
1838 1849 1915 1904 mu·

468 1962 559 2019 nera
573 1965 682 2049 saepe
706 1937 756 2023 ad
785 1937 1047 2052 praescriptum
1063 1936 1231 2024 docentis
1245 1936 1390 2023 obierit.
1422 1941 1525 2021 Cum
1540 1935 1653 2051 igitur
1673 1934 1835 2022 virtute
1855 1966 1915 2051 per

469 2080 598 2137 curam
620 2054 729 2138 nobis
743 2083 788 2138 ac
804 2055 1084 2142 meditationem
1104 2056 1359 2173 contingant,
1391 2081 1500 2168 saepe
1515 2055 1621 2138 enim
1646 2080 1673 2134 a
1708 2053 1910 2166 voluptati·

470 2169 541 2255 bus
557 2171 803 2285 temperando
830 2198 1079 2288 temperantes
1101 2169 1311 2279 efficimur,
1344 2198 1388 2258 ut
1419 2168 1565 2277 fortes,
1591 2169 1759 2285 pericula
1785 2172 1906 2257 identi-

469 2286 558 2375 dem
573 2290 801 2393 subeuntes,
820 2292 980 2409 dubitari
997 2318 1077 2378 non
1095 2316 1249 2405 potest,
1272 2292 1367 2407 quin
1392 2292 1547 2379 virtutes
1590 2289 1679 2374 obis
1696 2289 1826 2377 studio
1850 2318 1912 2376 tu·

468 2435 585 2520 raque
603 2433 758 2513 nostra,
777 2437 857 2496 non
874 2436 1009 2525 sponte
1026 2434 1182 2495 naturae
1202 2413 1458 2527 contingant„
1481 2429 1485 2436 ’

526 2527 673 2610 XXIV.
733 2532 816 2644 Age
832 2557 924 2616 vero
938 2529 1003 2642 qui
1019 2529 1174 2615 virtutes
1187 2528 1352 2644 vitiaque
1369 2319 1589 2730 mortali&
1599 2523 1779 2613 referunt
1802 2527 1851 2613 ad
1867 2523 1917 2612 fa·

468 2640 580 2728 talem
597 2644 886 2751 necessitatem,
916 2673 986 2730 nec
1009 2645 1165 2730 libertati
1193 2671 1342 2759 nostrae
1374 2645 1507 2759 permit
1553 2670 1596 2730 nt
1633 2707 1646 2750 ,
1682 2647 1916 2733 virtutumne

468 2759 551 2864 via,
578 2791 626 2845 an
644 2762 819 2847 vitiorum
844 2764 988 2878 ingredi
1013 2763 1203 2848 malimus:
1228 2765 1431 2877 quomodo
1447 2764 1495 2868 ii,
1513 2762 1540 2847 si
1557 2762 1622 2847 sibi
1640 2789 1823 2849 constare
1854 2794 1917 2850 ve-

468 2875 563 2983 lint,
590 2878 810 2985 hominem,
833 2906 985 2996 propter
1000 2904 1286 2997 quem'·ceterae
1304 2881 1509 2967 animantes
1537 2881 1753 2998 gignuntur
1775 2905 1846 2988 ,et
1869 2881 1915 2968 ad

468 2995 573 3108 cujus
589 2997 743 3082 salutem
763 3000 1165 3114 conservationemque
1179 3001 1363 3113 pertinent
1381 3059 1393 3104 ,
1421 3001 1533 3085 abeo
1550 3023 1695 3114 queant
1710 3001 1917 3104 vindicare,

280 3161 366 3208 namo
377 3155 457 3217 pesa.
472 3142 520 3223 ne
536 3115 708 3199 omnium
723 3115 938 3201 animalium
954 3117 1127 3230 pessimus
1136 3113 1248 3202 fuerit
1263 3147 1286 3201 a
1300 3143 1431 3227 natura
1447 3117 1681 3232 productus?
1704 3117 1919 3221 Quoniam,

278 3231 461 3338 ἑῗιῗῖιῆῗῗὲρὲξ
473 3258 627 3344 excepta
644 3233 779 3318 virtute
793 3295 804 3337 ,
817 3235 973 3319 istorum
988 3235 1169 3320 sententia
1186 3235 1275 3320 nihil
1290 3260 1346 3322 est
1361 3236 1401 3346 in
1417 3235 1554 3341 bonis,
1571 3235 1610 3319 in
1625 3234 1732 3319 malis
1750 3235 1868 3338 nihil,
1892 3235 1919 3318 si

285 3339 396 3389 ⁵‘⁰³⁰⁰⁵·
474 3349 606 3437 uitium
631 3349 816 3435 excludas.
847 3356 900 3438 At
925 3380 1014 3437 curn
1036 3354 1074 3437 in
1102 3377 1312 3439 ceterorum
1342 3353 1588 3439 animantium
1619 3340 1770 3438 nulium
1796 3381 1918 3468 neque

474 3466 590 3554 virtus
605 3467 713 3552 cadat
730 3496 856 3582 neque
870 3469 1001 3557 vitium
1019 3469 1218 3575 ,homines
1235 3472 1399 3587 plerique
1418 3500 1550 3558 omnes
1566 3469 1652 3554 mali
1666 3495 1785 3575 sunt,
1802 3495 1917 3586 atquc

476 3585 574 3681 adeo
589 3611 676 3700 post
701 3586 898 3671 hominum
915 3590 1132 3673 memoriam
1150 3619 1247 3677 unus
1268 3615 1334 3699 aut¹
1363 3590 1454 3675 alter
1482 3591 1607 3674 bonus
1633 3585 1745 3672 fuisse
1776 3590 1829 3672 ab
1852 3588 1921 3674 istis

478 3730 823 3809 commemoratur,
847 3728 891 3790 ut
923 3706 1184 3792 admirandum
1211 3708 1409 3824 quoddam
1441 3736 1486 3793 ac
1519 3707 1738 3792 inusitatum
1765 3707 1918 3809 animal,

479 3818 631 3935 ipsaque
646 3822 830 3934 phoenice
857 3825 982 3939 rarius.
1017 3825 1139 3917 Quod
1163 3825 1190 3910 si
1220 3851 1370 3941 peccata
1398 3850 1538 3912 cuncta
1571 3826 1672 3938 paria
1701 3848 1827 3929 sunt,
1855 3852 1921 3909 nec

482 3938 601 4023 malus
625 3939 717 4024 alter
732 3940 849 4026 altero
864 3941 969 4057 pejor
982 3968 1037 4058 est
1053 4002 1066 4048 ‚
1085 3966 1129 4028 ut
1147 3944 1299 4030 istorum
1314 3945 1495 4061 dogmate
1506 3941 1781 4048 constituitur,
1804 3940 1920 4057 etqui

484 4085 563 4143 non
585 4057 673 4142 sunt
690 4059 897 4172 sapientes,
921 4089 1053 4145 omnes
1084 4062 1219 4175 pariter
1236 4062 1460 4171 insaniunt:
1479 4061 1561 4178 qui
1586 4059 1666 4146 'fieri
1686 4085 1822 4174 potest
1846 4123 1860 4168 ,
1881 4084 1926 4146 ut

485 4175 605 4265 homo
621 4205 702 4260 non
725 4177 770 4262 sit
791 4178 1011 4263 miserrimus
1027 4179 1303 4284 animantium,
1330 4180 1391 4265 cui
1405 4180 1537 4267 vitium
1554 4205 1609 4264 est
1631 4179 1787 4264 insitum
1805 4203 1848 4264 et
1875 4179 1929 4263 in·

485 4293 586 4378 sania
601 4294 848 4381 hereditaria?
872 4296 945 4380 Sed
962 4296 1056 4409 quia
1066 4321 1236 4384 veterum
1252 4297 1563 4415 philosophorum
1581 4294 1839 4383 fundamenta
1863 4325 1930 4383 nec

486 4407 587 4515 alte,
616 4439 685 4496 nec
700 4437 915 4499 constanter
930 4413 1024 4525 jacta
1042 4444 1118 4499 esse
1137 4473 1150 4519 ‚
1167 4415 1251 4501 satis
1266 4477 1279 4520 ,
1294 4441 1336 4503 ut
1352 4418 1507 4531 quidem
1531 4417 1733 4521 videmur,
1756 4417 1930 4502 ostendi-

486 4557 662 4736 tptus,diac
677 4530 841 4648 ipsorum
855 4531 1015 4620 rationes
1030 4527 1295 4624 refutavimus:
1320 4564 1421 4652 quae
1437 4560 1645 4654 sequuntur
1659 4594 1671 4641 ,
1683 4533 1724 4618 in
1745 4536 1867 4623 tertio
1888 4535 1928 4619 li·

515 4676 559 4736 to
629 4676 821 4739 sseremus·
1012 4671 1015 4677 ’
1106 4668 1108 4675 ‘
1392 4708 1395 4712 Δ
1661 4702 1667 4710 ·

1852 5013 1932 5126 Jo
