4006 5850
691 354 888 444 LI'BER
927 368 956 436 Ι.
1116 354 1118 357 ’
1154 406 1160 414 -
1437 371 1516 466 ·'425

82 493 148 584 tur
168 491 346 585 naturali
355 522 434 580 non
466 478 589 581 solum
615 487 694 578 ιιιιιι
727 516 859 608 atque
867 480 1083 607 parentibus
1098 515 1231 578 mutua
1243 492 1435 580 connubia
1451 523 1537 586 sunt

81 616 279 703 interdicta
309 613 466 730 (ceteris
491 640 652 747 quoque
682 612 968 719 animantibus,
998 611 1143 698 nedum
1164 611 1415 719 hominibus,
1446 614 1536 702 tales

81 735 202 821 coitus
229 737 325 822 duce
342 761 476 818 natura
495 729 727 835 vitantibus,
747 756 791 818 ut
806 732 856 818 de
872 761 974 849 equo
990 728 1168 817 traditum
1185 756 1240 817 est
1267 760 1290 816 a
1312 731 1499 820 veteribus
1518 734 1533 850 )
1554 779 1593 832 ι

79 854 147 938 sed
169 853 312 940 cunctis
340 854 469 955 etiam,
484 849 551 965 qui
567 873 667 935 recta
680 793 777 935 liriea
800 851 1065 939 descendendo
1091 874 1159 935 aut
1183 849 1424 941 ascendendo
1456 851 1533 938 col

79 968 266 1060 locantur.
292 968 486 1057 Naturalis
509 969 609 1054 enim
641 968 848 1057 reverentia
873 994 912 1055 ει
936 966 1185 1063 observantia
1205 968 1406 1081 filiorum
1395 999 1435 1054 ιιι
1460 999 1532 1084 pa-

79 1108 204 1177 rentes
233 1115 272 1177 et
294 1083 480 1201 majores(
495 1115 595 1203 quae
620 1086 784 1202 ipsorum
809 1089 999 1175 connubia
1024 1086 1190 1202 respuit,
1207 1091 1532 1223 proptereaquod

81 1209 264 1327 conjuges
288 1236 395 1323 pares
414 1235 491 1293 esse
515 1204 657 1291 debent
673 1205 756 1323 lege
778 1207 967 1323 naturae)
991 1205 1109 1319 major
1136 1231 1191 1291 est
1206 1207 1245 1289 in
1260 1235 1380 1293 avos:
1394 1230 1434 1293 et
1448 1220 1531 1323 quo

81 1325 191 1412 altius
223 1325 464 1430 ascenditur,
492 1323 568 1409 hoc
604 1324 717 1408 etiam
749 1325 865 1442 magis
902 1327 1077 1443 augescit.
1098 1326 1363 1420 Quamobrem
1394 1325 1532 1411 Paulus
1542 1313 1611 1446 ηιξ
1611 1317 1722 1435 ,m

81 1445 389 1558 prudentissimus
406 1386 691 1557 jurisconsultus:
709 1439 982 1560 June,1nquit,
993 1450 1159 1554 gentium
1173 1451 1351 1527 incestum
1367 1453 1529 1528 cammit—
1543 1432 1665 1513 ‘mim

82 1570 167 1669 tit,
197 1573 262 1672 qai
276 1591 327 1648 ear
348 1567 475 1674 gradu
494 1563 767 1647 ascendentium
779 1557 848 1648 vel
859 1567 1157 1646 descendentium
1181 1588 1335 1646 uxorem
1350 1565 1526 1649 duxerit:

81 1621 227 1796 qudd
217 1711 257 1767 ιιι
287 1679 474 1767 infinitum
503 1679 706 1796 procedere
721 1679 840 1794 Gajus
856 1706 912 1769 est
937 1705 1082 1767 auctor
1101 1684 1201 1765 Inter
1218 1707 1283 1764 eos
1299 1704 1449 1787 autem,
1462 1684 1530 1816 qui
1559 1675 1706 1772 ¹⁸³¹¹i¹¹⁸

81 1799 238 1917 obliqua
253 1799 577 1917 consanguinitate
593 1799 632 1883 in
665 1827 911 1916 quocumque
935 1797 1096 1917 gradu
1088 1822 1326 1913 punguntur,
1354 1799 1530 1917 conjugia
1544 1797 1635 1905 „m”
1651 1794 1723 1902 ,ἓιιιιὲ

81 1915 161 2004 fieri
183 1948 264 2005 non
286 1942 463 2007 vetantur
492 1917 576 2036 lege
604 1942 789 2003 naturae:
817 1920 884 2004 nist
875 1917 1034 2082 legem
1066 1916 1234 2007 divinam
1253 1940 1446 2024 veterem,
1464 1948 1529 2003 na·
1544 1923 1724 2023 ms
1687 1980 1723 2020 m

81 2060 190 2123 turae
215 2066 374 2155 quoque
400 2037 524 2173 legem
555 2035 643 2151 velis
665 2035 903 2152 appellare.
1543 2031 1675 2084 ’mi'
1711 2125 1715 2139 ,

142 2158 243 2243 XHI
302 2154 583 2242 Matrimonia
574 2154 702 2271 igitur
713 2154 1080 2273 consanguineorum
1096 2155 1271 2242 exlatere
1298 2149 1544 2242 uenientium
1665 2252 1670 2262 s
1710 2251 1712 2259 A

83 2299 165 2359 non
185 2297 274 2360 sunt
287 2299 421 2361 namra
448 2272 635 2389 prohibita
661 2272 841 2386 (constat
863 2275 963 2360 enim
979 2274 1099 2380 oiim,
1118 2299 1206 2359 cum
1238 2273 1408 2359 homines
1423 2275 1531 2360 nullis

83 2389 152 2476 nisi
180 2416 335 2477 naturae
366 2391 508 2508 legibus
552 2390 822 2496 tenebantur,
860 2389 989 2478 fratres
1018 2395 1130 2477 etiam
1160 2415 1248 2494 cum
1277 2393 1501 2478 sororibus
1491 2425 1586 2479 ιιι

83 2509 365 2597 matrimonium
393 2508 641 2623 convenisse)
670 2509 737 2595 sed
766 2509 901 2625 partim
930 2509 1050 2625 priscis
1077 2485 1221 2627 legibus
1251 2509 1383 2599 divinis
1414 2512 1531 2598 vetita
1562 2563 1655 2617 ιιι,
1667 2561 1705 2622 ,ι

82 2656 202 2762 sunt,
229 2629 362 2744 partim
390 2625 609 2744 pontificiis.
638 2653 682 2714 ut
711 2626 797 2713 de
788 2657 865 2739 rure
897 2628 993 2717 civili
1019 2655 1201 2733 taceam,
1231 2629 1353 2743 quod
1367 2628 1549 2767 multum,

81 2743 123 2830 in
144 2747 215 2833 hac
243 2773 349 2864 parte
380 2777 469 2835 cum
495 2744 689 2864 pontificio
720 2746 955 2853 convenire,
947 2768 1052 2833 non
1078 2739 1217 2863 poterit
1232 2746 1429 2853 dubitare,
1461 2749 1529 2865 qui
1626 2758 1661 2775 ’·
1704 2835 1708 2842 ,

82 2863 291 2952 titulum
259 2896 336 2981 erus
368 2871 414 2952 de
430 2874 511 2952 ritu
535 2874 750 2976 nuptiarum
776 2808 966 2982 perlegere
996 2891 1077 2953 non
1110 2865 1339 2983 gravabitur
1357 2871 1462 2951 Deus
1491 2897 1529 2954 e·

83 2982 163 3067 nim
186 3012 252 3099 ρει
277 2987 430 3072 Mosem
463 2983 608 3120 populo
636 2985 902 3099 judaeorum,
933 2985 994 3070 cui
1017 3008 1269 3070 successerunt
1293 2983 1528 3121 Christiani,

1576 721 1726 783 Aean-po

83 3098 207 3217 legem
240 3103 374 3212 dedit,
403 3131 452 3190 ne
473 3103 557 3221 quis
572 3102 623 3189 ad
655 3102 864 3238 proximam
880 3102 935 3186 sui
959 3102 1164 3218 sanguinis
1168 3102 1360 3187 accederet
1376 3164 1388 3206 ,
1404 3104 1527 3218 turpi

81 3220 311 3306 tudinem
279 3251 358 3333 erus
386 3221 653 3309 revelaturus:
683 3221 787 3308 sed
778 3251 817 3306 ιιι
851 3220 974 3333 hujus
996 3221 1182 3336 praecepti
1206 3219 1454 3334 explicatione
1479 3251 1525 3307 ειι

81 3336 366 3474 consanguineis
389 3366 413 3422 a
438 3336 551 3424 latere
571 3366 717 3424 sorores
746 3361 913 3424 tantum
922 3367 967 3424 ex
982 3366 1061 3453 pan
1050 3339 1199 3456 gradu
1216 3338 1450 3424 venientibus
1464 3367 1527 3424 er·

82 3453 187 3542 dusit
210 3486 234 3540 a
257 3455 520 3542 matrimonio:
556 3484 602 3542 ex
625 3456 701 3541 aliis
729 3481 966 3543 materteram
983 3481 1022 3544 et
1044 3457 1230 3564 amitam,
1248 3457 1438 3576 praeterea
1461 3486 1526 3542 ne·
1538 3493 1576 3541 se
1587 3494 1683 3542 quaest
1690 3497 1713 3544 s

1535 3545 1683 3600 progeniem

81 3572 236 3659 minem.
265 3574 354 3687 Jure
378 3601 473 3662 vero
501 3571 724 3690 pontificio,
749 3574 868 3664 veteri
891 3573 974 3690 lege
1004 3577 1179 3710 Gregorii
1193 3599 1232 3662 et
1258 3574 1406 3676 Nicolai
1429 3604 1524 3690 pon·
1565 3615 1603 3664 ss
1615 3617 1646 3710 ‘¹⁶
1656 3616 1703 3662 se

1536 3662 1646 3710 ace026
1645 3675 1712 3721 cap.

81 3687 252 3798 tificum,
275 3716 315 3780 ει
341 3691 617 3810 Lugdunensis
625 3691 771 3778 concilii
797 3694 994 3808 usquead
1019 3694 1219 3829 septimum
1246 3695 1407 3810 gradum
1439 3724 1522 3809 per·
1505 3721 1605 3769 -ιιυιι
1608 3721 1712 3772 Decor

80 3808 224 3898 sinebat
237 3812 467 3926 prohibitio:
484 3835 570 3927 post
593 3835 724 3897 autem
745 3812 797 3896 ab
820 3811 1043 3898 Innocentio
1067 3812 1178 3898 tertio
1193 3811 1233 3895 ιιι
1259 3813 1419 3928 generali
1433 3840 1521 3899 con·
1532 3793 1650 3890 iiiii-⁹
1642 3794 1712 3832 ¹¹⁰⁰

76 3926 165 4014 cilio
190 3931 241 4017 ad
265 3957 445 4045 quartum
476 3931 636 4066 gradum
659 3956 715 4016 est
738 3955 956 4034 revocata,
981 3958 1060 4024 ιιοιι
1094 3931 1171 4015 sine
1202 3930 1348 4016 erudita
1379 3929 1521 4046 praefa-
1603 4018 1630 4025 s.
1681 4009 1700 4025 .,

80 4043 211 4160 none,
236 4078 316 4166 qua
344 4048 501 4167 hujus
478 4049 694 4136 mutationis
727 4079 838 4136 causa
866 4049 1017 4135 strictim
1044 4048 1324 4184 prudenterque
1338 4050 1517 4137 redditur.

140 4155 265 4251 XIV.
302 4171 387 4255 Cur
410 4191 537 4255 autem
550 4167 788 4254 matrimonia
802 4167 1084 4302 consanguineis
1098 4167 1204 4253 ιιιιει
1214 4165 1317 4280 ipsos
1327 4167 1418 4253 olim
1431 4198 1519 4282 ρει

81 4276 217 4416 missa,
249 4311 336 4400 post
361 4285 533 4405 fuerint
526 4316 604 4395 rure
628 4286 758 4375 divino
786 4312 902 4403 atque
917 4283 1110 4402 pontificio
1126 4284 1339 4422 prohibita,
1355 4287 1519 4400 pruden-

79 4397 254 4507 tissime,
287 4429 331 4490 ut
360 4430 509 4510 cetera,
537 4431 577 4492 et
605 4407 810 4493 accuratius
837 4404 993 4519 explicat
1018 4409 1082 4489 Au
1152 4403 1250 4489 tinus
1264 4403 1304 4489 in
1335 4433 1384 4490 eo
1407 4405 1518 4511 libro,

66 4517 139 4615 ¹⁴cui
170 4462 322 4609 ιιιιιιιιιιι
348 4519 460 4629 ιεειι,
494 4467 539 4607 ιιι
561 4532 721 4621 civitate
738 4528 830 4608 Dei
858 4527 913 4609 Ut
939 4523 1040 4608 enim
1067 4434 1195 4608 ἕιιιει
1225 4550 1314 4608 cum
1330 4525 1518 4610 soronbus
1533 4493 1671 4607 sahmi
1646 4504 1709 4552 Μ’

76 4636 310 4723 connubio
300 4659 571 4759 pungerentur,
583 4639 850 4729 necessitatem
867 4638 991 4728 fecisse
1004 4640 1143 4748 tradit,
1148 4668 1187 4728 et
1211 4641 1411 4727 hominum
1426 4673 1517 4757 pau·

68 4753 257 4841 citatem:
282 4782 385 4893 quae
410 4788 499 4845 cum
527 4787 675 4845 summa
704 4758 798 4846 esset
824 4759 935 4846 initio
960 4789 1109 4870 rerum,
1123 4761 1298 4847 etstatim
1312 4784 1409 4877 post
1421 4761 1515 4847 dilu

76 4871 210 4979 vium,
222 4875 312 4960 cui
308 4879 434 4996 pauci
454 4877 673 4970 admodum
701 4873 997 4999 superfuere,
968 4908 1109 4998 genus
1106 4880 1324 4968 humanum
1339 4907 1406 4997 per
1421 4883 1516 4967 con

87 4935 243 5080 Tuis.
258 4993 328 5084 IV.
977 4998 1071 5088 Hhh
1445 5027 1521 5090 nu·
