4140 5872
288 391 369 464 DE
390 386 604 464 REGNO
628 383 705 460 ET
727 383 913 462 REGIS*
930 380 1198 460 omem.
1224 386 1328 464 LIB.
1344 389 1410 462 111.
1506 411 1575 483 149

144 542 226 640 que
250 515 453 635 expeditius
476 543 557 600 esse
581 537 622 598 et
646 510 817 629 magise
846 509 1029 628 dignitate
1057 536 1096 598 et
1122 512 1308 629 gravitate
1336 510 1604 715 rpgiarnotius

150 666 209 728 est
227 699 239 745 ‚
260 667 378 754 quam
414 657 459 722 ut
481 630 688 745 exemplis,
709 658 810 746 quae
838 629 997 745 plurima
1028 655 1265 747 suppetunt,
1298 658 1347 716 co
1400 633 1512 718 rmari
1539 633 1605 718 de·

151 760 262 844 beat.
292 755 390 851 Quis
406 752 509 840 enim
534 778 617 836 non
632 746 789 854 videat,
812 748 863 833 sic
877 747 1017 834 bellum
1034 749 1183 867 gravius
1208 775 1247 835 et
1272 748 1419 835 minore
1438 774 1521 836 tum
1538 780 1604 866 pe·

149 874 299 979 riculo,
321 899 405 961 tum
424 871 539 957 etiam
564 891 722 971 sumtu,
748 890 787 952 et
803 866 912 983 quod
938 865 1142 982 plurimum
1170 863 1311 974 refert,
1337 867 1483 954 minore
1510 899 1606 956 our·

149 995 319 1080 statione
344 987 619 1076 administrati?
642 992 686 1071 ln
702 985 860 1072 consiliis
877 986 977 1071 enim
993 1017 1016 1094 ,¹
1027 1014 1129 1102 quae
1153 986 1193 1070 in
1217 984 1317 1071 bello
1333 1047 1346 1091 ‚
1365 987 1603 1101 prudentissi·

149 1111 220 1200 mis
236 1102 430 1226 praefectis
445 1133 485 1194 et
507 1105 561 1192 tei
587 1104 749 1192 militatis
773 1103 996 1219 peritissimis
1020 1104 1192 1192 adhibitis
1208 1164 1221 1209 ,
1238 1133 1345 1189 more
1361 1103 1607 1218 prudentium

149 1233 429 1344 Imperatorum
455 1249 676 1344 coguntut3
708 1251 818 1338 saepe
851 1253 914 1309 ma
942 1253 991 1308 na
1022 1252 1106 1340 pars
1137 1222 1397 1309 consultorum
1425 1222 1465 1307 in
1495 1225 1607 1311 rebus

149 1344 365 1463 periculosis
385 1343 627 1432 decernendis
652 1370 721 1428 ote
752 1371 886 1457 parum
935 1342 942 1358 '
994 1371 1040 1429 ro
1067 1341 1170 1457 apud
1200 1370 1329 1459 regem
1361 1340 1603 1456 loquuntur,
1735 1372 1767 1400 *¹

150 1463 249 1551 dum
268 1492 402 1551 omnes
417 1464 541 1581 regiae
564 1461 673 1548 saluti
697 1460 857 1545 maxime
883 1459 1077 1546 consulere
1105 1459 1225 1548 videti
1244 1458 1383 1546 volunt
1402 1519 1415 1565 ,
1431 1484 1471 1545 et
1485 1490 1602 1548 nemo

150 1583 188 1669 ei
212 1608 345 1669 auctor
372 1611 450 1668 esse
472 1581 556 1670 vult
582 1577 777 1695 periculosi
804 1577 968 1665 consilli.
1002 1586 1135 1696 Itaque
1172 1578 1434 1663 consultorum
1463 1578 1599 1666 dehor-

147 1701 299 1789 tatione·
316 1729 427 1816 saepe
450 1729 516 1786 rex
530 1696 769 1784 camcrantior
784 1692 940 1782 efficitur
956 1757 969 1804 ,
985 1723 1024 1785 et
1038 1696 1123 1785 belli
1147 1721 1348 1812 tempora,
1367 1725 1604 1814 magnaeque

148 1819 205 1906 rei
229 1822 328 1906 bene
357 1817 545 1935 gerendae
571 1815 784 1902 occasiones
806 1816 1005 1903 elabuntur
1022 1880 1035 1925 ‚
1051 1816 1162 1933 quod
1177 1844 1305 1904 nostra
1322 1816 1504 1902 memoria
1521 1846 1603 1903 non

150 1936 270 2022 semel
297 1966 368 2022 usu
395 1935 539 2024 venisse
564 1933 799 2048 exploratum
825 1934 972 2020 habeo.
1005 1941 1179 2050 Itemque
1203 1934 1390 2021 accidisset
1406 1936 1458 2022 ad
1473 1941 1601 2023 Tune·
1616 1959 1758 2071 gpqeqm
1784 1973 1800 2011 a

150 2080 232 2140 tem
249 2054 344 2169 pant
367 2051 1135 2172 m0,sc0nsut01esauusset;quaus
1163 2050 1240 2141 fere
1263 2053 1438 2140 omnbus
1462 2055 1599 2142 ‹rehor-
1616 2034 1801 2142 sudat*

150 2171 321 2264 rantibus
346 2172 384 2256 in
405 2173 532 2258 hostes
546 2200 729 2275 movens,
750 2171 913 2257 maximo
928 2176 1143 2259 Turcarum
1161 2169 1416 2290 Afrorumque
1429 2201 1517 2259 cum
1534 2175 1606 2262 du·
1813 2212 1815 2215 ·

150 2313 256 2378 crore
280 2289 500 2377 Charadino
516 2289 679 2376 exercitu
695 2284 807 2393 fuso,
826 2292 959 2375 urbem
974 2291 1205 2421 expugnavit
1222 2323 1231 2376 :
1248 2292 1286 2377 in
1302 2292 1405 2404 cujus
1428 2292 1519 2378 olim
1536 2296 1606 2381 ob

153 2409 296 2495 sidione
311 2408 513 2496 Gallorum
530 2437 595 2494 rex
611 2405 828 2493 Ludovicus
854 2406 1052 2494 exstinctus
1075 2416 1227 2513 luerat3
1252 2434 1296 2495 ut
1317 2433 1446 2495 nostra
1464 2439 1605 2498 memo

151 2527 207 2613 ria
230 2527 442 2615 Franciscus
466 2526 517 2613 ad
531 2525 685 2642 Papiam
714 2551 804 2608 cum
820 2554 965 2643 magno
991 2526 1154 2612 exercitu
1177 2557 1201 2611 a
1230 2528 1364 2612 nostris
1388 2528 1544 2615 ducibus
1563 2555 1604 2619 et
1643 2628 1647 2632 ,

154 2643 329 2732 militibus
344 2646 484 2734 ,victus
506 2669 547 2730 et
578 2673 667 2730 cum
695 2641 819 2728 multis
851 2643 937 2731 vitis
966 2644 1190 2760 principibus
1219 2669 1351 2760 captus
1383 2641 1478 2731 fuit.
1512 2648 1595 2743 Qui

153 2763 274 2849 nostri
287 2763 407 2851 duces
430 2763 570 2882 gloriae
595 2787 635 2848 et
658 2760 818 2877 praedae
846 2760 1049 2876 cupiditate
1075 2791 1204 2880 regem
1234 2792 1323 2848 cum
1349 2764 1492 2880 magno
1508 2795 1596 2880 pro·

152 2909 283 2967 cerum
311 2911 472 2969 numero
500 2881 652 2996 ipsum,
677 2904 722 2965 ut
748 2877 826 2964 lieri
856 2879 979 2987 solet,
998 2881 1258 2967 auecmntium
1280 2880 1524 2986 devicerunt,
1545 2883 1601 2968 in·

151 2999 255 3084 censi
283 2999 408 3088 studio
436 3021 609 3086 naturam
632 3024 677 3081 ac
701 2992 935 3084 difficultates
964 3026 1097 3084 omnes
1127 3024 1343 3116 superantes
1369 2998 1515 3086 nullum
1531 3029 1597 3115 pe-

151 3115 310 3204 riculum
335 3142 574 3205 recusarunt.
606 3119 710 3199 Nam
740 3114 834 3201 haec
862 3143 1020 3233 quoque
1050 3118 1146 3202 ratio
1177 3118 1321 3235 magnis
1351 3116 1501 3234 regibus
1516 3118 1602 3205 bel-
1657 3129 1659 3133 ’

151 3233 594 3444 {pptaddnitsinistranribus
617 3260 673 3322 est
702 3232 937 3324 adversaria.
961 3240 1092 3354 Atque
1115 3235 1209 3323 baec
1236 3235 1392 3354 quidem
1419 3237 1468 3323 de
1498 3236 1601 3327 bellis
1672 3248 1674 3252 “

206 3382 295 3442 eren
360 3417 372 3443 .

211 3475 317 3560 XIX
377 3482 422 3563 ln
437 3469 680 3568 defendendo
705 3498 858 3587 autem,
881 3475 911 3567 si
934 3474 1077 3570 externi
1091 3475 1218 3570 hostes
1245 3471 1337 3566 lines
1355 3473 1477 3595 regios
1492 3477 1597 3567 inva·
1613 3493 1794 3609 ‘mgna

152 3588 264 3678 serint
280 3653 294 3699 ‚
313 3625 461 3682 summa
483 3623 523 3685 et
550 3598 736 3684 utilissima
763 3598 889 3686 cautio
912 3627 995 3708 est,
1022 3626 1062 3688 et
1076 3630 1175 3717 quae
1207 3598 1460 3715 praetermissa
1478 3596 1598 3682 maxi·
1738 3587 1747 3608 ⁶

152 3735 235 3793 mas
258 3735 297 3797 et
321 3715 470 3832 regibus
492 3717 636 3834 magnis
651 3778 664 3822 ‚
682 3740 722 3802 et
747 3716 938 3831 praeclaris
969 3720 1231 3834 tebuspublicis
1259 3716 1483 3803 calamitates
1499 3738 1596 3802 attu-

149 3823 222 3929 lit,
246 3853 292 3916 ut
317 3858 452 3921 coacto
478 3834 711 3921 delectorum
731 3833 929 3922 hominum
963 3838 1152 3944 exercitu,
1180 3865 1231 3923 ne
1257 3861 1398 3922 temere
1425 3860 1595 3951 agenat,

149 3970 248 4034 neve
264 3950 428 4035 *summis
451 3952 566 4068 copis
590 3951 730 4069 praelio
744 3980 834 4038 cum
860 3954 1028 4043 hostibus
1058 3956 1306 4042 decernatur.
1336 3957 1442 4037 Nam
1462 3953 1594 4039 milites

149 4061 188 4146 in
214 4065 334 4179 aliena
363 4070 547 4189 regione,
571 4100 660 4158 cum
686 4070 923 4189 intelligant,
953 4075 1017 4162 sibi
1041 4099 1109 4162 aut
1133 4071 1362 4163 vincendum
1394 4099 1501 4175 esse,
1527 4093 1596 4157 aut

150 4207 312 4278 mortem
340 4189 629 4305 oppetendam,
652 4190 907 4278 necessitatem
932 4193 972 4279 in
997 4192 1175 4283 virtutem
1204 4211 1458 4276 convertunt:
1497 4187 1596 4276 cives

149 4321 278 4384 autem
293 4329 333 4390 et
356 4309 462 4512 regni
487 4309 686 4425 populares
702 4370 716 4416 ,
731 4337 819 4396 cum
842 4311 909 4397 sibi
936 4308 1027 4430 luga
1042 4310 1169 4427 elapsis
1197 4308 1316 4396 multa
1343 4304 1512 4427 perfugia
1528 4338 1594 4424 pa·

149 4439 232 4502 rata
262 4446 338 4507 esse
353 4425 391 4511 vi
417 4453 537 4533 eant,
558 4456 641 4515 non
671 4428 723 4515 ita
738 4434 1010 4518 constantetin
1039 4428 1206 4544 periculis
1239 4429 1464 4545 persistunt.
1495 4429 1608 4524 Quo-

148 4530 293 4621 factum
322 4564 378 4625 est
393 4603 406 4645 ,
423 4570 468 4630 ut
497 4547 663 4633 Romani
691 4546 730 4630 in
747 4549 848 4634 ltalia
876 4550 925 4635 ab
940 4549 1125 4636 Annibale
1148 4549 1198 4635 ad
1213 4548 1390 4634 Trebiam
1405 4605 1418 4654 ‚
1436 4544 1485 4631 ad
1499 4550 1593 4630 Tra·
1610 4589 1638 4640 1„
1653 4591 1733 4664 „mg
1750 4607 1790 4646 η.
1828 4597 1831 4605 ·

148 4652 354 4765 simenum,
370 4659 422 4745 ad
438 4664 589 4752 Cantus
605 4725 618 4772 ‚
634 4664 797 4780 denique
812 4668 1123 4787 quotiescumque
1139 4668 1242 4785 signa
1250 4668 1343 4752 cum
1355 4694 1404 4750 eo
1424 4662 1593 4750 contule
1610 4653 1791 4784 ξῗιςηξῖἒόῗξῖ

147 4797 260 4880 runt,
277 4776 539 4866 vincerentur.
570 4783 690 4896 Cujus
708 4785 767 4868 ‘rei
795 4809 834 4871 et
857 4815 991 4873 causae
1004 4816 1161 4876 memor
1178 4784 1341 4872 Annibal
1371 4782 1446 4897 ipse
1462 4781 1596 4868 Antio
1609 4774 1793 4886 ffipsosua-

146 4889 224 4976 cbo
239 4895 345 5013 regi,
362 4898 413 4988 ad
427 4901 605 5019 quemin
631 4897 757 4994 Africa
779 4933 805 4991 a
826 4911 874 4994 Pr
884 4905 1056 5022 Scipione
1086 4907 1209 4997 victru
1236 4899 1483 5021 profugerat,
1511 4928 1594 5106 supla-

1561 5046 1601 5108 e·
