4034 5858
506 385 572 458 „2
772 418 774 422 Α
963 353 1441 429 Damocunrts
1578 317 1594 336 ”

482 509 584 572 etus.
615 479 674 565 Sic
700 479 812 597 igitur
843 505 979 566 censeo
1009 476 1157 592 ‚quod
1194 476 1335 564 attinet
1369 473 1618 594 ad...p'tiorem
1651 475 1944 594 quaestionem,

487 599 626 689 fortem
653 600 833 703 militem,
851 599 880 683 si
907 597 1065 712 quando
1094 594 1300 704 acciderit,
1321 620 1368 681 ut
1396 597 1436 682 in
1465 594 1542 683 tale
1567 621 1761 682 certamen
1794 601 1945 688 descen

489 720 586 825 dat,
608 719 683 805 hoc
707 718 835 803 animo
860 716 1036 802 accedere
1062 741 1239 832 oportere
1258 773 1273 819 ,
1292 715 1387 800 nihil
1411 738 1457 799 ut
1484 716 1607 800 minus
1635 717 1780 833 cogitet
1797 780 1810 822 ‚
1826 749 1943 834 quam

491 839 543 924 'de
571 833 740 922 facienda
768 835 989 940 deditione,
1012 833 1078 920 sed
1106 834 1173 920 sibi
1203 856 1346 927 statuat
1378 831 1451 919 vel·
1472 832 1721 920 vincendum:
1738 864 1847 943 esse,
1881 839 1942 923 vel

495 954 759 1040 moriendum.
791 955 850 1037 Sic
874 953 976 1039 enirn
999 950 1092 1059 fiet,
1119 976 1163 1037 ut
1193 950 1345 1066 periculi
1374 949 1581 1067 mort'uque
1609 980 1759 1038 secutus
1795 980 1942 1041 strenue

496 1073 704 1186 acriterque
720 1097 854 1188 urgeat
880 1072 1100 1177 inimicum,
1123 1098 1194 1156 nec
1221 1071 1433 1185 quidquam
1451 1068 1583 1183 reliqui
1608 1065 1718 1155 faciat
1747 1071 1808 1157 ad
1832 1103 1940 1190 egre-,-
1964 1108 1969 1113 t

496 1191 599 1307 giam
626 1192 817 1278 virtutem.
845 1194 951 1307 Ergo
973 1187 1173 1275 commisso
1198 1188 1426 1292 certamine,
1442 1186 1510 1301 qui
1538 1185 1686 1275 hostem
1711 1188 1862 1275 viriliter
1876 1193 1943 1276 ob·

499 1333 676 1414 truncat,
693 1308 755 1397 vel
782 1308 884 1423 cogit
916 1307 965 1392 ad
994 1306 1255 1409 deditionem,
1279 1307 1381 1391 hunc
1406 1332 1483 1389 esse
1507 1334 1577 1392 suo
1608 1304 1685 1418 jure
1714 1306 1754 1389 in
1788 1310 1942 1396 strenuis

489 1426 541 1510 'et
572 1426 742 1540 spectatis
771 1425 943 1511 militibus
977 1425 1196 1511 habendum
1230 1423 1317 1510 dico
1346 1454 1356 1507 ε
1387 1450 1431 1506 ac
1460 1420 1616 1509 vicissim
1654 1423 1695 1507 in
1729 1424 1874 1512 timidis
1907 1453 1943 1514 et

501 1543 515 1628 i
544 1543 676 1648 navis,
700 1541 766 1658 qui
790 1572 870 1629 non
899 1569 979 1630 tarn
1006 1544 1144 1630 virtute
1168 1542 1310 1649 bostis,
1328 1569 1447 1656 quam
1479 1571 1547 1625 sua
1574 1540 1723 1656 ignavia
1753 1543 1944 1652 vincitur,

503 1574 639 1747 duwe
670 1661 929 1767 deditionem,
950 1685 1154 1776 antequam
1184 1689 1264 1776 spes
1280 1660 1457 1771 victoriae
1473 1720 1486 1763 ,
1501 1684 1724 1774 etsquoquo
1751 1663 1944 1748 modost·

504 1779 700 1895 pugnandi
726 1775 879 1864 facultas
900 1775 1012 1864 fuerit
1037 1779 1197 1864 omnino
1225 1777 1393 1864 sublata.
1423 1775 1506 1874 Qui
1537 1798 1631 1862 veto
1657 1779 1845 1892 praesenti
1868 1781 1945 1865 ani·

506 1926 573 1984 rno
604 1920 740 1982 cuncta
768 1895 1015 2010 praestiterit,
1037 1924 1136 2011 quae
1161 1926 1185 1981 a
1214 1891 1303 1981 forti
1330 1894 1444 1980 milite
1491 1892 1776 2000 desiderantis,
1808 1895 1945 2008 majore

435 2079 441 2083 .
505 2036 635 2098 tamen
666 2012 783 2099 hostis
802 2038 869 2099 aut
891 2015 1058 2119 robore,
1090 2038 1156 2098 aut
1174 2042 1375 2116 ,armorum
1405 2011 1535 2128 petitia
1551 2009 1819 2116 ,antiomena
1835 2017 1946 2101 vdenii

394 2200 395 2203 i
504 2159 585 2243 que
614 2130 847 2218 succubuerit
864 2193 877 2237 ,
892 2160 942 2216 ne
965 2131 1068 2216 hunc
1090 2132 1244 2247 quidem
1274 2160 1346 2216 sua,
1365 2130 1534 2245 quadam
1558 2130 1670 2217 laude
1693 2128 1948 2220 fraudandum

508 2274 631 2360 puto:
660 2249 727 2367 qui
741 2249 849 2363 quod
864 2250 903 2333 in
918 2248 999 2363 ipso
1020 2273 1099 2335 erat
1116 2311 1128 2355 ,
1144 2249 1366 2363 praestiterit
1393 2249 1535 2335 invicto
1565 2249 1720 2335 animo:
1743 2279 1842 2365 quae
1864 2280 1947 2338 una

407 2376 410 2381 ⁴
508 2388 547 2449 et
572 2394 711 2481 magna
737 2367 834 2452 tatio
866 2391 922 2452 est
948 2367 1095 2454 virtutis
1119 2365 1323 2452 colendae»
1353 2366 1475 2460 Quod
1508 2365 1536 2450 si
1564 2367 1714 2473 victus,
1737 2375 1947 2484 utcumque

507 2507 729 2596 superetur,
753 2481 917 2600 effirgete
946 2513 1026 2569 non
1046 2508 1170 2599 potest
1192 2482 1400 2599 quamdam
1424 2484 1464 2566 in
1488 2482 1635 2600 vulgus
1654 2481 1878 2592 infamiam,
1895 2512 1946 2572 ta·

508 2627 598 2684 men
621 2624 765 2686 certum
787 2602 912 2687 habeo
942 2601 1089 2714 majoris
1116 2601 1231 2707 animi
1248 2630 1326 2686 esse
1343 2661 1356 2705 ,
1372 2628 1454 2694 non
1484 2601 1608 2688 solum
1624 2604 1863 2716 prudentiae
1881 2605 1946 2710 ,in

509 2716 621 2803 tands
647 2746 771 2803 rerum
803 2718 978 2834 angustiis
1002 2718 1236 2804 deditionem
1266 2715 1414 2824 facere,
1440 2747 1569 2834 quam·
1586 2745 1749 2806 mortem
1778 2721 1855 2834 jam
1877 2753 1945 2810 vo·

510 2829 709 2919 luntatiam
733 2833 824 2923 nihil
852 2835 1108 2950 proficientem
1142 2859 1320 2951 oppetere
1334 2847 1355 2917 .’
1371 2835 1490 2947 Cujus
1516 2836 1568 2923 rei
1583 2837 1863 2925 dubitationon
1878 2870 1948 2925 so-

510 2947 590 3034 lum
622 2950 777 3067 indigna
808 2980 864 3037 est
891 2953 1044 3040 homine
1056 2953 1274 3040 Christiano
1292 3015 1305 3057 ‚
1321 2952 1386 3038 sed
1407 2954 1586 3040 abhorret
1603 2955 1727 3042 'etiam
1750 2957 1800 3042 ab
1813 2956 1948 3043 hunta-

511 3065 656 3172 nitate,
676 3093 718 3153 et
747 3069 824 3182 ipsa
841 3130 853 3173 ,
871 3070 920 3155 de
934 3099 1013 3184 qua
1041 3072 1229 3185 quaeritur
1246 3066 1518 3177 ,fortitudine.
1548 3072 1658 3168 Quid
1688 3098 1745 3159 est
1772 3074 1946 3160 enimte-

512 3180 607 3289 libus
631 3185 670 3268 in
701 3187 960 3272 certaminibus
991 3186 1221 3274 deditionem
1253 3184 1401 3292 facere,
1432 3187 1499 3273 nisi
1528 3188 1671 3276 victum
1700 3219 1741 3275 se
1765 3193 1817 3276 ab
1845 3192 1946 3278 hoste

511 3300 710 3388 confiteri?
736 3303 875 3419 loquor
900 3305 1000 3390 enim
1025 3305 1074 3391 de
1095 3300 1160 3393 bis
1189 3304 1323 3422 pugnis
1351 3305 1578 3412 ambitiosis,
1597 3335 1705 3422 quae
1719 3307 1948 3422 ,injuriarum

512 3446 624 3504 causa
641 3485 652 3518 ‚
669 3419 731 3508 vel
754 3421 824 3504 hac
840 3444 1032 3535 praetenta
1048 3424 1134 3528 ,de
1162 3423 1281 3539 gloria
1296 3448 1335 3509 et
1355 3423 1614 3510 aemulationis
1626 3424 1775 3542 gratia,
1791 3452 1839 3514 ut
1851 3452 1947 3514 nunc

479 3555 480 3559 ‘
511 3531 591 3621 sere
614 3538 776 3642 assolet,
792 3539 1057 3652 suscipiuntur.
1090 3540 1215 3633 Quod
1239 3541 1351 3657 igitur
1376 3569 1456 3627 non
1479 3541 1702 3630 intenebris
1728 3568 1804 3631 aut
1827 3545 1948 3631 solitu·

511 3653 602 3739 dine
618 3715 630 3761 ,
647 3655 712 3741 sed
733 3655 772 3739 in
798 3656 921 3743 media
946 3658 1028 3744 luce
1054 3681 1093 3743 et
1120 3657 1266 3774 populo
1291 3658 1352 3746 vel
1377 3661 1539 3745 exercitu
1564 3684 1642 3747 tam
1670 3690 1762 3746 uam
1784 3662 1826 3748 in
1852 3664 1946 3749 then·

513 3793 575 3854 tro
598 3797 787 3886 spectante
810 3799 957 3889 gestum
975 3799 1058 3880 est,
1074 3775 1114 3860 id
1134 3805 1183 3860 ne
1205 3803 1334 3862 coram
1358 3774 1443 3889 ipsis
1469 3777 1635 3864 testibus
1688 3781 1828 3886 tearis,
1853 3807 1949 3870 mor·

513 3911 591 3971 tem
620 3915 867 4005 praeoptare,
885 3920 1014 3977 nonne
1039 3889 1171 3979 littoris
1197 3918 1254 3980 est
1282 3912 1322 3981 et
1349 3918 1534 3982 extremae
1565 3895 1776 3984 dementiae
1789 3905 1836 3982 ἓ.Ι

572 4006 673 4091 XLI.
744 4014 831 4094 Am.
865 4014 920 4096 At
946 4009 1046 4095 enim
1081 4041 1182 4097 mors
1208 4037 1264 4099 est
1294 4010 1521 4129 ignominiae
1549 4010 1816 4128 praeferenda.
1844 4020 1950 4105 Dm

512 4123 607 4207 Non
634 4152 683 4211 eo
710 4124 876 4233 inficias,
900 4129 929 4213 si
952 4127 1046 4213 inest
1072 4128 1112 4213 in
1140 4129 1373 4246 ignominia,
1393 4130 1482 4219 facti
1508 4132 1567 4220 vel
1593 4133 1709 4219 animi
1739 4133 1950 4248 turpitudo.

511 4236 622 4325 Mors
636 4242 736 4327 enim
756 4245 880 4357 potius
905 4244 1122 4360 oppetenda
1136 4273 1193 4332 est
1213 4249 1296 4334 viro
1311 4244 1427 4354 forti,
1443 4277 1560 4364 quarn
1583 4252 1741 4365 turpiter
1762 4278 1834 4337 aut
1849 4257 1951 4369 igna-

512 4381 562 4440 ve
587 4353 821 4445 faciendum.
855 4361 929 4448 Hic
950 4387 1077 4448 autem
1100 4364 1202 4449 nulla
1231 4390 1287 4451 est
1318 4364 1388 4450 alia
1417 4366 1621 4480 ignominia
1646 4392 1735 4482 post
1760 4394 1950 4456 certamen

509 4468 719 4558 institutum
736 4537 748 4580 ,
764 4477 831 4562 nisi
846 4475 954 4567 fuisse
969 4481 1110 4568 victum
1126 4543 1139 4586 ,
1154 4483 1262 4598 quod
1291 4495 1361 4568 ne'c
1390 4484 1498 4571 vitari
1523 4483 1597 4595 jam
1614 4510 1768 4599 potest,
1787 4488 1948 4599 mecine

510 4589 735 4704 vituperari,
753 4620 839 4678 cum
865 4622 974 4683 vacet
997 4599 1138 4713 culpa,
1154 4628 1254 4714 quae
1280 4600 1469 4712 potissima
1499 4603 1595 4688 tatio
1627 4629 1683 4688 est
1705 4633 1822 4693 verae
1850 4605 1952 4722 igno-

506 4705 662 4793 miniae.
695 4716 781 4796 An.
810 4713 917 4805 Quid
941 4715 1103 4803 sivictus
1127 4718 1324 4803 honestam
1347 4731 1499 4806 causam
1528 4719 1732 4829 tuebatur,
1753 4724 1952 4810 etcrimers

502 4821 597 4925 falso
628 4826 694 4917 sibi
724 4828 915 4945 objectum
947 4834 1174 4950 repellebat?
1203 4834 1365 4928 etiamne
1397 4836 1485 4927 huic
1499 4838 1707 4955 'consilium
1741 4840 1953 4969 dabimus,

1890 4982 1947 5048 ut
