4050 5858
691 363 896 439 LIBER
941 367 1008 435 III.
1461 394 1536 462 499

103 526 269 617 cumque
288 498 365 589 sive
389 495 493 583 bona
518 478 720 610 enpeteres,
736 516 925 610 quatenus
952 487 1074 577 modo
1095 489 1208 580 bona.
1226 517 1339 603 sunt,
1355 494 1434 584 sive
1457 499 1582 588 mala
1648 554 1651 576 ι
1748 588 1753 598 ,

104 620 243 725 vitare,
258 647 336 735 qua
359 617 447 704 talia
472 639 589 720 sunt,
609 612 812 732 nullalege
836 608 1101 728 prohibemur:
1123 613 1269 702 divitias
1290 639 1418 704 autem
1439 648 1556 709 nemo

102 737 253 855 ignorat
274 739 383 826 bonis
398 738 573 824 lbrtunae
590 732 854 839 annumerari,
870 756 1130 849 paupertatem
1146 735 1271 823 malis.
1287 739 1467 826 Ceterum
1481 736 1558 826 for-

102 882 218 943 tunae
242 888 323 943 non
349 886 395 944 ea
421 856 476 944 vis
499 881 554 943 est
571 916 584 962 ,
601 880 647 942 ut
666 883 900 972 quemquam
924 852 1039 968 possit
1060 852 1121 941 vel
1137 856 1286 941 bonurn
1306 860 1476 945 secundo
1492 859 1557 946 fla·
1613 866 1616 874 ’

102 999 172 1084 tu,
193 976 256 1065 vel
279 978 423 1063 malurn
447 972 593 1063 efficere
611 1041 622 1078 ,
640 974 668 1061 si
692 973 905 1063 reflaverit:
922 1000 999 1087 qua
1024 972 1170 1060 rarione
1191 975 1294 1063 ducti
1317 977 1430 1064 Stoici
1461 978 1554 1066 nihil

100 1094 266 1196 inbonis
292 1096 483 1191 habebant
509 1121 576 1182 aut
598 1093 702 1179 malis
725 1119 871 1209 praeter
894 1094 1050 1181 virtutes
1073 1116 1112 1180 et
1133 1093 1249 1203 viria,
1264 1094 1401 1212 quibus
1423 1096 1554 1205 homiff

99 1244 169 1317 nes
193 1216 313 1323 boni,
333 1242 372 1304 et
400 1215 555 1304 vicissim
581 1214 667 1298 mali
687 1240 912 1319 censentur,
931 1213 1142 1328 praeposita
1165 1240 1206 1300 et
1233 1215 1441 1326 rejectanea
1460 1246 1555 1307 nun·

100 1360 283 1451 cupantes
311 1366 355 1422 ca
369 1398 381 1440 ,
397 1365 497 1452 quae
520 1335 571 1422 ab
597 1334 798 1420 Aristotele
822 1332 1026 1447 ceterisque
1042 1332 1209 1421 Platonis
1230 1334 1390 1427 alumnis
1414 1365 1554 1454 corpo·

99 1452 148 1538 ris
176 1455 236 1544 vel
261 1480 413 1542 externa
438 1455 542 1542 bona
572 1477 611 1539 et
639 1453 740 1537 mala
769 1452 1045 1556 nominantur,
1077 1452 1224 1538 bonum
1253 1482 1333 1555 esse
1362 1459 1555 1545 statuenti·

100 1572 171 1665 bus
189 1635 201 1680 ,
218 1575 406 1691 quidquid
429 1572 569 1661 asciscit
594 1597 757 1673 natura,
788 1571 959 1677 malum,
982 1570 1171 1686 quidquid
1199 1572 1355 1660 vicissim
1382 1605 1553 1691 asperna-

95 1713 186 1777 tur.
225 1693 322 1781 lllud
346 1719 474 1779 tamen
497 1690 657 1779 dubium
682 1718 763 1777 non
788 1715 844 1777 cst
862 1753 874 1797 ‚
889 1690 984 1806 quin
1009 1690 1125 1777 virtus
1153 1688 1398 1796 adsol'ficiosa
1421 1725 1554 1783 mune·

98 1839 142 1896 ra
165 1806 363 1928 fungenda
388 1841 497 1929 saepe
523 1809 632 1896 bonis
656 1839 736 1897 non
755 1808 878 1896 solum
900 1811 1092 1923 corporis,
1109 1776 1219 1926 quocl
1240 1837 1297 1900 est
1318 1813 1433 1899 animi
1448 1814 1554 1906 velut

98 1927 416 2038 instrumentum,
434 1931 501 2019 sed
523 1929 680 2016 externis
707 1927 821 2015 etiam
845 1929 1018 2043 juvetur:
1047 1927 1125 2014 lieri
1160 1930 1261 2016 enim
1288 1961 1371 2017 non
1397 1958 1552 2048 potest,
1680 2011 1684 2017 ,

96 2046 222 2162 inquit
240 2049 489 2156 Aristoteles,
514 2074 581 2135 aut
600 2078 681 2134 non
706 2045 811 2135 facile
838 2047 882 2135 lit
898 2110 910 2155 ‚
927 2072 970 2134 ut
991 2046 1021 2133 is
1047 2073 1137 2166 agat
1159 2078 1216 2135 res
1240 2051 1476 2165 praeclaras,
1492 2055 1652 2141 cuiann.
1673 2101 1698 2136 ι.

97 2165 236 2253 desunt
261 2164 481 2253 facultates.
521 2172 625 2253 Nam
658 2165 911 2254 liberalitatem
944 2169 1116 2253 exercere
1148 2167 1210 2256 vel
1238 2170 1375 2258 eodem
1405 2196 1556 2262 tacente

96 2310 249 2373 constat
270 2287 349 2373 sine
366 2286 500 2376 divitiis
524 2316 631 2402 posse
655 2287 873 2393 neminem,
891 2283 1205 2402 magnificentiam
1230 2318 1325 2376 vero
1354 2290 1477 2379 multo
1498 2316 1555 2394 et,-

96 2401 172 2488 iam
201 2404 348 2493 minus:
379 2432 540 2524 utraque
571 2406 679 2492 enim
696 2405 814 2493 virtus
840 2405 880 2490 in
912 2404 1074 2520 pecuniis
1104 2430 1203 2492 recte
1225 2407 1454 2495 collocandis
1476 2440 1555 2495 ma·

95 2522 195 2610 xime
216 2527 377 2614 cernitur
395 2558 404 2613 :
420 2528 488 2614 scd
511 2524 570 2613 illa
592 2526 631 2610 in
653 2525 776 2639 parvis
804 2550 871 2612 aut
890 2521 1145 2610 mediocribus
1163 2585 1175 2632 ,
1192 2524 1286 2612 haec
1307 2526 1347 2612 in
1369 2528 1554 2632 sumtibus

96 2644 244 2759 magnis
266 2645 505 2763 intelligitur.
731 2668 734 2674 '
1511 2738 1519 2753 N

156 2763 263 2848 XVI.
323 2765 457 2849 Transi
489 2763 539 2849 ad
567 2760 741 2876 justitiam
757 2823 771 2870 ,
790 2791 890 2880 quae
903 2786 1109 2880 tamquam
1140 2760 1268 2850 lucifer
1299 2763 1432 2851 dicitur
1456 2764 1553 2856 inter

93 2902 238 2967 ceteras
252 2883 409 2970 virtutes
424 2883 569 2970 elucere
586 2913 595 2967 ε
613 2911 742 2968 nonne
768 2912 861 2999 opes
880 2881 940 2967 illa
954 2883 1062 2998 quasi
1086 2911 1224 2969 nervos
1240 2882 1447 2971 desiderat?
1462 2887 1553 3000 qui-

94 2996 167 3083 bus
183 3029 265 3085 non
284 3003 591 3119 suppetentibus,
609 3031 658 3088 ne
673 3001 795 3088 otium
812 3000 968 3117 quidem
993 3000 1156 3116 suppetit
1172 3002 1222 3087 ad
1237 3001 1444 3118 gerendam
1461 3033 1553 3097 tem·

93 3117 283 3230 publicam
301 3182 313 3227 ,
330 3120 600 3237 magistratibus
614 3145 654 3206 et
669 3120 893 3236 principibus
916 3119 1161 3207 necessarium
1177 3180 1189 3225 ,
1207 3149 1279 3205 nec
1298 3120 1396 3209 vires
1419 3122 1470 3208 ad
1486 3123 1553 3209 im·

92 3238 309 3350 potentium
325 3241 543 3357 cupiditates
564 3240 810 3346 coercendas,
826 3239 1000 3356 ipsosque
1015 3268 1104 3325 cum
1127 3238 1358 3326 tenuioribus
1374 3241 1454 3355 pari
1474 3239 1553 3345 iure

94 3357 368 3445 continendos.
398 3365 485 3478 Age
506 3387 601 3447 vero
623 3358 769 3447 civilem
788 3358 905 3447 vitam
925 3358 1144 3457 omittamus
1160 3419 1173 3465 ,
1189 3387 1290 3475 quae
1309 3359 1416 3446 haud
1438 3360 1551 3448 dubie

90 3471 173 3560 sine
200 3477 336 3592 opibus
359 3509 442 3566 non
465 3475 658 3565 consistit:
677 3508 803 3596 egone
822 3477 1178 3593 'philosophantium
1202 3479 1359 3595 quidem
1380 3502 1552 3565 contem-

93 3591 354 3715 plantiumque
381 3599 479 3687 vitae
508 3598 634 3685 locum
656 3597 814 3714 relinqui
848 3598 933 3683 dico
949 3658 963 3703 ‚
979 3597 1009 3685 si
1036 3627 1117 3685 rem
1144 3595 1361 3685 familiarem
1388 3598 1550 3685 omnino

88 3713 338 3805 subtraxeris?
354 3723 457 3808 Nam
479 3743 524 3804 ut
547 3716 753 3805 intellectus
776 3718 814 3802 in
842 3714 998 3813 homine
1022 3717 1100 3807 sine
1125 3716 1205 3817 vita¹
1229 3740 1269 3813 et
1291 3745 1432 3824 sensu,
1449 3745 1550 3833 quae

91 3858 150 3916 res
181 3834 289 3922 nobis
314 3863 402 3925 sunt
429 3838 545 3926 altera
575 3866 664 3928 cum
693 3838 864 3952 stirpibus
880 3898 893 3942 ,
907 3837 999 3922 alter
1025 3865 1115 3924 cum
1142 3833 1272 3935 belluis
1296 3864 1548 3943 communes,

90 3948 208 4040 inesse
234 3984 315 4043 non
336 3980 460 4070 potest
477 3989 486 4042 :
503 3958 552 4043 sic
578 3957 618 4042 in
646 3986 784 4074 magna
808 3955 1008 4042 esuritione
1031 3981 1070 4042 et
1094 3955 1292 4061 nuditate,
1310 3956 1371 4043 vel
1386 3955 1550 4072 graviori

92 4073 229 4158 morbo
252 4076 447 4191 corporis,
463 4078 610 4163 animus
626 4107 649 4160 a
665 4075 995 4192 pulcherrimarum
1013 4075 1300 4189 divinarumque
1323 4103 1447 4159 rerum
1464 4103 1551 4161 con·

90 4191 335 4303 templatione
360 4195 412 4283 ad
427 4196 661 4313 quaerendas
685 4224 743 4283 res
767 4195 867 4286 vitae
892 4222 937 4281 ac
961 4192 1166 4283 valetudini
1191 4192 1409 4280 necessarias
1431 4192 1552 4281 solici-

92 4326 134 4390 te
163 4336 383 4401 revocatur.

151 4425 276 4514 XVn.
327 4432 454 4519 'Lnon
483 4438 549 4520 Tu
574 4436 686 4554 igitur
719 4464 853 4521 eorum
882 4431 1076 4521 consilium
1106 4429 1291 4540 damnas,
1311 4431 1378 4550 qui
1400 4431 1473 4520 suis
1497 4430 1553 4519 la·

89 4544 366 4656 cultatibus',si
392 4583 486 4670 quas
513 4554 703 4643 habebant
720 4617 733 4660 ,
750 4555 889 4671 rejectis
908 4616 920 4659 ,
937 4553 1075 4641 vivunt
1101 4552 1141 4638 in
1166 4552 1248 4640 otio
1280 4551 1436 4638 aliorum
1465 4551 1551 4638 libe·

88 4664 263 4774 ralitate,
291 4693 488 4786 tamquam
521 4674 660 4762 horum
688 4674 768 4761 vita
798 4673 966 4763 violenta
985 4672 1071 4778 sit,
1094 4696 1134 4760 et
1164 4670 1474 4784 contemplationi
1506 4699 1552 4756 ac

86 4809 247 4872 naturae
271 4788 416 4908 legibus
440 4792 607 4879 inimica.
639 4799 656 4878 1
677 4821 779 4879 nunc
804 4818 844 4880 et
868 4794 1076 4880 Lutherum
1101 4792 1221 4877 lacera
1239 4786 1440 4876 maledictis
1456 4849 1469 4893 ,
1483 4787 1552 4904 qui

85 4902 142 4992 ob
166 4904 254 5028 boc¹
268 4909 393 5027 ipsum
418 4913 697 5002 monachorum
720 4911 888 5002 mstituta
919 4943 1000 5009 non
1036 4913 1173 5030 probat
1190 4971 1204 5023 ,
1219 4907 1310 5030 quia
1337 4907 1476 4998 volunt
1498 4906 1554 4994 in·

80 5081 88 5088 ·
714 5077 717 5083 ¹
871 5038 967 5150 Ppa
1501 5057 1558 5118 vt·
