4006 5850
693 394 884 480 LIBER
926 394 972 463 Il.
1148 406 1151 410 ’
1440 418 1512 495 445,

95 526 151 616 vis
164 522 272 613 clavo
291 586 304 632 ,
321 521 371 609 sic
386 520 465 637 ipsa
482 516 630 637 legibus
638 518 870 634 gubernatur
890 545 898 596 :
921 510 1270 610 idcirco-hominum
1287 513 1433 607 solertia
1450 583 1463 629 ‚
1479 526 1531 612 ad

82 673 178 731 feam
193 640 492 730 conservandam
508 637 618 749 justas
635 663 849 750 aequasque
870 631 969 748 leges
985 631 1238 748 inquirentes,
1260 638 1453 753 plerasque
1468 642 1529 726 in·

92 785 306 865 venerunt,
330 787 430 875 quae
444 758 483 842 in
513 782 615 842 sacta
637 755 815 866 scriptura
847 751 1003 838 traditae
1029 776 1144 859 sunt,
1177 778 1220 839 ut
1248 756 1297 841 de
1320 751 1453 865 furtis,
1478 761 1528 847 de
1587 850 1590 856 ,

88 873 294 966 homicidiis
310 940 323 982 ,
341 878 389 963 de
404 873 615 988 adulteriis,
634 873 683 959 de
715 868 809 954 fahis
832 866 1012 974 testibus,
1042 870 1091 955 de
1104 869 1293 984 perjuriis:
1319 900 1410 959 nam
1433 877 1528 965 haec

87 997 217 1082 omnia
232 996 385 1081 crimina
409 993 486 1104 jure
500 1016 659 1107 quoque
673 988 769 1095 civili
791 992 1053 1074 Romanorum
1068 989 1318 1077 vindicantur.
1350 993 1446 1086 Quo
1462 995 1527 1081 iti·

87 1103 327 1200 demomnes'
341 1107 417 1198 fere
432 1111 531 1227 leges
547 1110 596 1196 de
612 1109 686 1196 ritu
700 1106 919 1222 nuptiarum
942 1105 1216 1217 continentur,
1240 1137 1340 1225 quae
1360 1105 1441 1225 jure
1471 1113 1528 1202 di·

86 1231 180 1321 vino
207 1229 356 1318 fuerant
380 1227 551 1315 sancitae.

145 1351 252 1438 XIV.
309 1346 397 1432 Hae
411 1371 539 1432 autem
555 1365 595 1431 et
622 1339 853 1460 supradictae
868 1339 967 1460 leges
983 1403 996 1449 ,
1015 1352 1115 1458 quae
1131 1340 1293 1461 primum
1308 1341 1414 1435 civile
1429 1374 1526 1440 tem·

85 1468 351 1581 porariumque
367 1466 512 1551 bonum
535 1459 702 1569 ‚deinde
718 1488 909 1549 aeternam
926 1460 1193 1550 beatitudinem
1215 1464 1426 1574 intuentur,
1440 1499 1527 1584 par·

84 1585 152 1670 tim
168 1585 382 1691 naturales,
410 1583 544 1698 partlm
558 1581 708 1685 civiles,
733 1606 799 1665 aut
830 1576 1041 1694 pontificiae
1064 1582 1203 1667 uocari
1218 1580 1351 1697 potius
1368 1585 1524 1697 debent,

84 1730 201 1816 quam
217 1703 378 1790 divinae.
404 1697 477 1788 Sed
500 1696 593 1784 aliae
607 1698 709 1814 leges
724 1722 838 1814 atque
858 1697 1050 1784 doctrinae
1071 1694 1110 1781 in
1138 1697 1234 1785 libris
1250 1700 1356 1786 sacris
1375 1703 1524 1791 haben·

84 1841 177 1925 tur,
201 1847 303 1936 quae
328 1848 409 1904 non
426 1819 476 1905 ad
509 1811 708 1902 hominum
723 1817 819 1902 inter
845 1811 943 1930 ipsos
964 1810 1179 1904 societatem
1204 1819 1386 1905 tuendam
1411 1823 1523 1912 datae
1644 1877 1645 1880 κ

83 1961 171 2024 sunt
187 1997 200 2042 ,
216 1936 281 2024 sed
300 1936 350 2022 ad
368 1937 711 2021 humannmentes
728 1934 906 2051 religione
929 1928 1176 2041 imbuendas,
1202 1961 1242 2022 et
1268 1962 1441 2025 aeternae
1459 1971 1524 2028 ve·

83 2054 199 2140 riutis
214 2052 400 2141 occultam
417 2051 538 2139 lucem
553 2052 766 2138 hominibus
792 2050 1042 2166 detegendam
1057 2056 1083 2156 ,⁴
1096 2053 1328 2170 oraculisque
1348 2057 1523 2145 revelan⁴

84 2170 200 2258 dam:
227 2170 437 2284 cujusmodi
452 2195 569 2277 sunt,
595 2199 695 2285 quae
718 2169 894 2283 mysteria
915 2166 1032 2274 fidei,
1050 2192 1167 2283 atque
1194 2173 1525 2265 sacramentorum

84 2290 264 2378 virtutem
287 2286 502 2425 attingunt:
533 2316 632 2403 quae
647 2287 746 2403 leges
760 2310 1006 2402 praeceptave
1029 2286 1167 2374 idcirco
1181 2286 1308 2399 justius
1329 2294 1521 2405 proprius·

87 2401 307 2522 quecetetis
324 2405 473 2493 diurnae
493 2428 784 2519 nuncupantur,
806 2403 898 2520 quia
922 2429 1002 2487 non
1019 2404 1140 2490 modo
1166 2405 1219 2491 ad
1236 2411 1364 2494 Deum
1390 2414 1523 2498 aucto

81 2549 163 2609 tem
192 2520 434 2627 referuntur,
458 2521 524 2608 sed
541 2523 652 2608 etiam
669 2518 749 2608 sola
763 2521 836 2606 Dei
850 2518 1028 2636 sapientia
1049 2545 1088 2606 et
1110 2522 1268 2608 orandis
1299 2527 1522 2646 pervestiga-

82 2641 168 2728 riet
190 2640 286 2728 tradi
310 2665 512 2755 poterant,
534 2637 769 2755 etprotinus
792 2646 989 2724 aeternum
1007 2636 1252 2755 divinumque
1267 2641 1412 2729 bonum
1441 2674 1523 2761 spe-

81 2781 199 2845 ctant.
236 2757 396 2856 Quaeris
421 2756 534 2874 igitur
553 2781 740 2873 quatenus
760 2752 859 2874 leges
880 2754 1029 2843 divinae
1045 2755 1346 2846 moderationem
1370 2763 1523 2876 pontifi.

82 2874 135 2962 cis
151 2876 228 2964 sive
243 2877 557 2991 dispensationem
573 2872 775 2962 admittant
790 2884 813 2958 t·
833 2875 976 2960 Rursus
990 2870 1040 2985 ad
1068 2872 1290 2992 illamquasi
1305 2875 1537 2991 formulam,

82 3021 200 3108 quam
227 3021 338 3108 supra
355 2989 618 3109 exposuimus,
638 2989 851 3108 respondeo
875 3049 889 3099 ,
919 3012 1106 3107 quatenus
1128 2991 1307 3112 cujusque
1335 2997 1522 3086 rectitudo

82 3107 171 3198 loco
190 3166 205 3216 ‚
221 3134 425 3226 tempore,
448 3134 515 3197 aut
530 3109 725 3227 personis,
750 3108 870 3196 aliave
887 3110 1032 3195 ratione
1058 3110 1195 3196 mutati
1210 3137 1348 3228 potest.
1381 3115 1523 3229 Cujus-

82 3225 189 3314 modi
218 3254 296 3314 esse
321 3226 492 3316 videntur
507 3257 663 3334 omnes,
678 3255 778 3343 quae
805 3255 862 3313 res
885 3225 1101 3314 hominibus
1124 3227 1289 3346 agendas
1303 3229 1521 3350 attingunt:

82 3343 158 3432 sive
175 3343 226 3432 ad
241 3344 481 3432 caerimonias
497 3403 511 3451 ,
527 3347 604 3434 siv'e
621 3345 671 3432 ad
694 3341 851 3456 iudicia,
876 3342 952 3432 sive
968 3342 1018 3432 ad
1034 3372 1159 3433 mores
1189 3344 1388 3435 hominum
1410 3352 1522 3465 perti·
1611 3421 1616 3429 ,

84 3486 228 3565 neant;
258 3461 384 3580 paucis
400 3463 624 3580 quibusdam
640 3459 823 3578 exceptis,
850 3488 897 3546 ex
911 3489 1043 3548 earum
1067 3489 1243 3579 genere,
1266 3463 1418 3581 quaein
1440 3466 1520 3582 jure

83 3604 245 3666 naturae
256 3581 362 3668 velut
377 3581 563 3668 axiomata
578 3576 735 3667 diximus
757 3607 849 3664 esse.
881 3581 995 3677 Quae
1024 3579 1110 3666 licet
1134 3607 1330 3670 versentur
1349 3581 1387 3669 in
1408 3587 1521 3674 rebus

82 3694 237 3814 agendis
253 3753 264 3794 ,
280 3720 367 3784 sunt
382 3723 509 3786 tamen
526 3727 549 3784 a
565 3694 716 3813 singulis
732 3695 771 3781 in
788 3719 866 3783 ram
881 3694 996 3782 latam
1025 3697 1301 3787 universitatem
1317 3700 1518 3813 abstracta,

81 3839 127 3900 ut
142 3813 232 3899 nihil
261 3814 428 3901 accidere
454 3842 562 3931 posse
590 3811 763 3902 videatur
777 3875 791 3918 ,
807 3813 916 3929 quod
930 3813 1092 3930 ipsarum
1118 3813 1355 3905 honestatem
1383 3819 1523 3921 variet,

82 3936 216 4049 ltaque
243 3955 390 4048 praeter
417 3961 505 4039 eas,
534 3931 670 4051 quibus
686 3932 736 4019 de
760 3928 836 4019 fide
850 3954 891 4017 et
910 3935 1234 4021 Sacramentorum
1265 3934 1429 4043 virtute,
1458 3968 1517 4026 re·
1604 3982 1607 3985 ¹

81 4048 228 4166 busque
243 4049 375 4140 divinis
391 4048 529 4167 aliquid
545 4048 733 4156 sancitur,
765 4077 864 4167 quae
879 4055 941 4135 re's
965 4049 1071 4136 nullo
1100 4052 1221 4139 modo
1249 4051 1290 4139 in¹
1317 4053 1518 4144 hominum
1629 4107 1639 4126 ·

80 4161 290 4284 interipsos
312 4166 477 4256 actiones
503 4166 671 4275 cadunt,
695 4196 838 4284 paucae
851 4168 1063 4254 admodum
1088 4166 1188 4286 leges
1203 4192 1291 4258 sunt
1305 4170 1343 4257 in
1359 4174 1519 4288 scriptu·
1675 4279 1677 4287 Ι

84 4286 252 4489 piatam
273 4346 290 4393 ,
314 4292 414 4404 quae
436 4287 569 4378 lvica'rii
600 4285 738 4374 Christi
762 4282 1077 4402 dispensationem·
1099 4315 1181 4374 non
1209 4286 1434 4379 admissurae
1458 4291 1520 4384 vi·

114 4429 260 4489 eantur.
1168 4438 1169 4443 ¹
1594 4432 1595 4436 ‘

142 4521 234 4606 XV.
292 4518 351 4609 Sic
365 4522 466 4612 eninr
483 4518 690 4638 accepimus
705 4550 728 4608 a
746 4516 945 4635 majoribus
976 4581 989 4627 ,
1014 4516 1123 4638 quod
1146 4518 1314 4640 pontifex
1336 4523 1517 4616 maximus

83 4633 184 4751 justis
208 4641 385 4754 encausis
397 4643 676 4757 prudenterque
693 4641 885 4743 decernit,
910 4637 951 4725 id
967 4642 1283 4748 nonhominem,
1308 4646 1374 4731 sed
1391 4647 1517 4742 Deum

84 4755 209 4869 potius
225 4753 391 4847 definite.
423 4758 532 4856 Quas
547 4757 710 4845 rationes
726 4752 1075 4864 ,ut.ctedibileest,
1102 4762 1219 4872 secuti
1235 4761 1303 4850 viri
1331 4765 1517 4878 sapientis·

87 4874 192 4987 tluti,
218 4878 505 4969 ettsummaezin
532 4874 623 4994 juta·
636 4873 1143 5083 pontificiudntelpppetando
1166 4881 1426 4990 auctoritatis,
1457 4884 1516 4968 ln'·
1532 4875 1710 5003 ξςῗζζξζζᾛ

1027 5025 1052 5082 2
1456 5028 1525 5091 nu
1761 5027 1763 5029 ’
