4020 5864
725 358 751 431 ‘1
767 357 801 433 N
817 360 852 434 D
869 360 902 432 E
915 360 958 432 Χ.

99 489 267 571 Educatio
291 479 472 568 libetbtttm
500 489 618 587 qualis.
639 508 720 581 145.
894 489 1008 560 decem
1026 509 1130 562 annos
1153 489 1268 566 retinet
1286 487 1335 566 'ex
1350 489 1439 594 pa'cis
1460 496 1554 572 cond

97 602 232 698 Egestas
245 594 396 668 excludit
405 595 522 664 otium
538 610 571 662 et
587 588 688 663 animi
699 610 796 660 tran·
857 635 860 641 -
895 588 1096 660 ditionibus.
1110 611 1174 681 44.

146 696 359 790 quillitatem.
385 715 465 787 302.
845 687 1026 758 Famensis·
1043 692 1108 761 rrd.
1124 698 1250 762 Petrus.

95 794 225 868 Electio
250 800 387 891 Regum
415 791 519 884 quare
539 789 604 879 juri
631 786 799 859 heredita·
848 787 1027 858 Famesius.
1045 790 1109 859 Vid-
1124 797 1252 862 Petrus.

143 893 194 964 rio
215 891 256 962 sit
280 887 520 989 posthabenda.
541 910 621 983 144.
634 891 691 957 An
708 888 800 958 actio
846 889 967 956 Fatum
994 884 1094 980 quid.
1122 890 1209 982 484.
1235 892 1292 960 De
1313 888 1374 961 fati
1401 893 1544 966 necessi·

107 996 284 1082 *praestet
308 989 343 1055 in
369 988 504 1057 virtute.
527 998 610 1080 406.
894 1001 963 1055 tate
999 1007 1197 1082 argumenta
1227 988 1428 1059 Stoicorum.
1454 997 1554 1083 496.

93 1084 250 1184 Episcopi
281 1105 360 1156 suut
392 1085 581 1157 administri
612 1083 796 1156 Pontifici&
866 1099 928 1152 -et
955 1105 1050 1176 seqq.
1076 1088 1129 1156 Ex
1153 1084 1213 1156 fati
1240 1089 1428 1159 necessitate
1453 1115 1543 1184 quae

110 1208 118 1218 ⁹
149 1207 230 1278 124.
245 1186 376 1256 Eorum
403 1182 571 1256 officium.
593 1187 677 1275 246.
893 1201 1077 1275 sequantur
1116 1183 1345 1257 incommoda.
1389 1211 1471 1278 511.
1507 1208 1543 1260 et

94 1283 282 1382 Episcopus
304 1283 451 1354 Senensis
469 1279 605 1365 effecit,
639 1299 677 1351 ut
707 1279 797 1352 cives
895 1302 1014 1374 seqq.-

118 1383 180 1454 *in
208 1381 359 1453 ecclesiae
392 1399 504 1478 partes
532 1379 793 1452 adducerentur.
841 1378 1017 1452 Fauentiae
1033 1398 1196 1476 tyrannus
1221 1383 1363 1474 Jnannes
1387 1383 1541 1456 Manfre·

149 1504 207 1550 11.
346 1511 348 1515 ·
890 1479 965 1550 dus.
989 1497 1024 1564 9.
1048 1483 1112 1574 46.
1135 1483 1290 1553 Faventia
1305 1504 1538 1580 oppugnatur,

96 1581 281 1678 Episcopus
316 1579 544 1665 Vicentinus,
579 1578 697 1653 Caroli
726 1579 793 1650 IV.
890 1597 924 1649 et
946 1579 1089 1673 capitur.
1113 1597 1175 1670 49.

143 1683 272 1777 legatus
294 1679 340 1749 ad
359 1678 551 1777 Aegidium.
572 1701 629 1773 34.
838 1677 1033 1748 Februarius
1054 1701 1075 1748 a
1092 1678 1223 1748 Februo
1241 1676 1363 1749 dictus.
1384 1684 1464 1772 164.

90 1779 240 1875 Epistola
263 1777 437 1850 Pontificis
468 1779 514 1849 ad
540 1776 722 1876 Aegidium
748 1774 795 1846 de
840 1775 1041 1858 Federicus,
1059 1776 1216 1848 Austriae
1234 1781 1327 1848 Dux.
1348 1798 1404 1870 35.

108 1908 110 1913 ¹
139 1877 285 1947 incunda
308 1899 389 1974 pace
415 1901 495 1947 cum
512 1876 703 1950 Malatestis.
727 1897 791 1968 44.
839 1875 950 1944 Pedus
965 1871 1066 1944 tradit
1084 1877 1302 1946 Maceratam.
1317 1896 1381 1966 41.

88 1975 247 2047 Erasmus
281 1976 533 2051 Roterodamus
577 1999 666 2071 quae
702 1977 795 2063 obji-
839 1972 987 2044 Felicitas
1003 2022 1014 2054 ‚
1033 1995 1134 2064 quam
1145 1975 1350 2069 Peripatetici
1373 1993 1541 2060 statuunt,

139 2075 185 2144 cit
204 2077 348 2146 Alberto
361 2078 432 2145 Pio.
454 2077 536 2168 548.
555 2081 596 2147 In
612 2073 708 2144 Italia
722 2095 791 2143 non
890 2088 1059 2165 quantum
1074 2067 1204 2142 differat
1219 2096 1239 2144 a
1261 2072 1413 2146 doctriua
1437 2075 1543 2145 chri·

105 2193 111 2204 ¹
135 2170 203 2244 fuit
225 2193 339 2245 tantae
364 2175 602 2256 auctoritatis,
626 2197 730 2266 quam
755 2175 791 2241 in
890 2169 1088 2239 stianorum.
1105 2189 1186 2262 257.

109 2296 113 2301 ·
138 2272 337 2341 Germania.
366 2291 446 2359 449.
478 2274 560 2358 Ejus
584 2272 619 2339 in
650 2270 796 2339 scriben·
836 2265 1034 2336 Pernandus
1060 2270 1232 2350 Toletus‚
1266 2269 1406 2339 Garsiae
1438 2270 1543 2339 Tole-

138 2364 189 2439 dis
204 2367 297 2441 libris
318 2368 489 2437 velocitas.
511 2372 594 2455 561.
617 2368 695 2436 Non
717 2369 792 2437 vult
888 2364 916 2433 ti
942 2363 1052 2448 filius,
1083 2368 1164 2435 Dux
1192 2365 1353 2436 Albanus.
1380 2386 1463 2451 229.
1546 2378 1548 2381 ’

137 2464 185 2536 ab
223 2467 294 2537 aliis
328 2465 491 2554 judicium
525 2465 603 2538 ferri
642 2465 685 2535 de
727 2465 793 2536 suis
839 2461 1032 2559 fernandus
1061 2463 1272 2549 Gometius,
1304 2465 1439 2563 Aegidii
1467 2462 1541 2539 fra*

137 2563 278 2660 scriptis.
314 2569 399 2658 464.
435 2566 517 2654 Ejus
543 2566 642 2635 Maria
676 2584 794 2658 repre·
891 2577 955 2628 ter.
980 2562 1040 2651 87.
1061 2579 1130 2656 94.

108 2683 111 2688 ·
135 2659 309 2729 hendisse.
327 2669 408 2745 566.
421 2662 607 2729 Confessus
622 2682 700 2730 cum
716 2668 793 2731 Lu·
838 2657 1039 2730 Pernandus.
1056 2664 1119 2733 Vrd
1137 2663 1280 2733 Blascus.
1293 2664 1443 2736 Garsias.

136 2755 250 2827 aiano.
268 2776 350 2849 444.
372 2754 454 2844 Ejus
484 2756 638 2857 dialogus
662 2758 706 2829 de
730 2768 791 2833 Pe·
836 2757 1010 2847 Ferraria,
1043 2759 1133 2831 urbs.
1156 2783 1210 2831 ro.
1233 2766 1294 2852 64.

135 2858 329 2947 regrinatione
356 2854 579 2928 exanunatur.
606 2862 686 2950 576.
834 2857 942 2923 Fessa·
964 2859 1032 2928 vir.
1052 2859 1232 2931 Henricus.

86 2955 194 3043 Error
222 2953 257 3023 in
288 2952 387 3026 bonis
407 2955 615 3027 matrimonii
644 2954 787 3052 impedit
834 2951 968 3024 Fidesa
1000 2959 1095 3054 Rege
1120 2957 1230 3041 data,
1252 2959 1422 3031 servanda.
1456 2980 1537 3051 140.

106 3094 114 3103 ·
135 3053 405 3126 matrimonium.
439 3076 526 3146 420.
552 3061 643 3126 Cum
672 3077 790 3126 errore
884 3055 977 3122 Data
991 3051 1170 3139 hostibus,
1186 3059 1355 3129 servanda.
1373 3053 1459 3149 248·
1475 3058 1536 3132 Ad

30 3151 32 3155 ’
109 3149 169 3222 in
198 3151 298 3226 bonis
317 3152 522 3227 matrimonii
534 3153 698 3228 ‘Pontilex
715 3153 788 3226 dis·
884 3147 989 3220 fidem
1013 3150 1204 3248 nemo'cogi
1222 3154 1334 3227 debet.
1354 3181 1433 3251 337.
1452 3179 1536 3250 444.

135 3272 275 3347 pensare
296 3272 418 3350 potest.
442 3255 529 3346 458.
834 3250 984 3322 Firmum
1020 3253 1198 3347 occupavit
1232 3256 1377 3327 Gentilis
1407 3258 1536 3330 Moliaa'

81 3351 268 3434 Eseulurn‚
293 3351 460 3450 oppidum
478 3356 512 3424 in
530 3354 739 3446 Piceno.75.
883 3370 960 3418 nus.
1000 3372 1059 3444 41.
1097 3354 1184 3421 Eam
1226 3354 1345 3424 urbem
1386 3355 1532 3427 Gentilis

83 3448 243 3520 Estensis.
264 3453 329 3522 vid.
345 3455 549 3525 Franciscus.
882 3447 1142 3522 Blascotradit.
1171 3472 1226 3543 33,
1249 3454 1304 3523 Ex
1330 3475 1370 3523 ea
1398 3456 1534 3525 Blascus

86 3546 252 3629 Etruria,
275 3552 444 3643 provincia
468 3550 596 3622 Italiae.
616 3571 670 3640 14.
692 3569 748 3642 59.
881 3547 1066 3640 egreditur.
1084 3571 1139 3644 44.
1166 3554 1390 3648 Expugnatur
1416 3572 1449 3622 et
1474 3575 1533 3621 ca·

90 3642 289 3741 Eugubiurn
318 3673 384 3721 sese
415 3648 510 3721 dedit
538 3650 693 3746 Aegidio.
724 3671 786 3742 23.
882 3645 976 3740 pitur
1001 3651 1164 3720 aBlasco.
1190 3672 1254 3741 44.
1280 3651 1322 3723 Ei
1340 3650 1534 3750 praeficitur
1560 3707 1572 3718 .

131 3744 284 3840 Eugubii
316 3749 485 3822 Galeotus
514 3749 686 3820 custodiae
714 3767 788 3820 tra·
881 3745 1033 3842 Olegius.
1050 3751 1112 3817 61.

133 3840 240 3911 ditur.
261 3864 325 3934 42.
830 3843 1013 3927 Flaminia,
1040 3847 1153 3917 ltaliae
1172 3847 1278 3944 regio.
1305 3873 1364 3921 ro.
1393 3871 1532 3943 44.41.
1581 3869 1583 3871 ’

80 3938 256 4012 Exercitus
271 3943 444 4017 Pontificis
464 3944 555 4017 fame
575 3947 785 4038 laborat.r4.
881 3963 946 4032 44.
961 3943 1043 4031 Ejus
1062 3946 1176 4015 civitas
1189 3948 1353 4018 Bononia.
1370 3955 1433 4019 61.

129 4043 169 4109 In
186 4055 250 4108 tres
266 4061 376 4136 partes
388 4043 634 4137 dividitur.45.
650 4049 786 4118 Exerci·
830 4041 1008 4112 Flaminiae
1031 4045 1177 4139 tyranni.
1203 4044 1259 4137 41.
1290 4070 1345 4140 41.
1373 4072 1431 4141 44.
1531 4052 1537 4060 ’

98 4158 103 4163 ·
129 4150 184 4204 tus
194 4135 299 4228 justus
315 4145 391 4235 quis
406 4144 497 4242 apud
507 4150 783 4242 Romanos·371.
831 4140 1026 4223 Florentia,
1054 4144 1146 4213 urbs.
1169 4166 1303 4235 1¹·42·

98 4255 102 4259 “
830 4238 1010 4312 Florentini
1042 4242 1224 4338 Aegidium
1254 4241 1432 4340 magnifice
1458 4237 1529 4315 'ex-

414 4345 450 4426 F
873 4338 1015 4433 cipiunt.
1041 4361 1099 4407 11.
1137 4345 1172 4412 A
1203 4341 1379 4410 Clemente
1400 4344 1463 4412 Vl.
1486 4343 1523 4412 in

874 4435 1140 4508 Mediolanenses
1178 4441 1401 4510 concitantur.
1465 4458 1521 4528 59.

81 4521 595 4624 Pabriensis.Vrd.Albergotius.
873 4536 926 4606 Fit
955 4557 1023 4631 part
1045 4537 1135 4606 inter
1158 4557 1326 4630 utrosque.
1350 4544 1407 4607 60.
1431 4543 1522 4607 Cum

5 4682 8 4686 ff
82 4621 282 4698 Faliscorum
298 4648 392 4722 agros
407 4646 514 4697 vastat
536 4628 688 4716 Joannes.
709 4630 779 4702 vi-
873 4634 1071 4705 Florentinis
1097 4635 1257 4733 Aegidius
1284 4636 1462 4707 amicitiam
1488 4652 1525 4704 et

129 4742 188 4791 cus
214 4724 309 4813 hujus
326 4725 479 4794 nominis.
500 4749 553 4813 15·
729 4777 731 4780 -
875 4732 1067 4805 societatem
1098 4733 1170 4803 init.
1195 4735 1254 4803 68.

76 4816 205 4894 Fanum
239 4822 414 4921 occupavit
442 4825 627 4901 Malatesta.
668 4848 703 4919 7·
732 4833 778 4907 In
825 4816 998 4910 roenerni
1019 4832 1159 4933 quaudo
1196 4831 1529 5000 permissum0F447·

1438 4949 1496 5001 or-
