4050 5858
380 404 488 479 SEU
520 410 594 480 DE
627 399 1012 478 APPETENDA
1046 408 1313 482 GLORIA·
1482 429 1559 484 ‘zor

126 545 214 626 ‘turm
238 540 407 656 exempla
421 565 582 650 vocatus
598 539 754 628 veniret.
772 545 875 625 Nam
894 528 1296 657 nequefmagnitudlne‘
1308 539 1442 645 animi,
1458 562 1583 657 neque

132 659 407 777 magnificentia
434 684 474 746 et
496 659 716 765 liberalitate
743 659 839 746 ullus
859 687 1043 775 umquam
1069 684 1108 745 te
1130 656 1201 745 luit
1225 657 1493 774 praestantior,
1510 690 1582 747 nec

126 776 230 886 fide,
256 778 392 890 justitia
418 778 714 891 temperantiave
736 777 877 892 major.
908 781 1023 874 Quae
1040 794 1128 865 tuae
1143 781 1301 889 virtutes
1317 807 1396 864 non
1423 803 1579 869 tuorum

121 918 272 984 tantum
297 923 338 983 et
366 925 463 985 voce
496 920 535 981 et
563 897 692 982 animis
721 896 990 1012 comprobatae
1011 922 1099 985 sunt
1115 953 1131 1004 ,
1146 897 1213 982 scd
1237 897 1352 983 hostis
1369 897 1490 1012 vetiam
1504 903 1578 983 Re·

123 1014 180 1129 gis
205 1015 477 1131 potentissimi,
498 1013 740 1130 ejusdemque
768 1016 1040 1130 prudentissimi
1065 1014 1415 1129 testimonio.''Qui
1435 1038 1473 1101 te
1487 1034 1577 1103 curu

116 1135 227 1249 Rege
251 1135 449 1220 fernando
477 1132 751 1246 inHispaniam
776 1157 1007 1220 remeantem
1033 1137 1113 1218 non
1127 1152 1221 1217 tam
1241 1131 1414 1250 grauium
1437 1133 1577 1223 incorr

117 1253 328 1339 modorum
357 1283 403 1340 ex
433 1274 472 1337 te
504 1275 777 1366 acceptorum,
802 1267 843 1337 et
870 1252 924 1337 bis
953 1252 1072 1366 erepti
1096 1252 1201 1367 regni
1227 1251 1468 1366 Neapolitani
1494 1256 1575 1337 me·-

117 1397 233 1476 mor,
254 1399 370 1485 quam
396 1396 547 1456 tuarum
572 1369 829 1455 excellentium
859 1370 1041 1457 virtutum
1067 1369 1272 1455 admirator
1301 1397 1388 1453 cum
1411 1369 1575 1482 ipsarum

112 1484 311 1572 clarissima
328 1487 584 1574 testificatione
599 1492 774 1574 Savonae
798 1488 904 1604 regio
927 1511 1110 1603 apparatu
1135 1487 1276 1601 accepit
1292 1548 1304 1592 ,
1320 1510 1359 1571 et
1380 1487 1452 1571 suis
1469 1487 1573 1585 tricli-

115 1603 225 1689 nariis
240 1607 334 1694 vasis
358 1606 477 1693 aureis
498 1606 760 1722 argenteisque
786 1634 955 1718 summae
983 1600 1245 1692 aestimationis
1263 1604 1438 1721 donavit.
1456 1605 1571 1702 Quae

115 1745 161 1806 tu
189 1723 373 1829 vicissim,
397 1755 447 1809 ne
476 1725 526 1808 ab
555 1742 603 1808 eo
623 1751 767 1838 ,quem
793 1723 905 1809 armis‘
931 1724 1070 1810 viceras
1084 1782 1112 1841 ,-
1136 1721 1416 1839 magnificentia
1439 1722 1570 1810 saltent

114 1868 311 1954 superatus
343 1839 452 1931 luisse
480 1840 599 1928 videri
624 1869 777 1954 posses,
800 1870 881 1926 uno
899 1843 1066 1928 'vasculo
1082 1843 1137 1926 ·in·
1160 1842 1378 1927 memoriam
1408 1840 1569 1925 honori·

114 1954 340 2046 licentissimi
356 1960 517 2044 muneris
534 1958 598 2043 tibi
615 1982 805 2047 reservato
822 2020 835 2065 ,
857 1958 999 2074 reliqua
1014 1961 1125 2048 servis
1138 1958 1354 2074 asseclisque
1380 1957 1473 2044 illius
1490 1958 1569 2044 dis·

108 2073 293 2163 tribuisti.
325 2078 421 2174 Quo
446 2075 506 2161 die
539 2104 627 2185 cum
652 2106 785 2171 omnes
811 2080 879 2193 qui
904 2079 1059 2164 aderant
1083 2077 1187 2162 Galli
1218 2075 1460 2193 Hispanique*
1477 2073 1568 2166 nihil

114 2189 181 2275 nisi
211 2195 261 2281 de
289 2195 361 2281 tuis
386 2192 583 2282 virtutibus
608 2193 857 2309 loquerentur-
870 2245 894 2301 ,‹
909 2190 984 2282 'dici
1014 2190 1096 2281 non
1119 2212 1276 2313 potest,
1298 2219 1566 2314 quantarum
1609 2265 1611 2268 .

115 2309 365 2398 admiratione
390 2311 569 2399 omnium,
589 2338 629 2398 et
654 2313 786 2399 oculos
807 2338 846 2399 et
866 2313 1014 2399 animos
1037 2316 1077 2400 in
1101 2339 1140 2398 te
1170 2339 1292 2413 unum
1321 2306 1564 2421 converteris,
1698 2378 1699 2383 a

109 2427 318 2516 accedente
341 2429 392 2514 ad
412 2430 553 2545 regiam
569 2432 734 2544 eorporis
750 2433 805 2517 tui
832 2432 1057 2548 dignitatem
1069 2425 1217 2546 torque·
1230 2431 1298 2514 illo-
1311 2453 1464 2535 aureo,
1479 2458 1563 2545 quo
1651 2469 1656 2478 ·

100 2537 237 2629 'fueras
259 2578 283 2631 a
316 2548 576 2663 Neapolitanis
601 2549 751 2662 publice
781 2550 977 2655 donatus,
1000 2549 1144 2665 inquo
1176 2572 1343 2663 quatuor
1364 2540 1563 2663 praecipua

113 2658 165 2746 de
188 2664 304 2774 Gallis
320 2667 503 2781 trophaea
525 2662 732 2750 faberrime
744 2696 790 2751 ex
809 2694 916 2752 auro-
929 2664 1245 2781 cum'hujusmodi
1259 2665 1369 2751 titulo
1391 2694 1561 2780 expressa

111 2802 252 2893 erant‘:
280 2802 316 2870 s'.'
336 2808 370 2868 r›.‘
395 2818 437 2898 o,
474 2802 735 2867 uanaorr'tnuvs
754 2817 880 2869 aaran
908 2806 1087 2869 nements.
1136 2784 1270 2879 Quod‘
1287 2807 1485 2899 gestamen*
1510 2814 1560 2903 eo

108 2919 274 3098 quoque?
299 2902 366 2987 die
395 2902 462 2988 tibi
489 2889 598 3017 apud
608 2890 745 3019 Reges
762 2923 970 2988 coenaturo
1001 2903 1240 3057 'inducpdum
1254 2902 1408 3016 ‘putasti
1424 2963 1436 3007 ,
1470 2926 1559 3018 pru·
1736 2984 1740 2995 ,
1781 2939 1783 2943 ’

139 3017 328 3103 entissino
359 3043 398 3104 et
421 3048 444 3102 a
473 3021 730 3137 magnitudine
758 3012 1060 3139 animiprofecto
1086 3020 1264 3105 consilio.
1299 3019 1468 3222 Νῃςᾷωε
1483 3043 1555 3134 ‘ptr-
1591 3031 1620 3114 ‘J
1735 3030 1740 3071 ³

107 3152 190 3217 tare
216 3160 343 3248 posset
371 3138 411 3221 in
434 3137 620 3225 invidioso
648 3138 859 3244 convivio,
887 3167 976 3223 cum
1006 3137 1174 3223 maximis
1200 3163 1239 3223 et
1264 3136 1327 3221 cla

107 3249 217 3365 gibus
233 3277 270 3339 te
299 3280 484 3340 nontam
505 3255 578 3341 ruis
608 3255 744 3342 meritis
759 3319 771 3364 ,
789 3285 906 3373 quam
934 3256 1101 3371 ipsorum
1130 3255 1362 3372 indulgentia
1393 3252 1578 3343 uscumsss

106 3368 218 3456 bere.
247 3371 364 3457 Simul
379 3401 453 3480 ne,
470 3374 497 3459 si
513 3374 552 3459 id
569 3374 822 3487 deposuisses,
838 3375 1086 3461 assentatione
1102 3435 1114 3479 ,
1129 3401 1229 3489 quac
1251 3396 1453 3489 sempera
1475 3404 1555 3461 ma·

105 3488 190 3602 gnis
220 3490 350 3576 animis
383 3489 497 3608 longe
525 3489 597 3576 fuit
626 3491 774 3602 aliena,
795 3522 955 3599 eorum,
987 3484 1035 3580 dc
1066 3490 1202 3607 quibus
1230 3488 1552 3607 triumphaveras,

105 3605 267 3717 gratiam
286 3633 454 3724 captasse
476 3608 592 3696 videri
607 3641 760 3725 posses.
790 3617 894 3697 Nam
909 3640 997 3695 cum
1018 3610 1470 3725 illotum'imperatorum,
1484 3609 1553 3724 qui

102 3721 270 3809 maxime·
284 3726 508 3833 laudantur,
523 3726 724 3815 Alexandri
736 3791 748 3836 ,
760 3722 953 3816 Annibalis
966 3790 982 3836 ,
996 3730 1160 3815 Caesaris
1176 3724 1330 3816 virtutes
1354 3725 1552 3842 insignium

100 3838 286 3926 vitiorum
314 3844 398 3931 labe
421 3842 559 3931 fuerint
586 3843 804 3934 obfuscatae
820 3910 833 3952 ,
849 3873 893 3933 tu
917 3877 1006 3932 eum
1035 3845 1293 3963 magnitudine
1318 3844 1431 3929 animi
1461 3875 1549 3961 pru·

103 3956 458 4068 dentiam‹,fidem,
476 3963 810 4081 magnificentiam,
827 3967 1112 4079 temperantiam
1129 3963 1379 4077 justitiamque
1393 3962 1445 4047 ita
1461 3992 1550 4049 con-

99 4071 278 4186 junxisti,
304 4103 348 4166 ut
370 4081 410 4165 in
425 4081 575 4198 singulis
590 4083 772 4170 ¹excellere
787 4085 950 4200 puteris.
984 4089 1140 4169 Prorsus
1163 4078 1207 4166 ut
1233 4076 1447 4167 hominibus
1462 4106 1549 4195 pro.-

104 4191 197 4278 bare
222 4195 317 4284 velle
345 4198 531 4304 videaris,
548 4200 587 4286 id
601 4203 711 4316 quod
734 4227 791 4289 est
812 4231 836 4285 a
859 4201 1061 4287 clarissimis
1090 4195 1319 4315 pbilosophis
1340 4197 1549 4313 proditum,

102 4337 238 4398 omnes
270 4314 426 4403 virtutes
454 4317 674 4433 colligatas,
693 4325 871 4435 adeoque
897 4315 1088 4434 implicitas
1120 4345 1197 4401 esse
1214 4376 1226 4418 ‚
1245 4315 1382 4430 utqui
1400 4344 1552 4401 una-ca·

99 4453 214 4535 reat,
233 4433 373 4519 cunctis
405 4436 565 4521 omnino
594 4438 639 4523 sit
664 4440 863 4525 cariturus.
896 4437 1019 4532 Quod
1035 4436 1064 4520 si
1087 4458 1125 4519 te
1140 4432 1321 4549 cupiditas
1336 4432 1477 4551 gloriae
1498 4433 1549 4521 ad

96 4567 247 4634 tantam
282 4551 534 4638 excellentiam
567 4554 741 4669 perduxit
758 4619 770 4661 ,
786 4553 875 4640 nihil
891 4580 947 4640 est
962 4617 974 4659 ,
988 4552 1098 4670 quod
1115 4553 1176 4639 vel
1203 4553 1364 4638 rationes
1392 4551 1454 4640 vel
1482 4581 1551 4637 ex·

94 4688 207 4751 terna
238 4670 407 4785 exempla
430 4672 692 4787 requiramus.
725 4675 801 4761 Sed
826 4701 907 4757 non
935 4675 1033 4788 capit
1048 4670 1159 4786 hujus
1175 4669 1351 4785 temporis
1378 4670 1549 4785 angustia

95 4785 338 4898 amplissimas
363 4815 451 4876 tuas
477 4792 607 4877 laudes
626 4853 640 4898 ,
656 4820 780 4906 neque
810 4816 865 4875 cst
894 4791 954 4875 hic
981 4791 1086 4876 locus
1116 4820 1178 4877 eas
1206 4785 1552 4883 commemorandi.

93 4902 350 5114 §ugmqupgr
372 4938 453 5000 non
469 4909 509 4999 id
524 4909 665 5018 timeo,
681 4939 755 5019 ne,
773 4910 866 5000 dum
882 4908 933 4994 sic
944 4911 1086 5032 loquor
1101 4970 1116 5023 ,
1131 4907 1281 5002 auribus
1295 4905 1390 4995 hacc
1403 4902 1553 5117 tuisglsse:

198 5051 268 5111 om.
341 5087 352 5113 .
886 5031 944 5116 Cc
1502 5023 1510 5040 ’

1402 3138 1557 3226 misRe·
1586 3169 1596 3179 ‘·
1625 3162 1696 3184 ‘
