4050 5858
432 476 434 479 ¹
511 379 582 454 zm
972 374 1440 452 onmocxxras

299 536 341 590 aa
354 536 443 590 cas.
492 507 611 625 gloria
638 509 818 598 deserum
834 571 846 616 ,
861 534 960 624 quae
986 507 1036 592 ab
1061 505 1277 595 hominibus
1303 506 1513 625 contingit:
1543 505 1758 594 Christianis
1780 514 1947 620 gloriari

302 680 325 717 ι.
346 667 377 715 a
392 666 446 712 c...
463 656 576 712 anon
600 627 683 716 licet
699 691 711 735 ‚
728 636 802 712 orsi
830 636 870 711 ia
898 651 1010 714 aare
1036 629 1184 714 morat
1202 635 1325 712 nostri
1341 625 1438 743 Jesa
1456 625 1628 711 corni.
1663 632 1766 712 Nam
1782 636 1849 735 qai
1861 635 1946 740 glo·

302 782 465 831 aaran.
494 755 652 854 einim,
677 748 777 834 idern
793 746 928 833 Paulus
951 745 1031 848 ait,
1048 752 1089 830 io
1114 751 1256 830 donoro
1282 751 1501 855 glorietur,
1527 772 1646 860 aquo
1668 751 1794 855 gloria
1821 763 1859 831 et
1881 750 1946 835 ho·

431 873 459 947 Q
494 889 561 950 nor
593 881 632 951 et
650 887 738 976 pax
760 874 856 949 oront·
880 870 1050 976 aperanti
1079 867 1208 949 bonam
1240 863 1332 948 citra
1361 863 1548 950 delectum
1583 890 1850 977 personarum.

412 1007 415 1011 ’
553 984 620 1071 ΙΧ.
681 990 777 1074 Νοιι
803 984 914 1101 igitur
943 982 1067 1096 probo
1093 985 1201 1068 istam
1227 982 1412 1068 rationem
1444 980 1684 1087 disputandi,
1700 1008 1851 1068 utcum
1869 986 1946 1122 agi·

494 1124 557 1188 tut
585 1101 635 1189 de
657 1103 800 1220 legibus
825 1130 870 1187 ac
898 1098 1068 1186 institutis
1084 1100 1300 1188 Christianis
1317 1160 1329 1205 ,
1347 1126 1385 1186 et
1401 1098 1572 1214 quaestio
1597 1124 1652 1185 est
1678 1128 1868 1187 sacrarum
1884 1105 1943 1191 ht·

304 1229 404 1341 gurg
419 1241 484 1338 2323
495 1243 660 1309 terarum
682 1220 901 1308 testimoniis
929 1217 1166 1330 dijudicanda
1182 1280 1195 1323 ,
1210 1243 1256 1304 tu
1284 1217 1412 1304 locum
1437 1245 1570 1335 urgeas
1598 1217 1753 1304 decretis
1783 1221 1943 1336 philoso-

305 1303 484 1460 g{{¹t⁵pn²⁵{g¹gg3
497 1337 662 1452 phorum
677 1398 691 1444 ,
709 1338 912 1426 Aristotelis
926 1336 1060 1452 passim
1076 1398 1089 1443 ‚
1104 1365 1301 1452 tamquam
1318 1335 1423 1421 Pauli
1447 1364 1590 1421 nomen
1612 1337 1865 1426 manando:
1887 1343 1945 1428 cui

304 1472 484 1580 shssn¹⁰2ggg¹gg
496 1456 724 1573 philosopho
753 1483 902 1544 tantum
928 1456 1056 1543 tribuis
1080 1456 1119 1545 in
1146 1455 1253 1545 omni
1280 1482 1452 1541 sermone
1468 1517 1482 1561 ‚
1501 1478 1545 1539 ut
1561 1455 1659 1541 dicta
1674 1455 1754 1569 ejus
1781 1459 1944 1545 nonfho

303 1544 352 1642 3¹..
498 1576 604 1662 minis
620 1577 812 1688 cujusdam
836 1577 985 1663 decreta
1011 1603 1114 1683 esse,
1131 1574 1197 1662 sed
1223 1573 1284 1660 dei
1305 1571 1455 1686 alicujus
1479 1573 1660 1679 oracula,
1678 1574 1740 1659 cui
1771 1572 1944 1694 refragari

498 1691 600 1780 nefas
624 1696 698 1801 sit,
716 1719 876 1781 statuere
903 1694 1085 1780 videatis:
1111 1721 1151 1779 et
1172 1692 1287 1809 quod⁴
1314 1692 1473 1779 maxime
1496 1692 1693 1808 indignum
1712 1718 1769 1778 est
1790 1696 1942 1783 homine

366 1805 378 1810 ”
486 1810 740 1919 Christiano,
758 1836 955 1929 praecepta
980 1840 1138 1926 quoque
1163 1810 1348 1928 religionis
1376 1835 1525 1896 nostrae
1551 1812 1696 1896 conaris
1726 1811 1776 1897 ad
1799 1814 1942 1900 Aristo

495 1928 574 2015 telis
605 1959 779 2017 normam
804 1931 984 2046 dirigere:
1013 1930 1118 2042 cujus
1145 1954 1272 2016 tamen
1301 1929 1511 2015 doctrinam
1535 1954 1684 2016 constat
1706 1957 1794 2016 cum
1821 1931 1940 2046 pletis

494 2074 572 2159 que
600 2049 871 2154 articulorum,
887 2047 1024 2162 quibus
1040 2047 1147 2162 quasi
1175 2042 1428 2137 fundamentis
1456 2070 1584 2132 nostra
1618 2044 1710 2134 fides
1737 2048 1944 2166 religioque

494 2163 623 2251 nititur
640 2202 663 2270 ,ι
674 2195 870 2284 pugnare.
899 2168 990 2270 Hoc
1014 2189 1069 2251 est
1078 2164 1173 2251 illud
1189 2226 1200 2271 ,
1216 2167 1326 2281 quod
1350 2163 1457 2251 multi
1474 2165 1549 2276 jam
1570 2162 1668 2252 ferre
1685 2195 1762 2251 non
1780 2194 1944 2281 possunt·

492 2277 739 2398 inAquinate
756 2285 909 2370 Thoma
925 2345 937 2389 ‚
956 2284 1039 2370 viro
1062 2282 1228 2399 alioquin
1251 2284 1421 2400 egregiae
1445 2281 1638 2370 doctrinae
1662 2310 1701 2371 et
1727 2286 1942 2394 sanctitatis,

492 2398 559 2512 qui
576 2401 828 2489 Christianum
850 2402 990 2517 ubique
1007 2401 1134 2487 nititur
1148 2399 1393 2487 Aristotelem
1406 2397 1576 2508 efficere,
1594 2401 1822 2489 Christianis
1836 2404 1940 2522 leges

491 2515 823 2631 Peripateticorum
840 2520 1028 2636 dogmatis
1051 2517 1276 2606 confirmans
1299 2543 1444 2635 praeter
1472 2548 1618 2606 morem
1645 2546 1684 2608 et
1715 2523 1938 2611 sententiam

297 2687 327 2736 ι.
347 2687 412 2737 rm,
426 2702 478 2735 ...-
490 2659 663 2722 veterum
689 2639 986 2755 theologorum:
1005 2664 1051 2721 ex
1073 2638 1209 2755 quibus
1235 2636 1493 2752 Hieronymus
1516 2636 1691 2728 clamanti
1716 2639 1896 2746 cuidam,
1912 2643 1939 2726 i·

298 2759 339 2794 ''⁰
353 2746 436 2810 ΜΨ·
455 2761 477 2795 ¹·
492 2782 630 2869 gnoras
651 2755 748 2841 hane
763 2756 1073 2871 philosophonun
1093 2756 1436 2841 essesententiam?
1464 2756 1658 2871 respondit
1675 2789 1685 2841 ε
1700 2758 1786 2843 Sed
1799 2786 1868 2844 noa
1882 2763 1938 2842 A·

297 2927 345 2973 aa
367 2924 477 2985 emp...
485 2879 733 2981 postrorum.
768 2875 901 2981 Neque
936 2881 1031 2958 enim
1047 2931 1062 2979 ‚
1076 2873 1198 2984 inquit
1213 2931 1226 2978 ,
1244 2874 1335 2958 mihi
1363 2896 1475 2959 corae
1501 2891 1559 2959 est
1587 2878 1935 2984 promerueras,

296 2984 562 3072 ''¹'‘P¹⁸²·¹⁰·sed
575 2997 667 3096 qaid
680 2992 824 3076 Paulus
839 2997 994 3077 docem:
1018 3016 1057 3078 et
1084 2991 1159 3077 alio
1182 2991 1222 3076 in
1245 2993 1333 3079 loco
1364 2993 1516 3107 pulchre
1542 2993 1788 3110 philosophos
1813 3025 1836 3079 a
1857 2996 1939 3111 qui·

491 3106 650 3194 busdam
675 3109 899 3225 patriarchas
931 3109 1201 3196 haereticorum
1226 3109 1429 3225 appellatos
1452 3138 1637 3199 asseverat
1656 3113 1750 3229 ‚qui
1766 3113 1940 3200 ecclesiae

488 3224 690 3337 puritatem
726 3256 898 3341 perversa
930 3228 1101 3314 doctrina
1131 3228 1426 3316 maculaverint.
1459 3227 1533 3314 Sed
1569 3229 1662 3344 quid
1690 3260 1766 3348 ego
1796 3232 1938 3318 Hiero-

487 3343 596 3457 nymi
618 3345 840 3431 sententiam
864 3347 1039 3461 dictaque
1066 3356 1268 3432 memoro?
1293 3374 1381 3433 cum
1403 3347 1539 3433 Paulus
1564 3347 1641 3463 ipse
1666 3375 1735 3433 nos
1765 3349 1937 3437 hortetur

294 3521 336 3571 Α,
349 3523 393 3571 m,
406 3532 432 3569 ᾖ
490 3482 723 3579 moneatque
739 3526 751 3570 ,
767 3494 816 3551 ne
848 3489 988 3551 temere
1013 3465 1326 3582 philosophorum
1352 3464 1507 3551 decretis
1533 3466 1799 3553 assentiamus:
1825 3471 1938 3552 Viae.

488 3593 555 3686 te,
578 3579 700 3699 inquit
714 3646 728 3688 ,
744 3610 787 3668 ne
803 3591 889 3692 qais
914 3602 985 3672 uos
999 3590 1163 3703 decipiat
1184 3603 1259 3697 per
1280 3586 1552 3696 philosophiam
1584 3605 1623 3673 et
1655 3592 1799 3695 iaamm
1812 3585 1936 3692 falla

293 3730 412 3788 naar.
484 3705 607 3786 ciam:
637 3727 677 3787 et
691 3704 816 3789 Esaias
839 3701 1000 3789 clamet:
1035 3707 1195 3790 Perdam
1219 3713 1441 3814 sapientiam
1457 3713 1695 3816 sapientam,
1715 3722 1753 3789 et
1771 3711 1941 3824 prodeo-t

296 3845 459 3901 ...rema
485 3824 579 3900 aiam
600 3824 839 3928 madentium
865 3823 1089 3931 reprobabo.
1116 3821 1233 3908 Unde
1256 3823 1354 3910 idem
1371 3823 1531 3911 Paulus:
1551 3825 1784 3936 Sapientia,
1800 3825 1938 3940 inquit,

483 3935 594 4042 bajas
620 3943 744 4021 mandi
761 4000 773 4043 ,
789 3946 954 4023 stultitia
970 3955 1029 4023 ert
1050 3944 1153 4049 opud
1168 3942 1293 4031 Deam
1309 3972 1318 4026 :
1336 3943 1446 4056 quod
1461 3967 1516 4028 est
1532 3944 1635 4029 haud
1652 3943 1765 4031 dubie
1787 3945 1835 4029 de
1852 3942 1932 4056 phi·

289 4083 359 4132 n..
376 4093 398 4128 ι.
482 4049 649 4165 losophis
681 4055 850 4142 dictum:
878 4064 942 4164 qai
956 4063 1120 4142 dicentes
1143 4085 1185 4142 se
1212 4086 1294 4144 esse
1319 4069 1537 4170 sapientes,
1554 4068 1663 4146 stulti
1677 4059 1786 4167 facti
1799 4077 1903 4144 suat.

504 4228 508 4237 ι
542 4173 593 4256 Χ.
652 4177 752 4258 Dux.
786 4176 928 4262 Invitus
944 4172 1042 4262 facio
1057 4238 1070 4283 ,
1087 4202 1131 4262 ut
1154 4207 1178 4261 a
1202 4177 1398 4293 questione
1417 4179 1522 4265 initio
1541 4181 1649 4266 nobis
1666 4180 1859 4295 proposita
1876 4179 1933 4266 di·

373 4378 377 4383 „
437 4346 441 4371 ι
480 4288 649 4404 grediar.
682 4290 755 4378 Sed
776 4294 961 4411 quoniam
985 4319 1030 4381 tu
1058 4324 1120 4380 me
1142 4293 1248 4410 quasi
1276 4295 1325 4382 de
1349 4297 1417 4382 via
1432 4298 1483 4385 ad
1511 4298 1688 4414 impedita
1713 4298 1933 4387 divertimla

481 4405 674 4511 detrudis,
695 4437 796 4522 quae
824 4413 889 4496 nisi
915 4413 1187 4527 expediantur,
1204 4410 1413 4501 difficillima
1430 4416 1475 4502 sit
1498 4413 1626 4512 futura
1654 4418 1751 4502 tatio
1776 4417 1828 4504 de
1856 4417 1931 4506 vir·

477 4523 620 4610 tutibus
636 4524 849 4639 disputandi
866 4590 878 4632 ‚
898 4531 1032 4641 rejecta
1064 4560 1130 4646 per
1159 4555 1197 4616 te
1227 4532 1535 4647 philosophorum
1567 4534 1792 4621 auctoritate
1811 4534 1935 4650 :quid

477 4641 549 4728 hac
572 4642 610 4727 in
637 4669 742 4756 parte
765 4643 994 4732 verissimum
1023 4678 1101 4735 esse
1130 4673 1296 4764 putem,·
1323 4649 1396 4761 jaan
1428 4654 1554 4765 paucis
1586 4653 1806 4767 explicabo.
1839 4659 1935 4741 Pro·

475 4759 651 4847 nunciata
675 4762 735 4846 illa
755 4763 980 4879 ,Leopolde
997 4826 1009 4866 ‚
1026 4795 1127 4880 quae
1143 4771 1342 4852 Articulos
1367 4770 1479 4854 Fidei
1507 4796 1705 4886 propterea
1732 4800 1936 4888 nuncupa·

475 4907 560 4968 mus
574 4940 588 4989 ‚
603 4879 792 4997 quodhis
817 4883 923 4974 velut
937 4884 1099 5003 'artubus
1128 4884 1216 4975 fidei
1238 4884 1444 4977 catlsolicae
1469 4889 1639 4982 membra
1672 4889 1844 4981 distincta
1859 4953 1873 4997 ‚
1891 4892 1938 4979 in

1016 5099 1033 5157 l
1847 5037 1936 5098 COl'·
