4050 5858
678 426 881 498 truta
931 426 996 496 ιιι.
1471 427 1541 512 2s9

97 565 312 638 assectatur
330 553 517 662 judicium
534 549 681 634 uindex
694 575 848 653 eornun,
867 556 932 654 qui
957 576 984 630 a
998 554 1080 656 tege
1096 545 1228 629 divina
1242 546 1454 634 desciscunt
1471 559 1484 634 ε’
1500 562 1563 636 eut
1610 639 1629 651 X

90 672 239 780 juditio
257 672 466 754 adhaerens
485 729 498 777 ,
516 677 582 776 qui
606 669 744 751 'beatus
766 695 853 752 esse
870 669 1007 771 debet,
1032 669 1194 749 eumdem
1208 673 1377 770 sequitur
1409 669 1562 756 humilis

96 805 208 898 atque
235 795 449 874 modestus:
478 794 544 896 qui
566 813 660 873 vero
690 791 871 895 superbia
895 786 1087 889 effertur,
1106 789 1174 867 vel
1196 785 1331 890 opibus
1359 802 1425 869 aut
1452 790 1559 876 tona

97 911 204 991 ribus
221 908 407 1013 formum
435 913 608 1015 carpum
634 914 848 990 intumescit
865 963 879 1010 ,
887 908 1055 1013 juvenili
1078 917 1117 983 et
1142 902 1447 1010 stultoflagrans
1470 917 1557 991 auti-

96 1051 151 1111 mu
169 1087 182 1130 ,
200 1035 313 1134 quasi
337 1031 433 1110 nullu
451 1024 649 1135 praeficta
671 1027 815 1108 duceve
842 1028 1042 1131 indigeat,
1071 1024 1143 1101 seu
1162 1032 1247 1133 ipse
1266 1029 1399 1126 potius
1425 1031 1556 1110 vuteae

94 1150 252 1229 aliorsum
283 1172 366 1229 esse
395 1149 475 1228 dun
506 1159 545 1227 et
576 1139 1109 1248 mauritaniensium
1134 1163 1160 1220 a
1190 1139 1302 1241 Deo,
1327 1146 1554 1250 relictusque

94 1281 135 1347 et
150 1269 245 1347 alios
269 1272 331 1346 sui
357 1268 498 1353 sindus
533 1276 668 1347 nactus
684 1322 696 1368 ,
714 1267 881 1346 exsultat
896 1320 909 1369 ,
927 1285 994 1344 trec
1023 1264 1104 1341 sine
1128 1263 1240 1365 uulgi
1272 1261 1380 1343 laude
1403 1277 1550 1350 coum-

95 1380 165 1463 hat
195 1390 338 1466 omnia.
1625 1448 1630 1455 -

114 1537 120 1544 ·
155 1501 224 1583 IV.
284 1505 414 1616 Atque
442 1496 537 1589 haec
563 1499 720 1618 quidem
753 1501 863 1590 Plato
892 1500 940 1587 de
973 1495 1182 1585 humilitate
1214 1520 1254 1582 et
1281 1495 1452 1610 superbia
1487 1499 1550 1587 di·

95 1614 233 1704 vinitus
251 1644 324 1723 ,ut
353 1618 559 1734 pleraque,
588 1620 838 1707 memoravit:
864 1618 975 1704 ceteri
1004 1643 1133 1703 autem
1159 1615 1301 1731 antiqui
1333 1614 1548 1734 philosophi

95 1734 146 1820 de
174 1735 373 1823 virtutibus
404 1765 555 1822 morum
588 1737 842 1844 disserentes,
865 1766 926 1822 eas
963 1736 1200 1850 potissimum
1234 1758 1274 1818 et
1301 1763 1420 1846 paene
1452 1736 1549 1823 solas

95 1855 279 1967 persecuti
303 1878 392 1940 sunt
408 1915 420 1958 ,
434 1881 533 1970 quae
558 1856 869 1942 communitatem
885 1855 1082 1940 hominum
1110 1851 1303 1968 vitamque
1327 1850 1471 1938 civilem
1496 1879 1561 1941 at·.

95 1970 280 2087 tingunt,
303 1971 489 2085 humilitas
518 1973 616 2059 enim
646 2002 730 2087 pars
760 1999 815 2060 est
834 2036 846 2079 ,
863 1997 901 2058 et
927 1974 1082 2089 quidem
1105 1971 1303 2085 praecipua
1322 1970 1546 2086 religionis,

94 2115 195 2203 quae
219 2113 264 2174 ut
286 2119 311 2173 a
334 2088 536 2203 junioribus
562 2091 748 2207 theologis
763 2089 966 2198 definitur,
988 2090 1158 2177 homines
1173 2086 1262 2174 facit
1289 2089 1470 2204 supplices
1488 2120 1548 2177 es·

94 2233 133 2291 se
160 2211 275 2310 Deo,
294 2232 332 2292 et
350 2232 504 2322 propter
524 2214 650 2294 Deum
675 2209 803 2296 ceteris
830 2210 1045 2296 hominibus
1074 2209 1352 2294 concedentes:
1384 2207 1546 2294 hortan-

93 2345 134 2407 te
160 2352 228 2409 nos
258 2325 375 2412 Petro
406 2326 581 2439 apostolo
597 2387 610 2432 ,
627 2354 672 2411 ac
688 2329 860 2415 dicente:
894 2328 1069 2437 Subjecti
1094 2340 1209 2411 estote
1241 2333 1339 2409 omni
1366 2326 1546 2414 humanae
1563 2362 1586 2402 ¹·
1602 2351 1660 2404 aa.
1675 2364 1700 2400 ι·

97 2455 293 2525 menturae
311 2459 473 2552 propter
490 2446 634 2528 Deum.
652 2446 900 2560 Quamquam
921 2446 949 2549 si
964 2445 1109 2560 placeat
1128 2443 1334 2557 priscorum
1349 2443 1546 2564 theologo

96 2583 183 2642 rum
199 2619 212 2664 ‚
229 2561 294 2674 qui
309 2561 583 2676 philosophiam
607 2564 806 2650 involucris
831 2560 1043 2648 fabularum
1069 2560 1332 2667 tradiderunt,
1348 2589 1546 2678 praecepta

97 2700 265 2789 repetere
280 2739 293 2784 ,
309 2681 359 2764 ab
384 2677 449 2765 illis
470 2708 631 2795 quoque
656 2680 904 2767 humilitatem
928 2681 989 2770 vel
1020 2681 1059 2766 in
1088 2679 1215 2794 primis
1237 2680 1553 2771 commendatam·

94 2819 173 2878 esse
197 2795 302 2882 haud
319 2796 432 2882 dubie
462 2800 708 2913 reperiemus.
740 2799 850 2896 Quid
871 2796 972 2885 enim
993 2796 1094 2884 aliud
1118 2821 1276 2914 egerunt
1295 2802 1490 2885 Homerus
1505 2827 1546 2889 et

93 2911 318 3018 Hesiodus,
343 2944 442 3032 quos
471 2941 615 3004 veteres
650 2917 852 3033 theologos
881 2917 1098 3006 Aristoteles
1121 2914 1312 3031 appellat,
1344 2914 1545 3032 gigantum

93 3055 185 3116 cum
216 3030 281 3117 diis
310 3062 478 3150 pugnam
505 3062 710 3151 casumque
740 3061 1016 3140 memorantes,
1032 3033 1100 3120 nisi
1129 3033 1299 3119 homines
1329 3035 1544 3122 admonue-

93 3172 186 3233 runt
201 3209 213 3252 ,
231 3177 275 3235 ut
288 3155 416 3236 Deum
441 3153 619 3269 supplices
641 3152 807 3240 colerent
821 3214 834 3260 ,
850 3151 953 3263 cujus
969 3152 1159 3269 potentiae
1184 3151 1383 3236 hominum
1401 3152 1461 3241 vel
1484 3183 1543 3242 ro·

92 3262 387 3354 brutissimorum
415 3270 510 3356 vires
541 3296 780 3387 comparatae
806 3271 940 3358 umbra
960 3272 1151 3387 quaedam
1178 3269 1295 3354 inanis
1313 3331 1325 3376 ,
1343 3274 1541 3387 gigantum

93 3385 266 3501 exemplo
295 3387 412 3475 videri
437 3415 623 3502 possunt;
649 3416 716 3476 aut
745 3415 844 3476 certe
874 3389 1006 3495 amia,
1030 3388 1357 3505 quemadmodum
1385 3413 1541 3474 restatur

91 3498 233 3608 Plato,
253 3505 303 3592 de
326 3504 482 3591 homine
505 3507 617 3593 etiam
641 3509 906 3622 sapientissimo
931 3511 1047 3596 verba
1062 3504 1198 3592 faciens
1215 3568 1227 3612 ,
1244 3535 1344 3621 quae
1371 3506 1540 3592 recorda·
1553 3528 1734 3638 eptotnffir·

93 3615 150 3702 tio
173 3623 321 3736 propria
344 3647 400 3710 est
424 3625 667 3712 humilitatis?
698 3626 905 3742 Sophocles
930 3654 1088 3742 quoque
1116 3624 1419 3740 prudentissimus
1446 3593 1699 3739 poi-mm

44 3794 47 3799 ·
90 3756 132 3818 ta
149 3735 300 3849 Ajacem
328 3737 414 3828 facit
441 3771 506 3856 per
533 3743 744 3859 superbiam
768 3745 885 3860 perire
905 3803 918 3849 ,
939 3772 1029 3829 cum
1055 3742 1193 3833 viribus
1222 3740 1393 3828 humanis
1424 3737 1539 3830 frenas

90 3882 208 3967 opem
238 3856 404 3944 divinam
431 3863 711 3968 contemsisset,
734 3889 858 3977 spreto
873 3863 985 3977 patris
999 3862 1166 3952 consilio
1183 3923 1195 3968 ,
1211 3861 1277 3978 qui
1293 3858 1539 3977 proficiscenti

90 3970 142 4056 ad
164 3972 306 4060 bellum
331 3976 421 4072 nihil
448 3978 548 4066 aliud
568 4007 685 4096 quam
707 3983 783 4066 Dei
810 3981 1082 4086 reverentiam,
1103 3980 1178 4064 hoc
1193 4004 1272 4082 est,
1293 3978 1536 4065 humilitatem

88 4094 414 4181 commendasset.
445 4097 520 4182 Sed
543 4099 725 4214 quoniam
754 4099 951 4185 humilitati
977 4100 1015 4182 in
1041 4099 1207 4184 humana
1230 4097 1342 4182 etiam
1365 4125 1536 4181 commu·

92 4204 211 4291 nitate
235 4241 344 4298 suurn
373 4243 451 4300 esse
474 4213 601 4301 locum
627 4216 742 4332 paulo
771 4222 859 4302 ante
890 4216 1090 4321 dicebam,
1116 4242 1242 4319 erras,
1260 4214 1481 4328 leopolde,
1507 4214 1545 4300 si.

92 4320 194 4408 hanc
217 4322 313 4415 forte
339 4356 448 4446 putas
464 4392 477 4435 ,
493 4357 537 4418 ut
561 4336 741 4438 nomine,
765 4364 807 4421 re
829 4335 957 4424 itidem
987 4331 1094 4420 fuisse
1117 4333 1168 4416 ab
1197 4331 1357 4447 antiquis
1373 4332 1539 4448 philoso-

87 4439 174 4554 phis
198 4441 428 4560 ignoratam.
457 4454 553 4535 Non
574 4452 685 4569 igitur
711 4448 783 4537 fuit
807 4452 993 4539 humilitas
1016 4451 1067 4537 ab
1092 4449 1157 4535 illis
1181 4481 1228 4536 ex
1251 4449 1448 4537 moralium
1464 4451 1547 4565 vir-h

90 4580 220 4644 tutum
253 4564 371 4651 choro
398 4565 534 4678 rejecta
551 4630 563 4675 ,
579 4569 644 4656 sed
674 4569 799 4685 potius
823 4570 863 4655 in
893 4569 1178 4657 honoratissimo
1213 4568 1302 4655 loco
1327 4568 1537 4655 collocata:

89 4702 149 4762 est
172 4677 274 4765 enim
299 4679 394 4795 (nisi
417 4715 566 4800 prorsus
595 4716 670 4805 ego
700 4688 901 4802 caecutio)
932 4717 1016 4802 pars
1039 4687 1117 4804 ejus
1148 4686 1325 4792 virtutis,
1349 4715 1465 4802 quam
1494 4710 1540 4771 tu

90 4794 227 4882 videris
252 4798 318 4914 ipsi
342 4805 566 4890 contrariam
589 4834 667 4892 esse
690 4805 895 4892 'existimare
913 4866 926 4911 ,
942 4805 1289 4925 magnanimitatem
1305 4802 1540 4892 diootanto-

93 4941 184 5028 pete
209 4917 363 5006 anobis
394 4922 510 5040 paulo
535 4948 624 5012 ante
652 4948 824 5014 veterum
851 4924 1066 5015 testimonio
1093 4921 1306 5013 laudatam.

154 5031 262 5124 Tum.
279 5036 346 5132 W.
878 5045 945 5137 00
1435 5046 1549 5127 Leon.

211 5318 231 5357 ,d
