4192 5880
334 1335 410 1383 attia.

550 421 597 473 ao
942 380 1160 469 RERUM
1197 392 1547 469 GESTARUM

519 522 752 620 'deditionem
782 519 1021 636 compeletet
1035 551 1045 601 :
1059 515 1172 633 quod
1200 530 1290 609 curu
1319 549 1453 633 parum
1484 521 1706 635 procederet
1716 538 1736 630 ',
1763 540 1845 617 erat
1866 531 1978 620 'enim
2029 588 2031 591 -

520 644 705 760 oppidum
736 631 912 733 militibus
937 635 1126 730 differtum
1143 697 1155 741 ‚
1171 635 1297 727 misso
1314 640 1452 729 iterum
1478 641 1612 727 auxilio
1629 672 1652 726 a
1670 645 1822 757 Joanne
1845 652 1971 758 Vico,

520 765 582 848 cui
605 787 771 878 praeerat
786 758 1003 852 Ludouicus
1023 760 1101 870 ejus
1117 752 1254 858 frater,
1274 783 1489 869 pervastato
1519 789 1613 883 agro
1627 822 1643 867 ,
1656 764 1784 880 copias
1807 765 1896 854 inde
1910 770 1977 856 ab

523 882 654 990 ducit,
685 884 724 967 et
751 881 794 967 in
821 878 1038 980 Celetrum2
1061 873 1255 967 Vetralam
1281 932 1294 978 ‚
1325 901 1364 962 et
1394 875 1536 994 reliqua
1559 879 1728 994 oppida,
1759 913 1860 999 quae
1881 887 1977 975 circa

524 1005 705 1094 Montem
721 993 1101 1109 Faliscorumenni
1121 997 1311 1109 parebant
1328 998 1568 1100 ,convertitt
1590 1019 1729 1121 magna
1759 1003 1891 1094 itidem
1921 1006 1979 1095 his

524 1120 772 1239 populatione
805 1114 1051 1202 incommoda
1066 1110 1305 1212 inferendo,
1946 1138 1949 1145 ·

334 1262 514 1338 astruantur
586 1244 717 1332 XXX.
773 1240 878 1327 Cum
904 1233 1125 1357 praesidium
1139 1238 1358 1324 Romanum
1383 1254 1421 1324 se
1443 1267 1533 1328 cum
1556 1241 1702 1358 reliquo
1733 1242 1977 1333 ecclesiastico

528 1360 689 1451 exercitu
719 1356 993 1469 coniunxisset,
1008 1354 1103 1440 inter
1136 1354 1234 1440 duos
1250 1353 1348 1443 viros
1377 1359 1520 1447 nobiles
1550 1360 1709 1447 alterum
1734 1366 1975 1474 Romanum,

528 1487 766 1571 Germanum
795 1475 979 1579 alterum,
995 1497 1101 1561 tanta
1129 1472 1260 1559 seditio
1275 1471 1314 1560 in
1327 1476 1613 1567 castris'exorta
1639 1506 1720 1583 est,
1739 1504 1782 1566 ut
1801 1487 1973 1572 aRoma·

530 1599 586 1684 nis
601 1596 901 1712 Germanisque,
920 1594 1013 1681 dum
1039 1622 1111 1678 suo
1125 1591 1267 1707 quique
1294 1589 1449 1702 lavent,
1467 1597 1517 1697 ad
1542 1628 1645 1685 arma
1658 1598 1896 1688 conclamato
1910 1660 1924 1707 ‚
1939 1633 1975 1687 a·

531 1716 738 1833 liquamdiu
759 1712 870 1799 lircrir
886 1711 1119 1828 pertinaciter
1127 1710 1267 1825 praelio
1283 1712 1528 1803 dimicatum:
1544 1717 1652 1833 quod
1676 1717 1811 1805 nullius
1838 1721 1979 1808 oratio-
2050 1722 2052 1726 ’

531 1865 580 1924 ne
596 1833 954 1942 ,commonitioneve
978 1855 1066 1917 ante
1094 1829 1214 1916 dirimi
1227 1831 1368 1940 valuit,
1384 1864 1502 1951 quam
1536 1836 1723 1923 nonnullis
1751 1835 1975 1947 interfectis,

530 1955 696 2071 pluribus
712 1951 910 2041 vulneratis
927 2014 941 2059 ,
956 1949 1118 2065 reliquae
1146 1947 1277 2063 copiae
1292 1979 1338 2036 ex
1355 1953 1501 2070 Aegidii
1522 1951 1677 2069 imperio
1708 1984 1747 2040 se
1778 1984 1825 2042 ex
1854 1981 1977 2044 trans·

530 2103 641 2161 uerso
655 2072 749 2161 inter
766 2070 932 2160 volantia
947 2069 1020 2154 tela
1039 2131 1050 2174 ‚
1068 2065 1168 2153 facto
1181 2069 1324 2182 impetu
1340 2130 1354 2175 ,
1368 2070 1592 2158 intulissent.
1620 2071 1684 2157 Ad
1696 2072 1799 2159 hunc
1814 2077 1976 2164 modum

530 2191 716 2280 seditione
742 2190 898 2294 sedata,
924 2215 1089 2302 moxque
1115 2182 1214 2270 sacta
1237 2215 1354 2301 pace,
1372 2213 1411 2275 et
1440 2190 1557 2308 gratia
1587 2189 1683 2275 inter
1706 2216 1886 2308 utrosque
1905 2208 1973 2286 're-

530 2310 727 2396 conciliata
742 2373 757 2415 „
783 2307 962 2425 Aegidius
978 2307 1104 2420 copias
1130 2304 1281 2420 propius
1297 2305 1507 2396 Vitetbium
1522 2333 1682 2416 movet,
1697 2335 1737 2402 et
1762 2313 1897 2401 crebris
1922 2314 1977 2400 in-

530 2429 761 2515 cursionibus
783 2455 965 2544 magnum
981 2425 1150 2511 hostibus
1172 2423 1346 2510 timorem
1364 2424 1569 2519 inferebat²

591 2551 742 2630 XXXl.
797 2552 941 2631 Interea
968 2546 1134 2657 loannes
1162 2542 1279 2628 Vicus
1312 2547 1443 2637 urbem
1468 2549 1629 2662 repetit,
1643 2575 1734 2634 cum·
1756 2549 1861 2636 null'o
1894 2580 1979 2638 eam

401 2734 403 2738 .
531 2664 774 2752 ecclesiastico
798 2662 980 2783 praesidio
1009 2661 1126 2748 teneri
1160 2650 1416 2771 intellexisset,
1448 2693 1495 2751 ac
1513 2665 1661 2757 nemine
1681 2668 1904 2782 prohibente
1919 2670 1980 2755 in·

533 2813 677 2900 gressus
700 2813 877 2898 magnam
904 2783 942 2866 in
964 2779 1169 2895 locupletes
1187 2780 1377 2872 avaritiam
1405 2806 1446 2875 et
1477 2784 1733 2874 crudelitatem
1765 2788 1977 2874 exercebat:

532 2930 623 2991 nam
649 2902 715 3019 qui
737 2902 956 3018 imperatam
987 2928 1135 3015 magno
1155 2927 1313 2990 numero
1345 2901 1541 3015 pecuniam
1563 2903 1807 3020 denegassent
1819 2965 1839 3009 ,ἡ
1851 2905 1980 2992 omnia

531 3020 570 3106 iu
596 3051 667 3108 eos
677 3020 846 3135 exempla
862 3020 1049 3105 cruciatus
1064 3017 1217 3107 edebat.
1250 3015 1368 3129 Cuius
1385 3018 1626 3108 immanitatis
1647 3021 1754 3109 latius
1778 3018 1878 3106 famu
1909 3023 1983 3109 dis.-

533 3141 649 3254 sipata
667 3201 679 3244 ‚
694 3139 946 3254 quarumdam
971 3136 1168 3224 ciuitatum.
1178 3135 1323 3223 animos
1345 3138 1394 3222 ab
1411 3138 1495 3254 ipso·
1512 3139 1677 3227 multtum
1689 3141 1845 3243 avertit,
1862 3141 1981 3228 Viter-

531 3256 715 3344 biensium
729 3258 768 3341 in
790 3256 933 3372 prinu.
965 3258 1118 3343 Horum
1135 3253 1234 3339 enim
1257 3253 1420 3370 plerique
1436 3318 1448 3362 ‚
1463 3284 1627 3373 quorum
1651 3258 1803 3344 luerunt
1818 3259 1911 3375 ,qui
1924 3289 1982 3346 ar·

533 3404 619 3460 cem
634 3375 922 3479 custodiebant,
943 3372 1081 3460 auxilio
1095 3370 1242 3486 Aegidii
1257 3432 1269 3476 ‚
1284 3371 1350 3486 qui
1365 3403 1482 3489 prope
1499 3376 1627 3462 aderat
1642 3438 1658 3482 ‚‚
1671 3372 1781 3482 lteri,
1803 3376 1862 3463 die
1878 3406 1983 3492 quo·

534 3494 625 3581 dam
645 3496 717 3579 sub
748 3490 840 3580 solis.
854 3517 1026 3583 exortum
1041 3553 1053 3598 ‚
1071 3487 1213 3607 ingenti
1239 3489 1402 3579 clamore
1424 3492 1574 3581 sublato
1604 3556 1621 3601 ‚.
1644 3493 1861 3579 Ecclesiam
1883 3495 2007 3583 inco·

534 3638 678 3727 petunt
693 3611 938 3700 conclamare.
967 3613 1066 3706 Quo.
1078 3607 1228 3713 auditu,
1243 3609 1419 3725 Aegidius
1433 3642 1591 3728 propere
1606 3642 1711 3699 arma
1722 3642 1890 3720 sumere,
1907 3645 1984 3700 ma-

534 3730 663 3816 chinas
693 3730 888 3816 admoveri
904 3791 921 3832 ‚¹
937 3728 1039 3815 scalis
1060 3754 1189 3812 arcem·
1201 3729 1454 3817 conscendere
1466 3730 1589 3844 jubet.
1622 3732 1764 3819 Omnia
1780 3754 1907 3820 tamen
1925 3757 1985 3849 ty·

537 3845 960 3964 tannipromtitudoac
985 3843 1172 3980 diligentia
1189 3844 1295 3933 irrita.
1319 3842 1404 3932 fecit
1420 3908 1433 3952 ,
1448 3850 1517 3963 qui
1541 3874 1746 3964 antequam
1772 3852 1884 3940 ceteri
1916 3882 1985 3967 op·

534 3966 664 4081 pidani
690 3966 965 4074 convenirem
998 3993 1065 4079 qut
1094 3961 1299 4053 clamorem
1322 3965 1524 4053 excitarant
1540 3970 1759 4082 ‚extemplo
1787 3997 1987 4081 comprae-

537 4081 689 4190 henso,
709 4111 751 4171 er
771 4113 916 4202 magno.
943 4077 1472 4201 suppliciosaffectisqceteros
1499 4087 1555 4171 ab·
1580 4087 1752 4173 instituto
1786 4087 1986 4174 deterruit:

537 4225 585 4291 et·
612 4203 686 4318 qui
704 4230 831 4289 arcent·
856 4201 1061 4306 tenebant,
1078 4199 1206 4287 animis
1230 4202 1456 4287 consternati
1472 4264 1483 4308 ,
1501 4232 1583 4291 eam
1612 4227 1777 4318 tyranno
1809 4203 1987 4300 reddide÷¹

535 4346 627 4408 rum
650 4353 666 4405 :v
690 4321 871 4437 simulque
903 4320 1033 4407 milites
1056 4319 1288 4433 disposuerat
1310 4380 1329 4428 ,³
1346 4319 1417 4437 qui,
1442 4323 1642 4414 subeuntes
1673 4322 1930 4427 ecclesiasticos
1962 4355 1986 4413 a

536 4439 651 4526 muris
667 4440 915 4554 repellerent„
1839 4543 1844 4546 ,

597 4560 758 4646 XXXlI.
819 4563 873 4645 At
900 4556 1078 4675 Aegidl'us
1105 4585 1197 4642 cum
1221 4556 1463 4665 Viterbium¹2
1477 4561 1545 4647 nisi
1567 4560 1740 4680 longiore
1771 4560 1988 4668 obsidione,

431 4666 436 4679 ‘
540 4674 648 4768 haud
678 4674 782 4766 facile
806 4675 1011 4792 expugnari
1034 4704 1141 4788 posse
1168 4674 1415 4794 intelligeret,
1440 4707 1489 4764 ne
1505 4743 1521 4787 ,s
1551 4681 1650 4766 dum·
1674 4681 1722 4766 ibi
1752 4704 1902 4794 tempus
1927 4703 1988 4764 te-

536 4793 610 4898 tit,
628 4794 699 4883 alia
717 4795 864 4911 oppida
884 4795 924 4884 in
950 4792 1143 4878 discrimen
1173 4795 1407 4883 traherentur
1423 4859 1439 4903 ,s
1452 4798 1746 4914 populabundus
1772 4828 1910 4915 agros,
1926 4825 1987 4900 exf

535 4913 693 5023 ercitum
725 4914 1175 5046 propiusGetmanotum
1202 4914 1416 5018 societatem
1429 4918 1507 5023 ‚de
1523 4947 1601 5039 qua
1624 4946 1734 5034 supra
1751 4917 1892 5006 dictum
1907 4941 1983 5024 est,

1901 5062 1990 5152 pro-
