4020 5864
495 395 500 400 ·
600 389 616 396 γ’
652 371 724 447 sn
754 367 1076 444 summust.
1478 394 1561 472 ,79

120 502 209 602 rum
237 535 343 600 aures
362 506 599 622 animosque
614 501 921 589 vehemementct
948 499 1102 591 offendi.
1560 559 1563 589 ;

112 724 114 726 ,
169 637 266 723 Llll.
327 629 404 716 Sed
435 627 617 743 quoniam
635 623 773 740 quibus
800 623 837 709 in
855 629 1048 730 colloquiis
1072 622 1171 712 visus
1201 650 1240 708 es
1257 621 1416 713 Alberto
1432 628 1499 715 Pio
1524 635 1573 722 de
1695 640 1697 643 ’

103 750 208 838 cultu
231 775 270 837 et
299 747 543 839 invocatione
573 744 753 832 divorum
782 772 862 830 non
895 744 980 828 satis
1005 744 1174 861 religiose
1199 745 1362 850 sentire,
1393 746 1432 831 in
1449 749 1504 835 his
1521 754 1570 839 de

101 869 201 959 votis
233 899 279 956 ac
304 894 488 957 votorum
519 863 805 980 nuncupatione
840 887 1057 976 suspectam
1090 865 1213 951 eidem
1230 865 1461 952 mentionem
1488 900 1567 960 non

98 987 213 1075 semel
242 984 362 1092 facis3
392 986 496 1073 haud
524 986 594 1071 erit
636 985 800 1069 alienum
834 1005 922 1098 post
952 982 1130 1070 divorum
1168 982 1312 1068 cultum
1347 985 1489 1101 aliquid
1516 991 1565 1076 de

99 1131 285 1195 votorum
315 1104 597 1220 nuncupatione
621 1102 774 1209 dicere,
794 1125 834 1186 et
863 1100 982 1217 qualis
1008 1101 1109 1188 sitin
1143 1101 1214 1186 hac
1231 1129 1336 1217 parte
1351 1104 1443 1188 illius
1474 1137 1561 1194 cen·

98 1253 209 1331 sura,
234 1253 435 1341 parumper
453 1224 670 1339 disputare:
700 1220 767 1339 qui
781 1280 794 1326 ,
807 1249 899 1305 cum
927 1219 1093 1336 proferat
1122 1222 1240 1307 multa
1267 1221 1350 1306 loca
1380 1253 1425 1310 ex
1454 1228 1562 1312 variis

97 1342 171 1430 tuis
199 1345 337 1460 scriptis
367 1345 575 1458 decerpta,
595 1342 733 1457 quibus
760 1364 942 1428 votorum
967 1340 1288 1453 nuncupationem
1304 1340 1421 1428 videri
1448 1369 1556 1456 potes

96 1459 335 1577 improbare,
363 1462 567 1578 respondes
584 1461 777 1574 primum,
808 1483 943 1546 terion
973 1460 1186 1575 improbare
1214 1484 1307 1546 vota
1336 1521 1348 1563 ,
1377 1461 1444 1547 sed
1478 1494 1554 1550 vo-

95 1603 138 1673 ta
168 1611 249 1670 non
281 1580 597 1689 necessaria,ch
625 1579 778 1666 inutilia.
808 1585 980 1696 Rogatus
1006 1603 1134 1664 autem
1168 1609 1191 1662 a
1219 1577 1316 1681 Pio,
1350 1608 1455 1694 quae·
1479 1581 1554 1669 sint

95 1724 189 1789 vota
217 1701 387 1810 inutilia,
414 1700 476 1788 vel
491 1730 571 1785 non
592 1699 820 1786 necessaria:
850 1698 929 1799 ire,
950 1696 1096 1813 inquis,
1127 1695 1432 1810 Hierosolymam
1458 1701 1558 1786 nulli>

94 1846 241 1931 necesse
270 1846 353 1927 est,
379 1820 541 1937 quinon
573 1818 709 1927 vovit,
736 1846 825 1903 cum
854 1815 970 1931 possit
999 1813 1137 1901 Christi
1164 1815 1318 1931 vestigia
1352 1814 1479 1900 melius
1505 1819 1556 1906 in‘

94 1939 329 2056 Evangelicis
359 1939 485 2026 litteris
517 1937 661 2025 visere:
692 1962 749 2024 est
776 1935 889 2023 etiam
904 1933 1061 2041 inutile,
1093 1931 1432 2049 sidomirelinquit
1450 1965 1545 2021 uxo·
1674 2010 1676 2015 ,

95 2084 175 2142 tem
199 2083 238 2145 et
254 2057 417 2163 liberos,
449 2057 586 2174 quibus
600 2057 692 2172 ipso=
711 2079 904 2172 praesente
935 2079 991 2139 est
1005 2082 1134 2168 opus,
1160 2079 1230 2161 nec
1252 2048 1414 2138 fortassis
1428 2052 1556 2142 inuti*

92 2171 127 2258 le
153 2198 330 2281 tantum,
352 2205 485 2264 verum
508 2176 622 2262 etiam
643 2175 904 2289 perniciosum.
932 2171 1029 2257 ‘Plus
1053 2170 1256 2286 respondes
1282 2171 1543 2288 interroganti,

92 2320 209 2406 quam
233 2293 309 2408 ipse
325 2295 485 2408 cupiata
507 2316 546 2378 te
562 2292 700 2379 doceri.
733 2290 895 2390 Quaerit
910 2319 933 2374 a
948 2315 986 2375 te
1002 2350 1014 2394 ,
1031 2290 1140 2405 quod
1156 2288 1200 2374 sit
1219 2314 1356 2374 votum
1373 2319 1452 2375 non
1475 2321 1543 2378 ne-

91 2411 285 2496 cessarium
308 2436 348 2497 et
362 2411 517 2498 inutile:
543 2412 619 2524 ipse
650 2438 722 2525 pro
737 2408 910 2525 exemplo
925 2407 1066 2519 subjicis
1083 2468 1095 2513 ,
1111 2406 1218 2523 quod
1236 2434 1291 2494 est
1318 2437 1398 2492 non
1416 2410 1537 2495 modo
1549 2403 1555 2409 ’”

91 2525 245 2633 inutile,
273 2530 339 2615 sed
367 2530 480 2615 etiam
510 2527 784 2643 perniciosum:
818 2527 904 2613 talia
926 2526 1026 2613 enim
1055 2550 1149 2613 vota
1181 2553 1296 2611 nemo
1326 2555 1406 2612 non
1436 2524 1548 2615 videt·

91 2645 300 2732 stultissime
324 2648 484 2764 suscipi,
515 2647 544 2731 si
576 2647 752 2763 praestari
782 2647 860 2733 sine
885 2676 1030 2764 magno
1061 2642 1214 2731 crimine
1255 2673 1336 2731 non
1369 2670 1541 2759 possunt:

88 2766 198 2876 quod
226 2765 281 2849 his
306 2766 465 2873 accidit,
480 2765 550 2882 qui
580 2793 737 2852 natutae
761 2791 881 2882 atque
911 2764 1044 2852 divinis
1072 2763 1216 2882 legibus
1241 2762 1438 2880 neglectis,
1456 2764 1549 2879 qui-1

89 2880 159 2968 bus
187 2883 314 2968 adesse
335 2887 468 2989 uxori,
498 2884 749 3001 eamdemque
771 2907 811 2970 et
836 2884 970 2968 liberos
985 2882 1082 2968 alere
1097 2879 1230 2969 nostris
1260 2879 1475 2984 laboribus,
1507 2881 1547 2967 si-

87 3026 169 3085 non
194 3002 304 3086 detur
318 3002 495 3105 aliunde,
518 3001 727 3114 jubemur,
743 2999 961 3088 voluntariis
991 3001 1089 3088 votis
1105 2998 1144 3082 in
1164 3026 1318 3084 suorum
1338 2998 1543 3113 perniciem

85 3117 312 3235 obligantur.
343 3123 443 3206 Non
454 3120 565 3236 igitur
588 3120 737 3234 quaerit
749 3120 855 3225 Pius,
882 3146 982 3234 quae
998 3116 1070 3202 sint
1091 3116 1204 3202 etiam
1229 3115 1412 3202 damnosa
1427 3142 1539 3224 vora,

85 3234 151 3319 sed
179 3266 279 3351 quae
301 3237 423 3325 solum
445 3266 525 3322 non
542 3239 763 3343 necessaria,
789 3237 851 3327 vel
873 3234 1038 3322 intralia:
1072 3264 1153 3320 non
1168 3234 1277 3348 quod
1305 3233 1548 3349 nullapuret·

84 3380 162 3438 esse
181 3353 323 3446 inutilia
338 3358 535 3444 dumtaxat
554 3379 676 3459 vota3
712 3355 832 3444 multa
853 3355 955 3440 enim
971 3383 994 3438 a
1010 3352 1197 3469 theologis
1225 3351 1345 3468 gratia
1373 3352 1536 3467 exempli

84 3496 370 3577 memorantur,
396 3499 441 3561 ut
463 3474 574 3590 siquis
599 3500 791 3580 voveret,
813 3501 852 3560 se
881 3500 1020 3587 panem
1036 3468 1165 3588 gladio
1197 3497 1407 3584 numquam
1439 3470 1545 3558 divi··

83 3615 242 3698 surum,
270 3615 341 3677 aut
355 3617 469 3709 caput
495 3620 707 3707 numquam
724 3593 785 3688 die
812 3591 955 3680 veneris
970 3590 1166 3692 loturum,
1190 3615 1290 3702 quae
1308 3615 1377 3673 nec
1401 3615 1534 3701 opere,

82 3733 154 3792 nec
181 3710 354 3824 exemplo
383 3711 526 3825 pietatis
542 3711 615 3796 sint
639 3710 816 3828 cuiquam
845 3704 1044 3824 profutura
1059 3734 1077 3816 ς
1093 3705 1160 3793 sed
1188 3704 1278 3820 quia
1293 3729 1336 3790 tu
1354 3706 1544 3820 ,quoties

82 3822 137 3908 in
151 3825 249 3912 hunc
276 3829 509 3917 mentionem
524 3827 712 3935 incidisti,
744 3830 795 3915 sic
807 3826 929 3913 scribis
964 3826 1210 3915 devotorum
1238 3823 1537 3937 nuncupatione,

84 3968 128 4030 ut
153 3945 281 4034 omnia
310 3972 402 4034 vota
434 3949 539 4037 velut
554 3945 760 4035 inutilia‘et
777 3972 1055 4061 supervacanea
1069 4004 1080 4049 ,
1094 3947 1125 4028 si
1143 3971 1225 4028 non·
1240 3941 1351 4029 etiam
1368 3942 1479 4028 stulta
1494 3967 1535 4029 et

83 4064 308 4174 perniciosa,
325 4064 503 4154 damnate
519 4065 697 4153 videatis:
724 4066 835 4183 quod
847 4087 975 4179 aperte
987 4060 1076 4148 facis
1093 4062 1132 4146 in
1154 4058 1407 4171 Naufragio,
1439 4059 1535 4147 etin

88 4179 282 4296 colloquio
297 4183 633 4294 Peregrinationls.

41 4336 45 4343 ·
140 4300 241 4385 LIV.
301 4303 374 4388 Sed
407 4303 571 4420 agedum
591 4299 804 4416 ,responde
821 4298 911 4385 mihi
938 4326 1009 4415 pro
1021 4298 1120 4404 Pio,
1151 4298 1180 4383 si
1198 4324 1220 4380 a
1236 4296 1334 4385 votis
1364 4323 1444 4381 non
1469 4322 1533 4382 ne·

82 4417 268 4524 cessaris,
295 4444 362 4505 aut
389 4422 500 4506 etiam
534 4421 722 4506 inutilibus
749 4418 1013 4504 abstinendum
1030 4443 1156 4502 censes
1171 4415 1345 4501 omnibus
1359 4414 1541 4502 Christia*

81 4531 163 4639 nis,
196 4563 295 4650 quae
329 4539 488 4626 tandem
520 4562 631 4654 putas
662 4565 740 4625 esse
785 4535 1044 4651 suscipienda?
1082 4539 1163 4623 Aut
1195 4532 1284 4620 illud
1319 4532 1443 4647 potius
1475 4560 1533 4618 te·

78 4653 239 4763 sponde,
254 4685 277 4738 a
290 4656 428 4770 quibus
444 4656 544 4744 votis
561 4679 606 4743 ut
620 4655 852 4761 abstineant,
867 4651 1133 4741 admonendos
1146 4712 1153 4757 4
1165 4681 1242 4739 esse
1258 4677 1384 4738 censes
1399 4677 1549 4738 omnes¹

78 4768 335 4877 Christianos,
367 4800 413 4858 ea
442 4801 572 4860 utrum
596 4772 776 4888 suscipere
793 4775 942 4860 bonum
967 4798 1047 4859 esse
1069 4797 1210 4889 putas,
1243 4799 1292 4856 atr
1319 4777 1449 4855 secus?
1483 4776 1536 4853 Et

80 4912 181 4978 certe
212 4891 381 5007 negabis.
414 4896 517 4978 Nam
543 4920 639 5002 cur,
667 4891 696 4979 si
724 4890 906 5008 suscipere
929 4892 1072 4981 malum
1089 4922 1170 4984 non
1193 4889 1269 4998 sit,
1300 4889 1349 4974 ab
1375 4886 1535 5091 ipsisbieu·

896 5010 1067 5109 Dddda
1500 5034 1541 5090 as
