4050 5858
496 383 568 455 zo
752 312 754 315 ’
981 360 1414 438 nemocxxrns

473 519 544 593 se,
566 488 669 606 signa
695 501 783 572 sunt
803 482 965 572 hominis
985 484 1119 571 bellicis
1144 484 1362 573 muneribus
1381 476 1687 586 accommodati,
1715 507 1755 567 ct
1778 479 1935 598 quidem

476 635 546 692 nec
563 637 662 694 vana
680 668 693 710 ,
709 633 777 690 nec
792 602 1093 689 contemnenda.
1111 609 1215 690 Nam
1230 634 1330 721 quae
1345 603 1511 691 civitates
1530 622 1654 689 rerum
1672 599 1816 714 potitae
1831 628 1929 710 sunt,

392 739 395 745 “
475 726 542 810 has
567 722 642 811 fere
669 725 722 809 uti
750 723 855 808 caelo
884 747 1095 837 temperato
1124 752 1241 808 nemo
1269 723 1447 839 ignorat,
1472 745 1516 807 ut
1547 719 1713 807 Athenas
1743 747 1790 804 ac
1817 725 1929 807 Laco

476 845 703 932 daemonem
730 842 768 926 in
794 840 982 944 Graecia,
999 841 1102 926 etin
1129 841 1233 926 ltalia
1260 845 1453 945 Romam,
1482 867 1582 955 quae
1612 836 1787 924 omnium
1819 840 1929 926 maxi·

475 993 538 1048 me
570 963 683 1080 longe
715 961 864 1074 lateque
893 984 1077 1053 terrarum
1106 959 1303 1072 imperium
1333 959 1478 1047 tenuit.
1509 965 1605 1044 Item
1628 984 1800 1072 quorum
1831 958 1928 1045 vito·

475 1109 560 1166 rum
592 1081 720 1166 bellica
751 1079 869 1192 virtus
897 1078 1057 1163 maxime
1083 1076 1277 1164 nobilitata
1302 1103 1358 1164 est
1380 1077 1550 1184 ,horum
1574 1075 1743 1191 plerique
1776 1099 1817 1160 et
1842 1105 1927 1192 pro·

476 1227 565 1285 cero
590 1226 750 1314 corpote
770 1222 839 1301 ,et
859 1196 938 1282 lato
964 1222 1117 1311 pectore
1141 1191 1254 1281 fuisse
1282 1196 1483 1282 traduntur
1500 1255 1514 1299 ,
1531 1217 1575 1278 ut
1598 1195 1774 1280 Homero
1801 1220 1927 1282 aucto·

478 1324 519 1403 te
535 1381 547 1422 ,
564 1346 652 1403 cum
673 1317 733 1400 alii
760 1343 928 1429 proceres
945 1314 984 1397 in
1006 1315 1107 1400 bello
1123 1314 1292 1428 Trojano
1309 1375 1321 1418 ,
1341 1340 1425 1399 tum
1447 1312 1607 1400 maxime
1623 1315 1772 1397 Aeneas
1787 1337 1829 1398 et
1848 1318 1929 1400 He·

480 1460 566 1521 ctor
590 1465 637 1520 ex
660 1431 859 1545 Troianis,
877 1461 922 1517 ex
951 1434 1105 1519 Graecis
1121 1432 1366 1518 Telamonius
1395 1430 1495 1542 Aiax
1526 1454 1566 1515 et
1593 1428 1780 1516 Achilles:
1805 1432 1929 1546 quales

482 1582 527 1639 ex
553 1559 816 1637 Romanorum
841 1548 1064 1665 principibus
1079 1551 1197 1666 Julius
1222 1549 1360 1637 Caesar
1383 1574 1423 1636 et
1446 1549 1629 1664 Traianus
1654 1548 1794 1634 latinis
1819 1551 1932 1639 lustu·

483 1671 542 1757 riis
573 1669 681 1757 fuisse
711 1693 990 1755 memorantur.

539 1791 607 1873 IV.
667 1795 756 1876 Ass.
806 1787 878 1872 His
902 1816 978 1903 ego
1007 1787 1147 1874 addam
1179 1816 1260 1874 non
1287 1813 1416 1876 vetera
1433 1849 1446 1895 ,
1462 1814 1533 1873 nec
1564 1784 1686 1874 aliena
1703 1847 1717 1893 ,
1734 1784 1799 1874 sed
1824 1815 1932 1874 meae

286 1856 467 1971 ῗεῗῖῗῗτιῗτῖἷ·
480 1908 683 2011 memoriae
700 1934 882 2021 meaeque
905 1905 1025 2021 gentis
1040 1906 1208 2021 exempla
1230 1906 1516 1992 clarissimorum
1532 1904 1702 1992 vitorum
1720 1966 1733 2012 ,
1749 1905 1817 2022 qui
1830 1905 1932 1992 bellis

286 1978 324 2025 tia
339 1976 466 2036 signorum

286 2037 361 2087 sona
369 2032 466 2083 mitius.
479 2024 606 2110 ltalicis
630 2025 814 2109 claruere.
845 2024 956 2108 Tales
970 2023 1070 2109 enim
1085 2019 1189 2110 fuere
1204 2024 1393 2140 Gonsalus
1412 2028 1612 2141 Magnus,
1634 2024 1801 2139 Jacobus
1816 2027 1932 2110 Men·

288 2120 394 2171 consuli
413 2121 466 2166 Ma·

287 2182 332 2291 gn
344 2178 466 2288 ‚dJacon
479 2143 578 2228 doza
594 2202 606 2246 ,
624 2143 789 2254 Joannes
807 2140 969 2226 Urbinas
987 2202 999 2247 ,
1015 2170 1060 2226 ac
1087 2166 1131 2226 ut
1159 2140 1303 2229 ceteros
1318 2169 1463 2230 taceam
1481 2203 1493 2247 ,
1515 2142 1679 2253 Jacobus
1692 2141 1843 2227 Garsias
1859 2168 1935 2226 co.-

287 2252 691 2426 pilariilissgnomento
723 2259 881 2345 Paredes
898 2321 911 2367 ‚
926 2259 988 2344 cui
1018 2261 1046 2345 si
1077 2261 1243 2377 corporis
1275 2286 1314 2348 et
1344 2261 1458 2348 animi
1484 2259 1613 2346 robori
1640 2288 1706 2376 par
1739 2259 1936 2376 ingenium

288 2359 467 2472 ,ἲὲἒῗὲιῗὲἔέ
480 2404 518 2465 et
548 2378 680 2466 mentis
705 2377 886 2465 valetudo
918 2377 1160 2495 contigisset,
1178 2408 1293 2464 nemo
1319 2381 1391 2465 sub
1414 2378 1587 2465 Gonsalo
1614 2382 1770 2495 Magno
1801 2376 1936 2464 metuit

288 2485 353 2595 ¹⁸⁰⁸?
490 2497 717 2613 stipendium
733 2495 993 2611 (quamquam
1018 2525 1064 2582 ex
1091 2525 1136 2582 ea
1160 2496 1287 2583 militia
1315 2496 1423 2583 multi
1447 2496 1748 2612 praestantissimi
1773 2495 1844 2583 viri
1856 2495 1937 2585 vel·

486 2640 531 2700 ut
557 2646 604 2701 ex
630 2643 733 2729 equo
758 2613 929 2724 Trojano
953 2613 1200 2728 prodierunt)
1215 2615 1282 2730 qui
1305 2613 1431 2727 justius
1456 2614 1658 2701 hominum
1682 2643 1870 2702 consensu
1889 2638 1936 2699 ta·

484 2733 510 2818 li
527 2731 741 2848 imperatori
757 2730 981 2817 successisset
999 2762 1008 2815 :
1026 2759 1129 2816 nunc
1145 2758 1274 2817 autem
1292 2792 1305 2837 ‚
1321 2758 1368 2818 ut
1388 2732 1505 2819 audio
1522 2794 1534 2839 ,
1551 2761 1673 2847 paene
1695 2733 1799 2819 miles
1820 2730 1938 2846 sequi·

484 2876 547 2937 tur
573 2850 754 2937 Carolum
772 2853 973 2934 Caesarem
989 2909 1002 2955 ‚
1018 2850 1069 2935 ab
1089 2848 1170 2964 ipso
1196 2851 1235 2934 in
1259 2849 1427 2936 militiam
1455 2880 1503 2937 ex
1521 2850 1705 2966 Hispania
1728 2873 1938 2954 revocante,

484 2999 555 3056 nec
583 2997 694 3055 senex
720 2965 852 3054 desinit
879 2997 1016 3085 magna
1033 2968 1263 3054 documenta
1278 2969 1438 3086 vigentis
1454 2969 1581 3054 adhuc
1596 2968 1744 3058 virtutis
1767 2998 1859 3054 cum
1874 2967 1940 3053 ad·

484 3087 681 3173 miratione
710 3085 881 3170 omnium
906 3085 1107 3173 exhibere.
1140 3091 1241 3171 Dm.
1276 3089 1508 3204 Opportune
1537 3110 1582 3172 tu
1607 3087 1763 3204 quidem
1793 3111 1834 3174 et
1863 3113 1939 3171 me·

486 3206 558 3291 rito
573 3204 664 3289 tales
685 3226 888 3319 tantosque
911 3228 949 3288 et
966 3203 1080 3288 duces
1103 3227 1142 3288 et
1171 3203 1302 3289 milites
1328 3205 1368 3289 in
1396 3203 1611 3320 exemplum
1637 3204 1792 3292 attulisti
1806 3234 1820 3308 3
1834 3228 1941 3319 pote·

488 3352 545 3409 ras
566 3346 605 3407 et
627 3351 793 3407 summos
815 3323 925 3409 vitos⁴
942 3335 987 3407 e'x
1003 3320 1101 3406 Italis
1118 3323 1370 3439 gentibusque
1400 3324 1477 3409 aliis
1503 3350 1804 3409 commemorare
1821 3383 1833 3428 ,
1850 3348 1942 3438 quo·

488 3471 573 3528 rum
598 3438 726 3524 bellica
749 3440 865 3525 virtus
881 3439 944 3524 ·his
971 3467 1130 3555 quoque
1161 3468 1203 3527 et
1229 3440 1331 3527 bellis
1356 3465 1396 3527 et
1424 3442 1660 3557 temporibus
1675 3440 1836 3527 enituit.
1867 3436 1941 3524 Sed

488 3585 721 3677 quamquam
738 3559 829 3644 tales
846 3557 1016 3675 regiones
1037 3581 1077 3644 et
1101 3556 1170 3644 viri
1196 3558 1357 3676 aptiores
1382 3589 1461 3646 esse
1486 3583 1666 3675 putentur
1695 3559 1746 3646 ad
1771 3555 1871 3644 bella
1886 3583 1944 3673 ge·

490 3676 609 3764 tenda
626 3738 638 3782 ,
654 3701 781 3763 tamen
811 3702 914 3762 extra
939 3673 1040 3761 illam
1066 3676 1180 3762 etiam
1197 3738 1210 3783 ,
1227 3678 1276 3763 de
1307 3707 1386 3793 qua
1416 3677 1637 3793 loquimur,
1664 3704 1845 3794 quaeque
1870 3703 1942 3760 ma·

492 3796 590 3881 xime
623 3794 832 3909 probatur,
853 3793 1026 3880 locorum
1059 3818 1351 3909 temperaturam
1385 3795 1549 3910 populos
1578 3825 1655 3882 esse
1686 3818 1832 3882 certum
1865 3817 1946 3895 est,

493 3911 609 3998 fortes
640 3910 776 4014 simul,
802 3934 841 3996 et
872 3911 912 3995 in
942 3911 1128 3998 obeundis
1161 3912 1533 4029 administrandisque
1559 3913 1695 4001 bellicis
1726 3909 1945 3999 muneribus

365 4115 367 4118 Α
493 4030 712 4145 prudentes.
747 4027 1056 4146 Carthaginenses
1081 4030 1182 4115 enim
1210 4031 1323 4120 tertio
1348 4029 1496 4119 climate
1528 4033 1797 4138 continentur,
1828 4033 1945 4115 Astu·

495 4177 553 4234 res
576 4171 616 4233 ct
643 4145 822 4232 Cantabri
843 4173 947 4234 sexto
965 4173 1138 4234 :constat
1170 4174 1298 4235 tamen
1315 4210 1328 4256 ,
1345 4149 1467 4237 minus
1502 4150 1646 4269 negotii
1670 4146 1781 4237 fuisse
1806 4153 1949 4235 Roma·

491 4266 553 4351 nis
583 4265 623 4349 in
652 4289 778 4351 cetero
809 4268 903 4352 orbe
933 4264 1173 4383 subjugando
1204 4330 1217 4372 ,
1247 4296 1366 4384 quam
1398 4270 1439 4355 in
1468 4268 1525 4354 his
1557 4267 1705 4386 populis
1740 4265 1949 4383 pacandis,

494 4383 639 4497 quippe
666 4411 689 4465 a
715 4381 851 4495 quibus
875 4384 993 4470 multa
1022 4384 1258 4502 maximaque
1283 4385 1423 4472 damna
1453 4384 1689 4492 retulerunt,
1709 4385 1843 4502 iniquis
1867 4383 1949 4470 sub

499 4499 590 4586 inde
614 4496 825 4589 foederibus
850 4501 1005 4607 adacti,
1028 4532 1138 4619 saepe
1167 4504 1215 4590 de
1246 4534 1396 4589 summa
1419 4534 1545 4592 rerum
1574 4505 1845 4621 periclitantes:
1863 4526 1902 4587 et
1926 4529 1952 4585 a

502 4617 702 4703 Germanis
723 4617 893 4703 videmus
921 4619 1016 4704 bella
1041 4651 1184 4739 magno
1208 4649 1289 4708 non
1312 4621 1436 4709 solum
1457 4625 1585 4709 aniano
1602 4684 1615 4729 ,
1632 4623 1698 4709 sed
1724 4623 1836 4707 etiam
1858 4647 1966 4725 cou-x

501 4734 581 4821 silio
609 4735 687 4852 geri
702 4797 726 4820 .,
747 4738 831 4820 Nec
855 4765 959 4823 secus
986 4735 1032 4822 de
1062 4739 1211 4856 singulis
1242 4740 1457 4827 hominibus
1480 4769 1616 4827 censeo
1642 4740 1763 4828 brevis
1788 4763 1958 4827 staturae

494 4852 643 4944 multos
669 4875 707 4942 et
729 4881 808 4944 esse
832 4879 872 4945 et
907 4852 1016 4944 luisse
1048 4858 1247 4978 praestanti
1278 4858 1393 4949 animi
1425 4859 1685 4980 magnitudine
1700 4920 1714 4972 ‚
1729 4858 1848 4980 qualis
1872 4862 1959 5060 Ey-

1924 4999 1964 5060 ea
