<?xml version="1.0" encoding="UTF-8"?>
<!DOCTYPE html PUBLIC "-//W3C//DTD XHTML 1.0 Transitional//EN"
    "http://www.w3.org/TR/xhtml1/DTD/xhtml1-transitional.dtd">
<html xmlns="http://www.w3.org/1999/xhtml" xml:lang="en" lang="en">
 <head>
  <title>
</title>
<meta http-equiv="Content-Type" content="text/html;charset=utf-8" />
  <meta name='ocr-system' content='tesseract 3.04.00' />
  <meta name='ocr-capabilities' content='ocr_page ocr_carea ocr_par ocr_line ocrx_word'/>
</head>
<body>
  <div class='ocr_page' id='page_1' title='image "./joannisgenesiis01sepgoog/joannisgenesiis01sepgoog_0599.png"; bbox 0 0 4020 5864; ppageno 0'>
   <div class='ocr_carea' id='block_1_1' title="bbox 436 349 1901 581">
    <p class='ocr_par' dir='ltr' id='par_1_1' title="bbox 436 349 1964 581">
     <span class='ocr_line' id='line_1_1' title="bbox 1012 349 1238 427; baseline 0 -3"><span class='ocrx_word' id='word_1_1' title='bbox 1012 355 1032 424; x_wconf 92' lang='lat'>1</span> <span class='ocrx_word' id='word_1_2' title='bbox 1047 349 1082 425; x_wconf 87' lang='lat' dir='ltr'>N</span> <span class='ocrx_word' id='word_1_3' title='bbox 1096 355 1132 427; x_wconf 93' lang='lat' dir='ltr'>D</span> <span class='ocrx_word' id='word_1_4' title='bbox 1149 353 1178 426; x_wconf 89' lang='lat' dir='ltr'>E</span> <span class='ocrx_word' id='word_1_5' title='bbox 1195 354 1238 426; x_wconf 88' lang='lat' dir='ltr'>X.</span> 
     </span>
     <span class='ocr_line' id='line_1_2' title="bbox 436 433 1901 581; baseline 0.001 -24"><span class='ocrx_word' id='word_1_6' title='bbox 436 504 487 557; x_wconf 89' lang='lat' dir='ltr'>tra</span> <span class='ocrx_word' id='word_1_7' title='bbox 502 483 665 578; x_wconf 86' lang='lat' dir='ltr'>Joannem</span> <span class='ocrx_word' id='word_1_8' title='bbox 681 481 790 554; x_wconf 89' lang='lat' dir='ltr'>XXII.</span> <span class='ocrx_word' id='word_1_9' title='bbox 808 500 865 574; x_wconf 83' lang='lat'>35.</span> <span class='ocrx_word' id='word_1_10' title='bbox 882 501 935 572; x_wconf 86' lang='lat'>57.</span> <span class='ocrx_word' id='word_1_11' title='bbox 952 482 991 552; x_wconf 94' lang='lat' dir='ltr'>In</span> <span class='ocrx_word' id='word_1_12' title='bbox 1007 481 1083 552; x_wconf 83' lang='lat' dir='ltr'>vin·</span> <span class='ocrx_word' id='word_1_13' title='bbox 1132 483 1208 556; x_wconf 84' lang='lat' dir='ltr'><strong>Pisis</strong></span> <span class='ocrx_word' id='word_1_14' title='bbox 1219 484 1390 579; x_wconf 83' lang='lat' dir='ltr'>Antipapa</span> <span class='ocrx_word' id='word_1_15' title='bbox 1410 486 1528 556; x_wconf 86' lang='lat' dir='ltr'>Petrus</span> <span class='ocrx_word' id='word_1_16' title='bbox 1546 476 1686 581; x_wconf 89' lang='lat' dir='ltr'>capitur</span> <span class='ocrx_word' id='word_1_17' title='bbox 1702 507 1721 556; x_wconf 86' lang='lat' dir='ltr'>a</span> <span class='ocrx_word' id='word_1_18' title='bbox 1738 485 1838 560; x_wconf 85' lang='lat' dir='ltr'>Boni·</span> <span class='ocrx_word' id='word_1_19' title='bbox 1893 433 1901 438; x_wconf 25' lang='grc' dir='ltr'>Ι</span> 
     </span>
    </p>
   </div>
   <div class='ocr_carea' id='block_1_2' title="bbox 382 580 1966 779">
    <p class='ocr_par' dir='ltr' id='par_1_2' title="bbox 382 580 1966 779">
     <span class='ocr_line' id='line_1_3' title="bbox 436 580 1966 676; baseline -0.022 4"><span class='ocrx_word' id='word_1_20' title='bbox 436 583 687 657; x_wconf 58' lang='lat' dir='ltr'>⁶⁰fi⁵¹¹¹⁰fliub</span> <span class='ocrx_word' id='word_1_21' title='bbox 706 601 760 674; x_wconf 73' lang='lat'>35·</span> <span class='ocrx_word' id='word_1_22' title='bbox 781 600 840 671; x_wconf 81' lang='lat'>57·</span> <span class='ocrx_word' id='word_1_23' title='bbox 1143 636 1145 639; x_wconf 86' lang='grc'><strong>-</strong></span> <span class='ocrx_word' id='word_1_24' title='bbox 1179 580 1268 653; x_wconf 87' lang='lat' dir='ltr'>facio</span> <span class='ocrx_word' id='word_1_25' title='bbox 1309 584 1458 657; x_wconf 87' lang='lat' dir='ltr'>Comitc.</span> <span class='ocrx_word' id='word_1_26' title='bbox 1502 606 1561 676; x_wconf 89' lang='grc'>77.</span> <span class='ocrx_word' id='word_1_27' title='bbox 1607 591 1645 654; x_wconf 85' lang='lat' dir='ltr'>In</span> <span class='ocrx_word' id='word_1_28' title='bbox 1682 589 1835 662; x_wconf 73' lang='lat' dir='ltr'>Pisanum</span> <span class='ocrx_word' id='word_1_29' title='bbox 1965 649 1966 656; x_wconf 16' lang='grc'><strong>4</strong></span> 
     </span>
     <span class='ocr_line' id='line_1_4' title="bbox 382 679 1966 779; baseline 0.001 -23"><span class='ocrx_word' id='word_1_30' title='bbox 382 692 500 762; x_wconf 82' lang='lat' dir='ltr'>Petrus</span> <span class='ocrx_word' id='word_1_31' title='bbox 515 679 666 753; x_wconf 84' lang='lat' dir='ltr'>Crudelis</span> <span class='ocrx_word' id='word_1_32' title='bbox 681 681 843 750; x_wconf 85' lang='lat' dir='ltr'>Castellae</span> <span class='ocrx_word' id='word_1_33' title='bbox 862 682 950 752; x_wconf 85' lang='lat' dir='ltr'>Rex.</span> <span class='ocrx_word' id='word_1_34' title='bbox 969 682 1005 749; x_wconf 91' lang='grc'><strong>6.</strong></span> <span class='ocrx_word' id='word_1_35' title='bbox 1022 683 1082 753; x_wconf 91' lang='lat' dir='ltr'>In·</span> <span class='ocrx_word' id='word_1_36' title='bbox 1181 703 1298 776; x_wconf 87' lang='lat' dir='ltr'>agrum</span> <span class='ocrx_word' id='word_1_37' title='bbox 1318 681 1380 752; x_wconf 89' lang='lat' dir='ltr'>iter</span> <span class='ocrx_word' id='word_1_38' title='bbox 1399 703 1533 779; x_wconf 85' lang='lat' dir='ltr'>carpere</span> <span class='ocrx_word' id='word_1_39' title='bbox 1549 683 1711 779; x_wconf 83' lang='lat' dir='ltr'>Aegidius</span> <span class='ocrx_word' id='word_1_40' title='bbox 1749 710 1836 762; x_wconf 54' lang='lat' dir='ltr'>cone</span> <span class='ocrx_word' id='word_1_41' title='bbox 1965 719 1966 723; x_wconf 39' lang='lat'>¹</span> 
     </span>
    </p>
   </div>
   <div class='ocr_carea' id='block_1_3' title="bbox 429 776 1482 976">
    <p class='ocr_par' dir='ltr' id='par_1_3' title="bbox 429 776 1482 976">
     <span class='ocr_line' id='line_1_5' title="bbox 429 776 1373 869; baseline -0.005 -16"><span class='ocrx_word' id='word_1_42' title='bbox 429 780 591 853; x_wconf 88' lang='lat' dir='ltr'>terficitur</span> <span class='ocrx_word' id='word_1_43' title='bbox 607 803 626 851; x_wconf 91' lang='lat' dir='ltr'>a</span> <span class='ocrx_word' id='word_1_44' title='bbox 641 776 741 851; x_wconf 91' lang='lat' dir='ltr'>fratre</span> <span class='ocrx_word' id='word_1_45' title='bbox 754 776 915 850; x_wconf 87' lang='lat' dir='ltr'>Henrico.</span> <span class='ocrx_word' id='word_1_46' title='bbox 928 782 985 869; x_wconf 86' lang='lat'>76.</span> <span class='ocrx_word' id='word_1_47' title='bbox 1003 780 1084 850; x_wconf 85' lang='lat'>108.</span> <span class='ocrx_word' id='word_1_48' title='bbox 1181 779 1301 849; x_wconf 88' lang='lat' dir='ltr'>stituit.</span> <span class='ocrx_word' id='word_1_49' title='bbox 1319 804 1373 850; x_wconf 88' lang='lat' dir='ltr'>ro.</span> 
     </span>
     <span class='ocr_line' id='line_1_6' title="bbox 436 876 1482 976; baseline -0.004 -23"><span class='ocrx_word' id='word_1_50' title='bbox 436 903 517 976; x_wconf 87' lang='grc'><strong>177.</strong></span> <span class='ocrx_word' id='word_1_51' title='bbox 1129 878 1238 953; x_wconf 85' lang='lat' dir='ltr'>Plebis</span> <span class='ocrx_word' id='word_1_52' title='bbox 1251 876 1381 949; x_wconf 87' lang='lat' dir='ltr'>divisio.</span> <span class='ocrx_word' id='word_1_53' title='bbox 1403 903 1482 949; x_wconf 90' lang='lat'>101.</span> 
     </span>
    </p>
   </div>
   <div class='ocr_carea' id='block_1_4' title="bbox 237 975 1659 1074">
    <p class='ocr_par' dir='ltr' id='par_1_4' title="bbox 237 975 1659 1074">
     <span class='ocr_line' id='line_1_7' title="bbox 237 975 1659 1074; baseline -0.006 -20"><span class='ocrx_word' id='word_1_54' title='bbox 237 980 239 983; x_wconf 66' lang='grc'><strong>’</strong></span> <span class='ocrx_word' id='word_1_55' title='bbox 384 993 503 1065; x_wconf 83' lang='lat' dir='ltr'>Petrus</span> <span class='ocrx_word' id='word_1_56' title='bbox 524 979 707 1074; x_wconf 81' lang='lat' dir='ltr'><strong>Episcopus</strong></span> <span class='ocrx_word' id='word_1_57' title='bbox 725 975 975 1047; x_wconf 87' lang='lat' dir='ltr'>Turiasonensis</span> <span class='ocrx_word' id='word_1_58' title='bbox 989 982 1080 1046; x_wconf 86' lang='lat' dir='ltr'>Pon·</span> <span class='ocrx_word' id='word_1_59' title='bbox 1128 980 1396 1053; x_wconf 73' lang='lat' dir='ltr'>Poletanus.1&#39;id.</span> <span class='ocrx_word' id='word_1_60' title='bbox 1417 977 1659 1052; x_wconf 77' lang='lat' dir='ltr'>Bernardinus.</span> 
     </span>
    </p>
   </div>
   <div class='ocr_carea' id='block_1_5' title="bbox 266 1071 1946 3447">
    <p class='ocr_par' dir='ltr' id='par_1_5' title="bbox 266 1071 1946 3447">
     <span class='ocr_line' id='line_1_8' title="bbox 428 1071 1836 1176; baseline 0.001 -24"><span class='ocrx_word' id='word_1_61' title='bbox 428 1079 527 1154; x_wconf 88' lang='lat' dir='ltr'>tificis</span> <span class='ocrx_word' id='word_1_62' title='bbox 551 1079 676 1148; x_wconf 82' lang='lat' dir='ltr'>litteras</span> <span class='ocrx_word' id='word_1_63' title='bbox 700 1075 744 1146; x_wconf 93' lang='lat' dir='ltr'>ad</span> <span class='ocrx_word' id='word_1_64' title='bbox 761 1074 942 1171; x_wconf 81' lang='lat' dir='ltr'>Aegidium</span> <span class='ocrx_word' id='word_1_65' title='bbox 959 1071 1079 1146; x_wconf 89' lang='lat' dir='ltr'>defert.</span> <span class='ocrx_word' id='word_1_66' title='bbox 1128 1072 1281 1155; x_wconf 85' lang='lat' dir='ltr'>Pontifex</span> <span class='ocrx_word' id='word_1_67' title='bbox 1297 1078 1453 1148; x_wconf 83' lang='lat' dir='ltr'>Clemens</span> <span class='ocrx_word' id='word_1_68' title='bbox 1466 1079 1530 1147; x_wconf 88' lang='lat' dir='ltr'>Vl.</span> <span class='ocrx_word' id='word_1_69' title='bbox 1555 1079 1746 1176; x_wconf 88' lang='lat' dir='ltr'>Aegidium</span> <span class='ocrx_word' id='word_1_70' title='bbox 1773 1086 1836 1154; x_wconf 82' lang='lat' dir='ltr'>At-</span> 
     </span>
     <span class='ocr_line' id='line_1_9' title="bbox 428 1172 1835 1275; baseline 0.001 -26"><span class='ocrx_word' id='word_1_71' title='bbox 428 1203 491 1275; x_wconf 87' lang='grc'>47.</span> <span class='ocrx_word' id='word_1_72' title='bbox 523 1177 615 1250; x_wconf 87' lang='lat' dir='ltr'>Pacis</span> <span class='ocrx_word' id='word_1_73' title='bbox 651 1199 731 1246; x_wconf 92' lang='lat' dir='ltr'>cum</span> <span class='ocrx_word' id='word_1_74' title='bbox 756 1175 939 1247; x_wconf 86' lang='lat' dir='ltr'>Malatestis</span> <span class='ocrx_word' id='word_1_75' title='bbox 965 1172 1080 1244; x_wconf 84' lang='lat' dir='ltr'>condi·</span> <span class='ocrx_word' id='word_1_76' title='bbox 1178 1174 1375 1246; x_wconf 88' lang='lat' dir='ltr'>bomotium</span> <span class='ocrx_word' id='word_1_77' title='bbox 1408 1176 1626 1246; x_wconf 80' lang='lat' dir='ltr'>cardinalem</span> <span class='ocrx_word' id='word_1_78' title='bbox 1654 1199 1764 1249; x_wconf 86' lang='lat' dir='ltr'>creat.</span> <span class='ocrx_word' id='word_1_79' title='bbox 1800 1202 1835 1272; x_wconf 87' lang='lat'>7.</span> 
     </span>
     <span class='ocr_line' id='line_1_10' title="bbox 361 1272 1834 1372; baseline -0.003 -21"><span class='ocrx_word' id='word_1_80' title='bbox 361 1315 363 1318; x_wconf 93' lang='lat'>·</span> <span class='ocrx_word' id='word_1_81' title='bbox 426 1282 534 1351; x_wconf 91' lang='lat' dir='ltr'>tiones</span> <span class='ocrx_word' id='word_1_82' title='bbox 563 1275 671 1345; x_wconf 84' lang='lat' dir='ltr'>defert</span> <span class='ocrx_word' id='word_1_83' title='bbox 689 1274 733 1344; x_wconf 93' lang='lat' dir='ltr'>ad</span> <span class='ocrx_word' id='word_1_84' title='bbox 748 1272 956 1346; x_wconf 88' lang='lat' dir='ltr'>Pontificem.</span> <span class='ocrx_word' id='word_1_85' title='bbox 969 1293 1031 1364; x_wconf 85' lang='lat'>44.</span> <span class='ocrx_word' id='word_1_86' title='bbox 1178 1272 1392 1347; x_wconf 80' lang='lat' dir='ltr'>Innocentius</span> <span class='ocrx_word' id='word_1_87' title='bbox 1409 1274 1472 1344; x_wconf 91' lang='lat' dir='ltr'>VI.</span> <span class='ocrx_word' id='word_1_88' title='bbox 1498 1274 1685 1372; x_wconf 83' lang='lat' dir='ltr'>Aegidium</span> <span class='ocrx_word' id='word_1_89' title='bbox 1716 1279 1834 1347; x_wconf 87' lang='lat' dir='ltr'>Ponti·</span> 
     </span>
     <span class='ocr_line' id='line_1_11' title="bbox 382 1370 1832 1470; baseline -0.005 -15"><span class='ocrx_word' id='word_1_90' title='bbox 382 1386 497 1455; x_wconf 84' lang='lat' dir='ltr'>Petrus</span> <span class='ocrx_word' id='word_1_91' title='bbox 522 1374 688 1444; x_wconf 83' lang='lat' dir='ltr'>Farnesius</span> <span class='ocrx_word' id='word_1_92' title='bbox 710 1373 759 1442; x_wconf 87' lang='lat' dir='ltr'>vir</span> <span class='ocrx_word' id='word_1_93' title='bbox 779 1371 898 1441; x_wconf 93' lang='lat' dir='ltr'>nobilis</span> <span class='ocrx_word' id='word_1_94' title='bbox 925 1391 958 1440; x_wconf 94' lang='lat' dir='ltr'>et</span> <span class='ocrx_word' id='word_1_95' title='bbox 982 1370 1080 1442; x_wconf 86' lang='lat' dir='ltr'>armis</span> <span class='ocrx_word' id='word_1_96' title='bbox 1179 1370 1247 1443; x_wconf 87' lang='lat' dir='ltr'>ficii</span> <span class='ocrx_word' id='word_1_97' title='bbox 1261 1371 1423 1442; x_wconf 88' lang='lat' dir='ltr'>exercitus</span> <span class='ocrx_word' id='word_1_98' title='bbox 1434 1374 1554 1443; x_wconf 90' lang='lat' dir='ltr'>ducem</span> <span class='ocrx_word' id='word_1_99' title='bbox 1566 1374 1674 1470; x_wconf 85' lang='lat' dir='ltr'>eligit.</span> <span class='ocrx_word' id='word_1_100' title='bbox 1689 1399 1725 1467; x_wconf 90' lang='grc'>7.</span> <span class='ocrx_word' id='word_1_101' title='bbox 1742 1379 1832 1448; x_wconf 88' lang='lat' dir='ltr'>Cum</span> 
     </span>
     <span class='ocr_line' id='line_1_12' title="bbox 430 1469 1831 1569; baseline -0.004 -21"><span class='ocrx_word' id='word_1_102' title='bbox 430 1475 642 1550; x_wconf 83' lang='lat' dir='ltr'>exercitatus.</span> <span class='ocrx_word' id='word_1_103' title='bbox 659 1494 714 1566; x_wconf 84' lang='lat'>33.</span> <span class='ocrx_word' id='word_1_104' title='bbox 738 1469 910 1541; x_wconf 87' lang='lat' dir='ltr'>Bononiae</span> <span class='ocrx_word' id='word_1_105' title='bbox 925 1470 1079 1541; x_wconf 88' lang='lat' dir='ltr'>laboran·</span> <span class='ocrx_word' id='word_1_106' title='bbox 1176 1470 1330 1541; x_wconf 88' lang='lat' dir='ltr'>trecentis</span> <span class='ocrx_word' id='word_1_107' title='bbox 1351 1471 1522 1563; x_wconf 90' lang='lat' dir='ltr'>equitibus</span> <span class='ocrx_word' id='word_1_108' title='bbox 1551 1470 1706 1568; x_wconf 82' lang='lat' dir='ltr'>Aegidio</span> <span class='ocrx_word' id='word_1_109' title='bbox 1730 1495 1831 1569; x_wconf 85' lang='lat' dir='ltr'>pecu·</span> 
     </span>
     <span class='ocr_line' id='line_1_13' title="bbox 347 1568 1828 1666; baseline -0.002 -19"><span class='ocrx_word' id='word_1_110' title='bbox 347 1626 348 1632; x_wconf 38' lang='lat'>1</span> <span class='ocrx_word' id='word_1_111' title='bbox 428 1578 457 1647; x_wconf 91' lang='lat' dir='ltr'>ti</span> <span class='ocrx_word' id='word_1_112' title='bbox 487 1571 632 1645; x_wconf 90' lang='lat' dir='ltr'>subsidio</span> <span class='ocrx_word' id='word_1_113' title='bbox 665 1574 708 1641; x_wconf 89' lang='lat' dir='ltr'>ab</span> <span class='ocrx_word' id='word_1_114' title='bbox 737 1568 882 1666; x_wconf 82' lang='lat' dir='ltr'>negidio</span> <span class='ocrx_word' id='word_1_115' title='bbox 917 1568 1073 1638; x_wconf 90' lang='lat' dir='ltr'>mittitur.</span> <span class='ocrx_word' id='word_1_116' title='bbox 1176 1570 1267 1640; x_wconf 89' lang='lat' dir='ltr'>niam</span> <span class='ocrx_word' id='word_1_117' title='bbox 1296 1568 1475 1640; x_wconf 86' lang='lat' dir='ltr'>submittit.</span> <span class='ocrx_word' id='word_1_118' title='bbox 1518 1593 1573 1661; x_wconf 90' lang='lat'>17.</span> <span class='ocrx_word' id='word_1_119' title='bbox 1615 1575 1828 1644; x_wconf 84' lang='lat' dir='ltr'>Avenionem</span> 
     </span>
     <span class='ocr_line' id='line_1_14' title="bbox 427 1665 1827 1768; baseline -0.001 -22"><span class='ocrx_word' id='word_1_120' title='bbox 427 1675 556 1765; x_wconf 87' lang='grc' dir='ltr'><strong>67.Ι11</strong></span> <span class='ocrx_word' id='word_1_121' title='bbox 591 1694 700 1768; x_wconf 84' lang='lat' dir='ltr'>pugna</span> <span class='ocrx_word' id='word_1_122' title='bbox 727 1688 845 1738; x_wconf 91' lang='lat' dir='ltr'>contra</span> <span class='ocrx_word' id='word_1_123' title='bbox 872 1666 1077 1739; x_wconf 80' lang='lat' dir='ltr'>Barnabouis</span> <span class='ocrx_word' id='word_1_124' title='bbox 1175 1665 1369 1740; x_wconf 88' lang='lat' dir='ltr'>redeuntem</span> <span class='ocrx_word' id='word_1_125' title='bbox 1418 1668 1600 1768; x_wconf 77' lang='lat' dir='ltr'>Aegidiurn</span> <span class='ocrx_word' id='word_1_126' title='bbox 1642 1669 1827 1744; x_wconf 85' lang='lat' dir='ltr'>honorilice</span> 
     </span>
     <span class='ocr_line' id='line_1_15' title="bbox 428 1768 1824 1862; baseline -0.002 -16"><span class='ocrx_word' id='word_1_127' title='bbox 428 1771 612 1845; x_wconf 87' lang='lat' dir='ltr'>exercitum</span> <span class='ocrx_word' id='word_1_128' title='bbox 630 1771 833 1839; x_wconf 87' lang='lat' dir='ltr'>vulneratur.</span> <span class='ocrx_word' id='word_1_129' title='bbox 850 1770 907 1856; x_wconf 87' lang='lat'>67.</span> <span class='ocrx_word' id='word_1_130' title='bbox 1174 1768 1315 1862; x_wconf 87' lang='lat' dir='ltr'>excepit.</span> <span class='ocrx_word' id='word_1_131' title='bbox 1335 1789 1390 1862; x_wconf 89' lang='grc'>77.</span> <span class='ocrx_word' id='word_1_132' title='bbox 1407 1772 1536 1839; x_wconf 89' lang='lat' dir='ltr'>Iterum</span> <span class='ocrx_word' id='word_1_133' title='bbox 1559 1769 1636 1839; x_wconf 90' lang='lat' dir='ltr'>belli</span> <span class='ocrx_word' id='word_1_134' title='bbox 1661 1793 1824 1845; x_wconf 87' lang='lat' dir='ltr'>summam</span> 
     </span>
     <span class='ocr_line' id='line_1_16' title="bbox 381 1864 1826 1963; baseline -0.006 -16"><span class='ocrx_word' id='word_1_135' title='bbox 381 1879 497 1948; x_wconf 84' lang='lat' dir='ltr'>Petrus</span> <span class='ocrx_word' id='word_1_136' title='bbox 519 1870 560 1940; x_wconf 92' lang='lat' dir='ltr'>de</span> <span class='ocrx_word' id='word_1_137' title='bbox 577 1869 688 1949; x_wconf 79' lang='lat' dir='ltr'>Prias,</span> <span class='ocrx_word' id='word_1_138' title='bbox 706 1864 917 1955; x_wconf 71' lang='grc' dir='ltr'><strong>6711111111Ιὶ1,</strong></span> <span class='ocrx_word' id='word_1_139' title='bbox 946 1866 980 1936; x_wconf 93' lang='lat' dir='ltr'>in</span> <span class='ocrx_word' id='word_1_140' title='bbox 1004 1867 1078 1938; x_wconf 86' lang='lat' dir='ltr'>col·</span> <span class='ocrx_word' id='word_1_141' title='bbox 1175 1866 1320 1963; x_wconf 83' lang='lat' dir='ltr'>Aegidio</span> <span class='ocrx_word' id='word_1_142' title='bbox 1352 1864 1469 1938; x_wconf 86' lang='lat' dir='ltr'>defert.</span> <span class='ocrx_word' id='word_1_143' title='bbox 1506 1872 1562 1955; x_wconf 85' lang='lat'>56.</span> <span class='ocrx_word' id='word_1_144' title='bbox 1600 1866 1757 1941; x_wconf 88' lang='lat' dir='ltr'>Urbanus</span> <span class='ocrx_word' id='word_1_145' title='bbox 1779 1871 1826 1940; x_wconf 92' lang='lat' dir='ltr'>V.</span> 
     </span>
     <span class='ocr_line' id='line_1_17' title="bbox 429 1963 1824 2068; baseline -0.002 -25"><span class='ocrx_word' id='word_1_146' title='bbox 429 1972 553 2068; x_wconf 84' lang='lat' dir='ltr'>legium</span> <span class='ocrx_word' id='word_1_147' title='bbox 565 1966 773 2038; x_wconf 90' lang='lat' dir='ltr'>Bononiense</span> <span class='ocrx_word' id='word_1_148' title='bbox 794 1963 972 2035; x_wconf 88' lang='lat' dir='ltr'>beneficus.</span> <span class='ocrx_word' id='word_1_149' title='bbox 993 1965 1052 2058; x_wconf 85' lang='lat'>83.</span> <span class='ocrx_word' id='word_1_150' title='bbox 1178 1964 1359 2063; x_wconf 80' lang='lat' dir='ltr'>Aegidiurn</span> <span class='ocrx_word' id='word_1_151' title='bbox 1398 1966 1514 2038; x_wconf 87' lang='lat' dir='ltr'>litteris</span> <span class='ocrx_word' id='word_1_152' title='bbox 1549 1971 1744 2041; x_wconf 88' lang='lat' dir='ltr'>consolatur</span> <span class='ocrx_word' id='word_1_153' title='bbox 1778 1969 1824 2040; x_wconf 94' lang='lat' dir='ltr'>ob</span> 
     </span>
     <span class='ocr_line' id='line_1_18' title="bbox 382 2065 1826 2163; baseline 0 -23"><span class='ocrx_word' id='word_1_154' title='bbox 382 2080 498 2147; x_wconf 80' lang='lat' dir='ltr'>Petrus</span> <span class='ocrx_word' id='word_1_155' title='bbox 520 2066 783 2162; x_wconf 85' lang='lat' dir='ltr'>Pomponatius‚</span> <span class='ocrx_word' id='word_1_156' title='bbox 802 2081 1002 2156; x_wconf 72' lang='lat' dir='ltr'>⁴praeceptor</span> <span class='ocrx_word' id='word_1_157' title='bbox 1026 2067 1079 2131; x_wconf 81' lang='lat' dir='ltr'>se·</span> <span class='ocrx_word' id='word_1_158' title='bbox 1178 2084 1323 2134; x_wconf 80' lang='lat' dir='ltr'>mortem</span> <span class='ocrx_word' id='word_1_159' title='bbox 1353 2065 1492 2137; x_wconf 90' lang='lat' dir='ltr'>Garsiae</span> <span class='ocrx_word' id='word_1_160' title='bbox 1513 2066 1650 2163; x_wconf 88' lang='lat' dir='ltr'>nepotis.</span> <span class='ocrx_word' id='word_1_161' title='bbox 1666 2091 1725 2160; x_wconf 87' lang='lat'>70.</span> <span class='ocrx_word' id='word_1_162' title='bbox 1749 2072 1826 2144; x_wconf 86' lang='lat' dir='ltr'>Ro-</span> 
     </span>
     <span class='ocr_line' id='line_1_19' title="bbox 428 2158 1471 2266; baseline -0.004 -28"><span class='ocrx_word' id='word_1_163' title='bbox 428 2165 617 2266; x_wconf 83' lang='lat' dir='ltr'>pulvedae,</span> <span class='ocrx_word' id='word_1_164' title='bbox 636 2158 808 2232; x_wconf 84' lang='lat' dir='ltr'>Bononiae</span> <span class='ocrx_word' id='word_1_165' title='bbox 830 2158 1076 2260; x_wconf 79' lang='lat' dir='ltr'>philosophiam</span> <span class='ocrx_word' id='word_1_166' title='bbox 1180 2185 1269 2232; x_wconf 87' lang='lat' dir='ltr'>mam</span> <span class='ocrx_word' id='word_1_167' title='bbox 1288 2161 1385 2232; x_wconf 89' lang='lat' dir='ltr'>redit.</span> <span class='ocrx_word' id='word_1_168' title='bbox 1412 2183 1471 2255; x_wconf 89' lang='grc'>77.</span> 
     </span>
     <span class='ocr_line' id='line_1_20' title="bbox 430 2259 1823 2363; baseline -0.002 -23"><span class='ocrx_word' id='word_1_169' title='bbox 430 2266 561 2339; x_wconf 88' lang='lat' dir='ltr'>docuit.</span> <span class='ocrx_word' id='word_1_170' title='bbox 584 2286 666 2352; x_wconf 84' lang='lat'>552.</span> <span class='ocrx_word' id='word_1_171' title='bbox 1124 2259 1279 2335; x_wconf 82' lang='lat' dir='ltr'>Pontifex</span> <span class='ocrx_word' id='word_1_172' title='bbox 1305 2260 1405 2345; x_wconf 88' lang='lat' dir='ltr'>habet</span> <span class='ocrx_word' id='word_1_173' title='bbox 1442 2283 1642 2360; x_wconf 86' lang='lat' dir='ltr'>potestatem</span> <span class='ocrx_word' id='word_1_174' title='bbox 1677 2265 1823 2363; x_wconf 78' lang='lat' dir='ltr'>cogendi</span> 
     </span>
     <span class='ocr_line' id='line_1_21' title="bbox 377 2358 1826 2462; baseline -0.003 -24"><span class='ocrx_word' id='word_1_175' title='bbox 377 2376 495 2444; x_wconf 85' lang='lat' dir='ltr'>Petrus</span> <span class='ocrx_word' id='word_1_176' title='bbox 513 2367 638 2444; x_wconf 78' lang='lat' dir='ltr'>sotus,</span> <span class='ocrx_word' id='word_1_177' title='bbox 658 2358 929 2440; x_wconf 88' lang='lat' dir='ltr'>Dominicanus‚</span> <span class='ocrx_word' id='word_1_178' title='bbox 965 2363 1077 2430; x_wconf 86' lang='lat' dir='ltr'>Caro-</span> <span class='ocrx_word' id='word_1_179' title='bbox 1174 2381 1288 2457; x_wconf 87' lang='lat' dir='ltr'>gentes</span> <span class='ocrx_word' id='word_1_180' title='bbox 1307 2360 1350 2431; x_wconf 90' lang='lat' dir='ltr'>ad</span> <span class='ocrx_word' id='word_1_181' title='bbox 1368 2363 1562 2434; x_wconf 81' lang='lat' dir='ltr'>servandam</span> <span class='ocrx_word' id='word_1_182' title='bbox 1587 2369 1695 2462; x_wconf 86' lang='lat' dir='ltr'>legem</span> <span class='ocrx_word' id='word_1_183' title='bbox 1726 2384 1826 2434; x_wconf 81' lang='lat' dir='ltr'>natu·</span> 
     </span>
     <span class='ocr_line' id='line_1_22' title="bbox 426 2456 1826 2556; baseline -0.003 -18"><span class='ocrx_word' id='word_1_184' title='bbox 426 2467 450 2538; x_wconf 93' lang='lat' dir='ltr'>li</span> <span class='ocrx_word' id='word_1_185' title='bbox 463 2466 507 2535; x_wconf 95' lang='lat' dir='ltr'>V.</span> <span class='ocrx_word' id='word_1_186' title='bbox 534 2484 553 2532; x_wconf 94' lang='lat' dir='ltr'>a</span> <span class='ocrx_word' id='word_1_187' title='bbox 576 2460 672 2531; x_wconf 86' lang='lat' dir='ltr'>sacris</span> <span class='ocrx_word' id='word_1_188' title='bbox 695 2456 961 2530; x_wconf 83' lang='lat' dir='ltr'>confessionibus.</span> <span class='ocrx_word' id='word_1_189' title='bbox 995 2476 1075 2550; x_wconf 86' lang='lat'>349.</span> <span class='ocrx_word' id='word_1_190' title='bbox 1175 2480 1242 2528; x_wconf 87' lang='lat' dir='ltr'>rae.</span> <span class='ocrx_word' id='word_1_191' title='bbox 1265 2479 1344 2552; x_wconf 83' lang='lat'>334.</span> <span class='ocrx_word' id='word_1_192' title='bbox 1361 2461 1557 2535; x_wconf 90' lang='lat' dir='ltr'>Pontificem</span> <span class='ocrx_word' id='word_1_193' title='bbox 1583 2463 1617 2533; x_wconf 93' lang='lat' dir='ltr'>in</span> <span class='ocrx_word' id='word_1_194' title='bbox 1641 2465 1706 2545; x_wconf 88' lang='lat' dir='ltr'>iis,</span> <span class='ocrx_word' id='word_1_195' title='bbox 1738 2485 1826 2556; x_wconf 87' lang='lat' dir='ltr'>quae</span> 
     </span>
     <span class='ocr_line' id='line_1_23' title="bbox 376 2553 1822 2652; baseline -0.006 -13"><span class='ocrx_word' id='word_1_196' title='bbox 376 2571 493 2640; x_wconf 89' lang='lat' dir='ltr'>Petrus</span> <span class='ocrx_word' id='word_1_197' title='bbox 519 2559 624 2631; x_wconf 91' lang='lat' dir='ltr'>Vicus</span> <span class='ocrx_word' id='word_1_198' title='bbox 647 2556 788 2628; x_wconf 87' lang='lat' dir='ltr'>Viterbii</span> <span class='ocrx_word' id='word_1_199' title='bbox 816 2553 991 2652; x_wconf 71' lang='lat' dir='ltr'>prefectus.</span> <span class='ocrx_word' id='word_1_200' title='bbox 1022 2578 1077 2646; x_wconf 86' lang='lat'>15.</span> <span class='ocrx_word' id='word_1_201' title='bbox 1175 2580 1245 2628; x_wconf 89' lang='lat' dir='ltr'>non</span> <span class='ocrx_word' id='word_1_202' title='bbox 1273 2578 1351 2627; x_wconf 91' lang='lat' dir='ltr'>sunt</span> <span class='ocrx_word' id='word_1_203' title='bbox 1387 2579 1499 2651; x_wconf 79' lang='lat' dir='ltr'>aperte</span> <span class='ocrx_word' id='word_1_204' title='bbox 1531 2581 1653 2628; x_wconf 82' lang='lat' dir='ltr'>contra</span> <span class='ocrx_word' id='word_1_205' title='bbox 1682 2564 1822 2643; x_wconf 87' lang='lat' dir='ltr'>Deum,</span> 
     </span>
     <span class='ocr_line' id='line_1_24' title="bbox 430 2652 1823 2752; baseline -0.005 -18"><span class='ocrx_word' id='word_1_206' title='bbox 430 2663 650 2752; x_wconf 90' lang='lat' dir='ltr'>Vejentanam</span> <span class='ocrx_word' id='word_1_207' title='bbox 685 2656 804 2727; x_wconf 87' lang='lat' dir='ltr'>urbem</span> <span class='ocrx_word' id='word_1_208' title='bbox 835 2652 983 2723; x_wconf 86' lang='lat' dir='ltr'>vendidit</span> <span class='ocrx_word' id='word_1_209' title='bbox 1010 2660 1079 2724; x_wconf 88' lang='lat' dir='ltr'>Lu·</span> <span class='ocrx_word' id='word_1_210' title='bbox 1174 2673 1350 2746; x_wconf 88' lang='lat' dir='ltr'>tamquam</span> <span class='ocrx_word' id='word_1_211' title='bbox 1376 2653 1484 2750; x_wconf 87' lang='lat' dir='ltr'>ipsum</span> <span class='ocrx_word' id='word_1_212' title='bbox 1503 2653 1681 2724; x_wconf 83' lang='lat' dir='ltr'>Christum</span> <span class='ocrx_word' id='word_1_213' title='bbox 1712 2655 1823 2727; x_wconf 88' lang='lat' dir='ltr'>audire</span> 
     </span>
     <span class='ocr_line' id='line_1_25' title="bbox 430 2750 1825 2849; baseline -0.004 -17"><span class='ocrx_word' id='word_1_214' title='bbox 430 2777 488 2832; x_wconf 84' lang='lat' dir='ltr'>cae</span> <span class='ocrx_word' id='word_1_215' title='bbox 514 2758 667 2828; x_wconf 89' lang='lat' dir='ltr'>Sabellio.</span> <span class='ocrx_word' id='word_1_216' title='bbox 692 2755 753 2825; x_wconf 86' lang='lat'>28.</span> <span class='ocrx_word' id='word_1_217' title='bbox 782 2751 840 2825; x_wconf 85' lang='lat' dir='ltr'>nd</span> <span class='ocrx_word' id='word_1_218' title='bbox 871 2751 1076 2825; x_wconf 88' lang='lat' dir='ltr'>deditionem</span> <span class='ocrx_word' id='word_1_219' title='bbox 1176 2750 1347 2824; x_wconf 85' lang='lat' dir='ltr'>debemus.</span> <span class='ocrx_word' id='word_1_220' title='bbox 1374 2774 1454 2847; x_wconf 87' lang='lat'>341.</span> <span class='ocrx_word' id='word_1_221' title='bbox 1471 2750 1623 2824; x_wconf 86' lang='lat' dir='ltr'>Pontifex</span> <span class='ocrx_word' id='word_1_222' title='bbox 1640 2751 1825 2849; x_wconf 88' lang='lat' dir='ltr'>dispensare</span> 
     </span>
     <span class='ocr_line' id='line_1_26' title="bbox 382 2850 1824 3050; baseline -0.021 -16"><span class='ocrx_word' id='word_1_223' title='bbox 382 2852 843 3050; x_wconf 55' lang='lat' dir='ltr'>nitrensis...</span> <span class='ocrx_word' id='word_1_224' title='bbox 1176 2850 1824 3047; x_wconf 68' lang='lat' dir='ltr'>rtttst‚uthrxtx</span> 
     </span>
     <span class='ocr_line' id='line_1_27' title="bbox 357 3050 1823 3147; baseline -0.002 -26"><span class='ocrx_word' id='word_1_225' title='bbox 357 3059 583 3137; x_wconf 65' lang='lat' dir='ltr'>⁴Philatctus.</span> <span class='ocrx_word' id='word_1_226' title='bbox 609 3056 674 3129; x_wconf 79' lang='lat' dir='ltr'>Vid.</span> <span class='ocrx_word' id='word_1_227' title='bbox 699 3053 881 3123; x_wconf 84' lang='lat' dir='ltr'>Antonius.</span> <span class='ocrx_word' id='word_1_228' title='bbox 952 3064 959 3069; x_wconf 75' lang='grc'><strong>’</strong></span> <span class='ocrx_word' id='word_1_229' title='bbox 1176 3069 1239 3120; x_wconf 91' lang='lat' dir='ltr'>tre.</span> <span class='ocrx_word' id='word_1_230' title='bbox 1259 3050 1343 3142; x_wconf 83' lang='lat'>428.</span> <span class='ocrx_word' id='word_1_231' title='bbox 1360 3051 1440 3140; x_wconf 85' lang='lat' dir='ltr'>Ejus</span> <span class='ocrx_word' id='word_1_232' title='bbox 1460 3068 1613 3147; x_wconf 89' lang='lat' dir='ltr'>potestas.</span> <span class='ocrx_word' id='word_1_233' title='bbox 1628 3054 1717 3146; x_wconf 78' lang='grc'><strong>476.</strong></span> <span class='ocrx_word' id='word_1_234' title='bbox 1738 3051 1823 3144; x_wconf 88' lang='grc'><strong>478.</strong></span> 
     </span>
     <span class='ocr_line' id='line_1_28' title="bbox 380 3148 1946 3251; baseline -0.004 -24"><span class='ocrx_word' id='word_1_235' title='bbox 380 3157 552 3251; x_wconf 90' lang='lat' dir='ltr'>Philippus</span> <span class='ocrx_word' id='word_1_236' title='bbox 575 3158 622 3223; x_wconf 91' lang='lat'>11.</span> <span class='ocrx_word' id='word_1_237' title='bbox 646 3148 916 3246; x_wconf 87' lang='lat' dir='ltr'>quadragesimus</span> <span class='ocrx_word' id='word_1_238' title='bbox 940 3164 1079 3243; x_wconf 88' lang='lat' dir='ltr'>quartus</span> <span class='ocrx_word' id='word_1_239' title='bbox 1176 3148 1258 3238; x_wconf 83' lang='lat' dir='ltr'>Ejus</span> <span class='ocrx_word' id='word_1_240' title='bbox 1285 3149 1439 3246; x_wconf 87' lang='lat' dir='ltr'>dignitas.</span> <span class='ocrx_word' id='word_1_241' title='bbox 1465 3170 1550 3241; x_wconf 84' lang='grc'><strong>447.</strong></span> <span class='ocrx_word' id='word_1_242' title='bbox 1569 3152 1657 3240; x_wconf 89' lang='grc'><strong>446.</strong></span> <span class='ocrx_word' id='word_1_243' title='bbox 1678 3172 1765 3244; x_wconf 85' lang='grc'><strong>471..</strong></span> <span class='ocrx_word' id='word_1_244' title='bbox 1791 3168 1824 3220; x_wconf 95' lang='lat' dir='ltr'>et</span> <span class='ocrx_word' id='word_1_245' title='bbox 1945 3152 1946 3200; x_wconf 66' lang='lat' dir='ltr'>l</span> 
     </span>
     <span class='ocr_line' id='line_1_29' title="bbox 266 3245 1825 3347; baseline -0.004 -18"><span class='ocrx_word' id='word_1_246' title='bbox 266 3285 268 3289; x_wconf 91' lang='lat'>·</span> <span class='ocrx_word' id='word_1_247' title='bbox 433 3261 509 3329; x_wconf 84' lang='lat' dir='ltr'>Rex</span> <span class='ocrx_word' id='word_1_248' title='bbox 520 3250 698 3347; x_wconf 87' lang='lat' dir='ltr'>Hispaniae</span> <span class='ocrx_word' id='word_1_249' title='bbox 720 3268 795 3345; x_wconf 88' lang='lat' dir='ltr'>post</span> <span class='ocrx_word' id='word_1_250' title='bbox 808 3246 970 3321; x_wconf 91' lang='lat' dir='ltr'>Gotthos.</span> <span class='ocrx_word' id='word_1_251' title='bbox 998 3266 1078 3339; x_wconf 84' lang='grc'><strong>174.</strong></span> <span class='ocrx_word' id='word_1_252' title='bbox 1140 3289 1142 3294; x_wconf 84' lang='grc'><strong><em>·</em></strong></span> <span class='ocrx_word' id='word_1_253' title='bbox 1176 3269 1270 3339; x_wconf 86' lang='lat' dir='ltr'>seqq·</span> <span class='ocrx_word' id='word_1_254' title='bbox 1306 3245 1461 3321; x_wconf 84' lang='lat' dir='ltr'>Pontifex</span> <span class='ocrx_word' id='word_1_255' title='bbox 1494 3247 1693 3321; x_wconf 86' lang='lat' dir='ltr'>facultatem</span> <span class='ocrx_word' id='word_1_256' title='bbox 1726 3249 1825 3322; x_wconf 81' lang='lat' dir='ltr'>habet</span> 
     </span>
     <span class='ocr_line' id='line_1_30' title="bbox 381 3344 1820 3447; baseline -0.004 -21"><span class='ocrx_word' id='word_1_257' title='bbox 381 3350 594 3447; x_wconf 89' lang='lat' dir='ltr'>Philosophia</span> <span class='ocrx_word' id='word_1_258' title='bbox 619 3347 720 3419; x_wconf 91' lang='lat' dir='ltr'>docet</span> <span class='ocrx_word' id='word_1_259' title='bbox 754 3370 825 3419; x_wconf 92' lang='lat' dir='ltr'>non</span> <span class='ocrx_word' id='word_1_260' title='bbox 852 3346 969 3416; x_wconf 89' lang='lat' dir='ltr'>timere</span> <span class='ocrx_word' id='word_1_261' title='bbox 990 3367 1082 3417; x_wconf 90' lang='lat' dir='ltr'>mor·</span> <span class='ocrx_word' id='word_1_262' title='bbox 1177 3367 1295 3418; x_wconf 90' lang='lat' dir='ltr'>omnes</span> <span class='ocrx_word' id='word_1_263' title='bbox 1310 3347 1396 3443; x_wconf 83' lang='lat' dir='ltr'>leges</span> <span class='ocrx_word' id='word_1_264' title='bbox 1408 3344 1711 3440; x_wconf 81' lang='lat' dir='ltr'>moderandi438.</span> <span class='ocrx_word' id='word_1_265' title='bbox 1723 3351 1820 3440; x_wconf 81' lang='lat' dir='ltr'>Qto-</span> 
     </span>
    </p>
   </div>
   <div class='ocr_carea' id='block_1_6' title="bbox 381 3442 1965 3644">
    <p class='ocr_par' dir='ltr' id='par_1_6' title="bbox 381 3442 1965 3644">
     <span class='ocr_line' id='line_1_31' title="bbox 432 3442 1963 3544; baseline -0.022 -6"><span class='ocrx_word' id='word_1_266' title='bbox 432 3471 513 3522; x_wconf 90' lang='lat' dir='ltr'>tem.</span> <span class='ocrx_word' id='word_1_267' title='bbox 543 3468 622 3539; x_wconf 89' lang='lat'>¹05·</span> <span class='ocrx_word' id='word_1_268' title='bbox 1179 3442 1285 3516; x_wconf 88' lang='lat' dir='ltr'>modo</span> <span class='ocrx_word' id='word_1_269' title='bbox 1312 3442 1478 3515; x_wconf 87' lang='lat' dir='ltr'>moderari</span> <span class='ocrx_word' id='word_1_270' title='bbox 1498 3446 1596 3543; x_wconf 89' lang='lat' dir='ltr'>possit</span> <span class='ocrx_word' id='word_1_271' title='bbox 1622 3445 1713 3544; x_wconf 79' lang='lat' dir='ltr'>leges</span> <span class='ocrx_word' id='word_1_272' title='bbox 1727 3468 1825 3519; x_wconf 72' lang='lat' dir='ltr'>natu·</span> <span class='ocrx_word' id='word_1_273' title='bbox 1962 3492 1963 3519; x_wconf 45' lang='grc'><strong>7</strong></span> 
     </span>
     <span class='ocr_line' id='line_1_32' title="bbox 381 3537 1965 3644; baseline -0.028 -21"><span class='ocrx_word' id='word_1_274' title='bbox 381 3547 574 3644; x_wconf 85' lang='lat' dir='ltr'>Philosophi</span> <span class='ocrx_word' id='word_1_275' title='bbox 601 3543 716 3640; x_wconf 89' lang='lat' dir='ltr'>quales</span> <span class='ocrx_word' id='word_1_276' title='bbox 738 3537 914 3632; x_wconf 88' lang='lat' dir='ltr'>rejiciendi.</span> <span class='ocrx_word' id='word_1_277' title='bbox 941 3542 1023 3612; x_wconf 88' lang='lat'>260.</span> <span class='ocrx_word' id='word_1_278' title='bbox 1046 3555 1080 3610; x_wconf 86' lang='lat' dir='ltr'>et</span> <span class='ocrx_word' id='word_1_279' title='bbox 1179 3561 1337 3636; x_wconf 77' lang='lat' dir='ltr'>rae.439.</span> <span class='ocrx_word' id='word_1_280' title='bbox 1350 3543 1735 3639; x_wconf 58' lang='lat' dir='ltr'>Qomododjspem</span> <span class='ocrx_word' id='word_1_281' title='bbox 1748 3568 1825 3642; x_wconf 62' lang='lat'>905,</span> <span class='ocrx_word' id='word_1_282' title='bbox 1934 3558 1935 3561; x_wconf 51' lang='lat'><em>=</em></span> <span class='ocrx_word' id='word_1_283' title='bbox 1964 3575 1965 3578; x_wconf 74' lang='grc'>,</span> 
     </span>
    </p>
   </div>
   <div class='ocr_carea' id='block_1_7' title="bbox 431 3640 1826 3741">
    <p class='ocr_par' dir='ltr' id='par_1_7' title="bbox 431 3640 1826 3741">
     <span class='ocr_line' id='line_1_33' title="bbox 431 3640 1826 3741; baseline -0.004 -21"><span class='ocrx_word' id='word_1_284' title='bbox 431 3672 502 3741; x_wconf 84' lang='lat' dir='ltr'>seq.</span> <span class='ocrx_word' id='word_1_285' title='bbox 532 3641 808 3738; x_wconf 87' lang='lat' dir='ltr'>Philosophorum</span> <span class='ocrx_word' id='word_1_286' title='bbox 833 3640 924 3712; x_wconf 89' lang='lat' dir='ltr'>libris</span> <span class='ocrx_word' id='word_1_287' title='bbox 951 3640 998 3711; x_wconf 88' lang='lat' dir='ltr'>usi</span> <span class='ocrx_word' id='word_1_288' title='bbox 1019 3662 1081 3710; x_wconf 91' lang='lat' dir='ltr'>an·</span> <span class='ocrx_word' id='word_1_289' title='bbox 1178 3641 1219 3713; x_wconf 88' lang='lat' dir='ltr'>sit</span> <span class='ocrx_word' id='word_1_290' title='bbox 1241 3641 1275 3712; x_wconf 88' lang='lat' dir='ltr'>in</span> <span class='ocrx_word' id='word_1_291' title='bbox 1297 3642 1424 3740; x_wconf 87' lang='lat' dir='ltr'>legibus</span> <span class='ocrx_word' id='word_1_292' title='bbox 1450 3642 1580 3714; x_wconf 87' lang='lat' dir='ltr'>divinis.</span> <span class='ocrx_word' id='word_1_293' title='bbox 1607 3664 1694 3738; x_wconf 87' lang='grc'><strong>447.</strong></span> <span class='ocrx_word' id='word_1_294' title='bbox 1716 3641 1826 3736; x_wconf 76' lang='lat' dir='ltr'>Quod</span> 
     </span>
    </p>
   </div>
   <div class='ocr_carea' id='block_1_8' title="bbox 433 3738 1965 3839">
    <p class='ocr_par' dir='ltr' id='par_1_8' title="bbox 433 3738 1965 3839">
     <span class='ocr_line' id='line_1_34' title="bbox 433 3738 1965 3839; baseline 0.001 -23"><span class='ocrx_word' id='word_1_295' title='bbox 433 3745 521 3839; x_wconf 86' lang='lat' dir='ltr'>tiqui</span> <span class='ocrx_word' id='word_1_296' title='bbox 556 3742 708 3814; x_wconf 85' lang='lat' dir='ltr'>ecclesiae</span> <span class='ocrx_word' id='word_1_297' title='bbox 742 3759 862 3836; x_wconf 84' lang='lat' dir='ltr'>patres.</span> <span class='ocrx_word' id='word_1_298' title='bbox 886 3742 970 3809; x_wconf 86' lang='lat'>262.</span> <span class='ocrx_word' id='word_1_299' title='bbox 995 3744 1079 3831; x_wconf 83' lang='lat'>2⁶3·</span> <span class='ocrx_word' id='word_1_300' title='bbox 1179 3738 1335 3815; x_wconf 87' lang='lat' dir='ltr'>Pontifex</span> <span class='ocrx_word' id='word_1_301' title='bbox 1361 3740 1531 3826; x_wconf 85' lang='lat' dir='ltr'>deceruit,</span> <span class='ocrx_word' id='word_1_302' title='bbox 1555 3743 1649 3814; x_wconf 88' lang='lat' dir='ltr'>Deus</span> <span class='ocrx_word' id='word_1_303' title='bbox 1665 3743 1825 3816; x_wconf 84' lang='lat' dir='ltr'>decernit·</span> <span class='ocrx_word' id='word_1_304' title='bbox 1964 3814 1965 3817; x_wconf 74' lang='grc'>,</span> 
     </span>
    </p>
   </div>
   <div class='ocr_carea' id='block_1_9' title="bbox 378 3838 1373 3937">
    <p class='ocr_par' dir='ltr' id='par_1_9' title="bbox 378 3838 1373 3937">
     <span class='ocr_line' id='line_1_35' title="bbox 378 3838 1373 3937; baseline -0.008 -20"><span class='ocrx_word' id='word_1_305' title='bbox 378 3864 380 3867; x_wconf 79' lang='grc'>’</span> <span class='ocrx_word' id='word_1_306' title='bbox 435 3840 628 3937; x_wconf 89' lang='lat' dir='ltr'>Philosophi</span> <span class='ocrx_word' id='word_1_307' title='bbox 642 3838 763 3911; x_wconf 91' lang='lat' dir='ltr'>divitiis</span> <span class='ocrx_word' id='word_1_308' title='bbox 780 3863 849 3909; x_wconf 92' lang='lat' dir='ltr'>non</span> <span class='ocrx_word' id='word_1_309' title='bbox 869 3856 980 3932; x_wconf 84' lang='lat' dir='ltr'>egent.</span> <span class='ocrx_word' id='word_1_310' title='bbox 999 3858 1080 3928; x_wconf 85' lang='lat'>301.</span> <span class='ocrx_word' id='word_1_311' title='bbox 1186 3861 1273 3933; x_wconf 86' lang='grc'><strong>447.</strong></span> <span class='ocrx_word' id='word_1_312' title='bbox 1287 3862 1373 3932; x_wconf 92' lang='grc'><strong>447.</strong></span> 
     </span>
    </p>
   </div>
   <div class='ocr_carea' id='block_1_10' title="bbox 433 3935 1968 4137">
    <p class='ocr_par' dir='ltr' id='par_1_10' title="bbox 433 3935 1968 4137">
     <span class='ocr_line' id='line_1_36' title="bbox 433 3935 1965 4038; baseline -0.004 -20"><span class='ocrx_word' id='word_1_313' title='bbox 433 3940 627 4036; x_wconf 89' lang='lat' dir='ltr'>Philosophi</span> <span class='ocrx_word' id='word_1_314' title='bbox 664 3936 725 4030; x_wconf 80' lang='lat' dir='ltr'>qui</span> <span class='ocrx_word' id='word_1_315' title='bbox 758 3935 818 4009; x_wconf 87' lang='lat' dir='ltr'>fati</span> <span class='ocrx_word' id='word_1_316' title='bbox 857 3935 1079 4007; x_wconf 85' lang='lat' dir='ltr'>necessitatem</span> <span class='ocrx_word' id='word_1_317' title='bbox 1128 3950 1302 4034; x_wconf 85' lang='lat' dir='ltr'>Praecepta</span> <span class='ocrx_word' id='word_1_318' title='bbox 1335 3937 1381 4010; x_wconf 82' lang='lat' dir='ltr'>ad</span> <span class='ocrx_word' id='word_1_319' title='bbox 1417 3939 1581 4011; x_wconf 86' lang='lat' dir='ltr'>actionem</span> <span class='ocrx_word' id='word_1_320' title='bbox 1618 3943 1821 4038; x_wconf 86' lang='lat' dir='ltr'>pertinent,</span> <span class='ocrx_word' id='word_1_321' title='bbox 1964 3956 1965 3961; x_wconf 74' lang='grc'>’</span> 
     </span>
     <span class='ocr_line' id='line_1_37' title="bbox 436 4037 1968 4137; baseline -0.003 -21"><span class='ocrx_word' id='word_1_322' title='bbox 436 4059 659 4116; x_wconf 87' lang='lat' dir='ltr'>asseruerunt.</span> <span class='ocrx_word' id='word_1_323' title='bbox 677 4037 762 4127; x_wconf 85' lang='lat'>481.</span> <span class='ocrx_word' id='word_1_324' title='bbox 1177 4062 1246 4108; x_wconf 93' lang='lat' dir='ltr'>non</span> <span class='ocrx_word' id='word_1_325' title='bbox 1260 4037 1499 4133; x_wconf 86' lang='lat' dir='ltr'>cognitionem.</span> <span class='ocrx_word' id='word_1_326' title='bbox 1515 4047 1826 4137; x_wconf 83' lang='lat' dir='ltr'>523.Praeceptum</span> <span class='ocrx_word' id='word_1_327' title='bbox 1967 4048 1968 4051; x_wconf 75' lang='grc'>’</span> 
     </span>
    </p>
   </div>
   <div class='ocr_carea' id='block_1_11' title="bbox 378 4130 1939 4529">
    <p class='ocr_par' dir='ltr' id='par_1_11' title="bbox 378 4130 1939 4529">
     <span class='ocr_line' id='line_1_38' title="bbox 378 4130 1935 4236; baseline -0.003 -21"><span class='ocrx_word' id='word_1_328' title='bbox 378 4140 490 4218; x_wconf 88' lang='lat' dir='ltr'>Piceni</span> <span class='ocrx_word' id='word_1_329' title='bbox 509 4161 670 4235; x_wconf 87' lang='lat' dir='ltr'>tyrannos</span> <span class='ocrx_word' id='word_1_330' title='bbox 694 4135 782 4206; x_wconf 86' lang='lat' dir='ltr'>bello</span> <span class='ocrx_word' id='word_1_331' title='bbox 804 4132 953 4205; x_wconf 85' lang='lat' dir='ltr'>inscctari</span> <span class='ocrx_word' id='word_1_332' title='bbox 976 4130 1079 4229; x_wconf 81' lang='lat' dir='ltr'>Aegi·</span> <span class='ocrx_word' id='word_1_333' title='bbox 1175 4155 1224 4207; x_wconf 90' lang='lat' dir='ltr'>est</span> <span class='ocrx_word' id='word_1_334' title='bbox 1243 4136 1351 4206; x_wconf 92' lang='lat' dir='ltr'>oratio</span> <span class='ocrx_word' id='word_1_335' title='bbox 1381 4185 1391 4222; x_wconf 92' lang='lat'>‚</span> <span class='ocrx_word' id='word_1_336' title='bbox 1421 4160 1516 4230; x_wconf 85' lang='lat' dir='ltr'>qua,</span> <span class='ocrx_word' id='word_1_337' title='bbox 1544 4138 1630 4230; x_wconf 88' lang='lat' dir='ltr'>quid</span> <span class='ocrx_word' id='word_1_338' title='bbox 1658 4140 1701 4210; x_wconf 88' lang='lat' dir='ltr'>sit</span> <span class='ocrx_word' id='word_1_339' title='bbox 1723 4161 1828 4236; x_wconf 81' lang='lat' dir='ltr'>agen·</span> <span class='ocrx_word' id='word_1_340' title='bbox 1934 4195 1935 4201; x_wconf 32' lang='lat'>1</span> 
     </span>
     <span class='ocr_line' id='line_1_39' title="bbox 429 4229 1826 4334; baseline -0.001 -25"><span class='ocrx_word' id='word_1_341' title='bbox 429 4242 522 4310; x_wconf 90' lang='lat' dir='ltr'>dium</span> <span class='ocrx_word' id='word_1_342' title='bbox 549 4238 643 4326; x_wconf 85' lang='lat' dir='ltr'>jubet</span> <span class='ocrx_word' id='word_1_343' title='bbox 659 4231 823 4306; x_wconf 83' lang='lat' dir='ltr'>Pontifex.</span> <span class='ocrx_word' id='word_1_344' title='bbox 852 4256 908 4324; x_wconf 88' lang='grc'>71.</span> <span class='ocrx_word' id='word_1_345' title='bbox 931 4234 1000 4302; x_wconf 88' lang='lat' dir='ltr'>Eos</span> <span class='ocrx_word' id='word_1_346' title='bbox 1014 4229 1076 4304; x_wconf 89' lang='lat' dir='ltr'>sibi</span> <span class='ocrx_word' id='word_1_347' title='bbox 1177 4233 1280 4317; x_wconf 83' lang='lat' dir='ltr'>dum,</span> <span class='ocrx_word' id='word_1_348' title='bbox 1296 4256 1354 4305; x_wconf 88' lang='lat' dir='ltr'>aut</span> <span class='ocrx_word' id='word_1_349' title='bbox 1370 4258 1460 4306; x_wconf 88' lang='lat' dir='ltr'>secus</span> <span class='ocrx_word' id='word_1_350' title='bbox 1475 4283 1486 4318; x_wconf 91' lang='lat'>‚</span> <span class='ocrx_word' id='word_1_351' title='bbox 1504 4239 1714 4334; x_wconf 90' lang='lat' dir='ltr'>praecipitur.</span> <span class='ocrx_word' id='word_1_352' title='bbox 1743 4259 1826 4329; x_wconf 84' lang='lat'>524.</span> 
     </span>
     <span class='ocr_line' id='line_1_40' title="bbox 430 4331 1939 4433; baseline -0.002 -23"><span class='ocrx_word' id='word_1_353' title='bbox 430 4338 603 4410; x_wconf 87' lang='lat' dir='ltr'>conciliare</span> <span class='ocrx_word' id='word_1_354' title='bbox 628 4353 773 4405; x_wconf 90' lang='lat' dir='ltr'>conatur</span> <span class='ocrx_word' id='word_1_355' title='bbox 804 4333 990 4404; x_wconf 88' lang='lat' dir='ltr'>Malatesta.</span> <span class='ocrx_word' id='word_1_356' title='bbox 1019 4353 1076 4421; x_wconf 83' lang='lat'>32·</span> <span class='ocrx_word' id='word_1_357' title='bbox 1176 4331 1825 4433; x_wconf 80' lang='lat' dir='ltr'>Secundumlutherumpraeceptanon</span> <span class='ocrx_word' id='word_1_358' title='bbox 1938 4423 1939 4427; x_wconf 11' lang='grc'><strong>4</strong></span> 
     </span>
     <span class='ocr_line' id='line_1_41' title="bbox 431 4428 1559 4529; baseline -0.006 -20"><span class='ocrx_word' id='word_1_359' title='bbox 431 4434 491 4509; x_wconf 79' lang='lat' dir='ltr'>Ad</span> <span class='ocrx_word' id='word_1_360' title='bbox 513 4457 569 4505; x_wconf 91' lang='lat' dir='ltr'>cos</span> <span class='ocrx_word' id='word_1_361' title='bbox 592 4428 806 4505; x_wconf 88' lang='lat' dir='ltr'>debellandos</span> <span class='ocrx_word' id='word_1_362' title='bbox 828 4429 989 4528; x_wconf 84' lang='lat' dir='ltr'>Aegidius</span> <span class='ocrx_word' id='word_1_363' title='bbox 1013 4428 1077 4500; x_wconf 88' lang='lat' dir='ltr'>rui·</span> <span class='ocrx_word' id='word_1_364' title='bbox 1174 4452 1252 4502; x_wconf 91' lang='lat' dir='ltr'>sunt</span> <span class='ocrx_word' id='word_1_365' title='bbox 1270 4455 1457 4529; x_wconf 86' lang='lat' dir='ltr'>praecepta.</span> <span class='ocrx_word' id='word_1_366' title='bbox 1478 4456 1559 4523; x_wconf 75' lang='lat'>524.</span> 
     </span>
    </p>
   </div>
   <div class='ocr_carea' id='block_1_12' title="bbox 384 4530 1973 4725">
    <p class='ocr_par' dir='ltr' id='par_1_12' title="bbox 384 4530 1973 4725">
     <span class='ocr_line' id='line_1_42' title="bbox 431 4530 1973 4627; baseline 0.001 -20"><span class='ocrx_word' id='word_1_367' title='bbox 431 4538 504 4607; x_wconf 90' lang='lat' dir='ltr'>lites</span> <span class='ocrx_word' id='word_1_368' title='bbox 526 4533 697 4603; x_wconf 86' lang='lat' dir='ltr'>hortatur.</span> <span class='ocrx_word' id='word_1_369' title='bbox 712 4553 768 4624; x_wconf 83' lang='grc'>77.</span> <span class='ocrx_word' id='word_1_370' title='bbox 1129 4530 1410 4627; x_wconf 81' lang='lat' dir='ltr'>Primogeniturae</span> <span class='ocrx_word' id='word_1_371' title='bbox 1447 4534 1497 4622; x_wconf 80' lang='lat' dir='ltr'>jus</span> <span class='ocrx_word' id='word_1_372' title='bbox 1523 4533 1829 4608; x_wconf 80' lang='lat' dir='ltr'>Bononiae-etin</span> <span class='ocrx_word' id='word_1_373' title='bbox 1972 4532 1973 4535; x_wconf 49' lang='lat'>&#39;</span> 
     </span>
     <span class='ocr_line' id='line_1_43' title="bbox 384 4624 1456 4725; baseline -0.006 -19"><span class='ocrx_word' id='word_1_374' title='bbox 384 4635 554 4709; x_wconf 88' lang='lat' dir='ltr'>Pisaurum</span> <span class='ocrx_word' id='word_1_375' title='bbox 593 4629 770 4725; x_wconf 87' lang='lat' dir='ltr'>occupavit</span> <span class='ocrx_word' id='word_1_376' title='bbox 812 4628 987 4698; x_wconf 86' lang='lat' dir='ltr'>Malatesta</span> <span class='ocrx_word' id='word_1_377' title='bbox 1035 4624 1077 4696; x_wconf 93' lang='lat' dir='ltr'>de</span> <span class='ocrx_word' id='word_1_378' title='bbox 1166 4631 1346 4722; x_wconf 83' lang='lat' dir='ltr'>Hispania.</span> <span class='ocrx_word' id='word_1_379' title='bbox 1377 4653 1456 4700; x_wconf 80' lang='grc'><strong>111.</strong></span> 
     </span>
    </p>
   </div>
   <div class='ocr_carea' id='block_1_13' title="bbox 435 4725 1973 4827">
    <p class='ocr_par' dir='ltr' id='par_1_13' title="bbox 435 4725 1973 4827">
     <span class='ocr_line' id='line_1_44' title="bbox 435 4725 1973 4827; baseline 0.003 -28"><span class='ocrx_word' id='word_1_380' title='bbox 435 4729 625 4804; x_wconf 83' lang='lat' dir='ltr'>Malatestis.</span> <span class='ocrx_word' id='word_1_381' title='bbox 648 4752 681 4816; x_wconf 90' lang='lat'>7.</span> <span class='ocrx_word' id='word_1_382' title='bbox 706 4733 745 4796; x_wconf 94' lang='lat' dir='ltr'>In</span> <span class='ocrx_word' id='word_1_383' title='bbox 768 4725 883 4795; x_wconf 89' lang='lat' dir='ltr'>decem</span> <span class='ocrx_word' id='word_1_384' title='bbox 907 4746 1010 4795; x_wconf 89' lang='lat' dir='ltr'>annos</span> <span class='ocrx_word' id='word_1_385' title='bbox 1029 4749 1078 4795; x_wconf 87' lang='lat' dir='ltr'>re-</span> <span class='ocrx_word' id='word_1_386' title='bbox 1126 4729 1268 4820; x_wconf 88' lang='lat' dir='ltr'>Principi</span> <span class='ocrx_word' id='word_1_387' title='bbox 1293 4728 1484 4800; x_wconf 85' lang='lat' dir='ltr'>necessariae</span> <span class='ocrx_word' id='word_1_388' title='bbox 1511 4731 1661 4802; x_wconf 85' lang='lat' dir='ltr'>virtutes.</span> <span class='ocrx_word' id='word_1_389' title='bbox 1693 4756 1775 4827; x_wconf 85' lang='lat'>137.</span> <span class='ocrx_word' id='word_1_390' title='bbox 1796 4750 1829 4803; x_wconf 89' lang='lat' dir='ltr'>et</span> <span class='ocrx_word' id='word_1_391' title='bbox 1947 4740 1973 4778; x_wconf 69' lang='grc' dir='ltr'>Ψ</span> 
     </span>
    </p>
   </div>
   <div class='ocr_carea' id='block_1_14' title="bbox 432 4823 1976 4926">
    <p class='ocr_par' dir='ltr' id='par_1_14' title="bbox 432 4823 1976 4926">
     <span class='ocr_line' id='line_1_45' title="bbox 432 4823 1976 4926; baseline -0.014 -23"><span class='ocrx_word' id='word_1_392' title='bbox 432 4831 516 4922; x_wconf 81' lang='lat' dir='ltr'>sinet</span> <span class='ocrx_word' id='word_1_393' title='bbox 538 4851 579 4904; x_wconf 87' lang='lat' dir='ltr'>ex</span> <span class='ocrx_word' id='word_1_394' title='bbox 601 4827 689 4926; x_wconf 82' lang='lat' dir='ltr'>pacis</span> <span class='ocrx_word' id='word_1_395' title='bbox 712 4823 973 4903; x_wconf 86' lang='lat' dir='ltr'>conditionibus.</span> <span class='ocrx_word' id='word_1_396' title='bbox 988 4844 1051 4918; x_wconf 90' lang='grc'>44.</span> <span class='ocrx_word' id='word_1_397' title='bbox 1074 4889 1079 4894; x_wconf 87' lang='grc'><strong>.</strong></span> <span class='ocrx_word' id='word_1_398' title='bbox 1173 4848 1268 4923; x_wconf 87' lang='lat' dir='ltr'>seqq.</span> <span class='ocrx_word' id='word_1_399' title='bbox 1284 4827 1441 4925; x_wconf 67' lang='lat' dir='ltr'>Principis</span> <span class='ocrx_word' id='word_1_400' title='bbox 1456 4827 1719 4904; x_wconf 67' lang='lat' dir='ltr'>homofficium,</span> <span class='ocrx_word' id='word_1_401' title='bbox 1744 4840 1828 4924; x_wconf 81' lang='lat'><strong>24⁶·</strong></span> <span class='ocrx_word' id='word_1_402' title='bbox 1972 4868 1976 4889; x_wconf 50' lang='lat'><em>2</em></span> 
     </span>
    </p>
   </div>
   <div class='ocr_carea' id='block_1_15' title="bbox 1716 4937 1955 5017">
    <p class='ocr_par' dir='ltr' id='par_1_15' title="bbox 1716 4937 1955 5017">
     <span class='ocr_line' id='line_1_46' title="bbox 1716 4937 1955 5017; baseline 0 -14"><span class='ocrx_word' id='word_1_403' title='bbox 1716 4937 1805 5017; x_wconf 55' lang='lat' dir='ltr'>Pru}</span> <span class='ocrx_word' id='word_1_404' title='bbox 1954 4961 1955 4965; x_wconf 74' lang='grc'>’</span> 
     </span>
    </p>
   </div>
   <div class='ocr_carea' id='block_1_16' title="bbox 0 0 2017 5860">
    <p class='ocr_par' dir='ltr' id='par_1_16' title="bbox 0 0 2017 5860">
     <span class='ocr_line' id='line_1_47' title="bbox 0 0 2017 5860; baseline 0 0"><span class='ocrx_word' id='word_1_405' title='bbox 0 0 2017 5860; x_wconf 95' lang='lat' dir='ltr'> </span> 
     </span>
    </p>
   </div>
  </div>
 </body>
</html>
