4020 5864
642 399 712 474 tn
743 392 1063 470 nnnsnon.
1478 403 1542 491 5⁶,

125 528 353 621 stituendam
370 589 382 635 ,
400 521 450 615 de
466 522 634 614 moribus
666 551 712 609 ac
742 519 920 638 religione
935 517 1127 624 scribunt,
1156 516 1293 635 quibus
1307 548 1454 605 summa
1510 551 1567 607 ra·

119 653 218 739 uitas
242 676 509 761 summumque
540 643 717 758 judicium
741 638 909 728 adhiberi
931 639 1046 725 debet
1072 697 1085 742 ,
1115 637 1291 724 celerrimi
1307 638 1377 723 stili
1411 552 1563 728 laudem

116 768 304 854 affectasse
324 765 534 854 videantur.
564 763 639 849 Sed
656 761 725 847 ista
740 782 967 874 praecepta,
997 757 1096 844 dicet
1121 757 1280 873 aliquis,
1302 756 1459 844 rudibus
1483 756 1562 847 for·

113 909 209 972 tasse
224 959 228 968 .
246 913 291 972 ac
312 882 537 972 tardioribus
567 882 657 969 data
673 902 774 966 sunt.
816 883 993 962 Erasmus
1020 877 1141 962 homo
1156 874 1398 963 doctissimus
1430 904 1474 960 ac
1505 878 1561 965 di·

112 1001 326 1091 senissimus
341 1030 427 1088 cam
442 998 652 1087 facilitatem
669 997 931 1086 exercitatione
945 1019 1170 1082 consecutus
1185 1017 1268 1100 est,
1294 1017 1339 1080 ut
1367 993 1475 1080 multi
1490 1026 1558 1110 pet

110 1151 302 1210 summum
319 1120 514 1225 laborem,
541 1117 651 1234 quod
672 1118 750 1235 ipse
764 1114 870 1233 quasi
902 1115 1035 1201 ludens
1056 1109 1176 1219 facit,
1206 1140 1369 1230 aequare
1391 1141 1473 1199 non
1488 1145 1556 1202 va·

110 1238 226 1326 leant.
255 1244 390 1325 Fateor
408 1237 735 1353 ,quamplurimos
764 1235 885 1352 longo
901 1257 1099 1347 tempore,
1116 1259 1255 1350 magna
1280 1230 1471 1348 diligentia
1486 1234 1556 1320 mi·
1663 1311 1684 1350 ,
1891 1350 1893 1352 q
1981 1321 1983 1324 ,

110 1372 183 1444 nus
195 1353 342 1443 efficere
358 1417 371 1460 ,
386 1356 407 1399 '
426 1385 546 1471 quam
571 1356 697 1470 paucis
724 1353 854 1441 diebus
878 1357 1106 1437 Erasmum:
1131 1374 1172 1437 at
1186 1348 1322 1466 siquis
1337 1379 1463 1467 neque
1477 1351 1555 1442 do-
1570 1373 1747 1500 ggpwqqq·

111 1475 255 1581 ctrina,
286 1502 410 1590 noque
432 1472 613 1592 ingenio,
635 1502 706 1559 nec
733 1472 898 1588 denique
922 1469 1189 1556 exercitatione
1220 1468 1357 1555 cedens
1379 1475 1552 1580 Erasmo,
1568 1474 1641 1558 rui·
1651 1463 1748 1562 »οἶμ’

80 1697 82 1701 ‚
111 1591 339 1710 diligentiam
355 1591 848 1708 adhibeat,ncgabimnsne
874 1586 1179 1692 hunc'meliota,
1210 1616 1329 1703 quam
1351 1593 1553 1678 Erasmum

109 1719 402 1826 praesumtum?
430 1710 496 1797 Ad
525 1739 712 1799 sumrmm
729 1710 790 1814 ,si
815 1713 992 1794 Erasmm
1006 1705 1083 1822 ipse
1097 1705 1254 1818 imperet
1267 1705 1421 1822 ingenio
1450 1711 1551 1825 suo,

109 1828 562 1933 armemanm'seribat,
588 1853 628 1914 et
651 1827 787 1941 scripta
809 1853 876 1912 sua
892 1825 1090 1944 diligenter
1104 1847 1353 1940 recognoscat
1375 1886 1389 1930 ,
1419 1846 1551 1915 nonne

109 1945 265 2062 ipsemet
280 1948 453 2062 majora,
475 1945 649 2033 doctiora
665 2003 680 2051 ,
698 1945 956 2061 elegantiora,
979 1970 1019 2029 et
1047 1969 1148 2059 quae
1173 1941 1294 2029 minus
1308 1941 1551 2036 incurrantin

109 2063 314 2179 doctorum
336 2065 677 2180 reprehensionem,
699 2058 861 2149 efficiet?
886 2066 976 2178 <Age
999 2087 1123 2168 vero,
1139 2058 1259 2175 siipse
1272 2126 1287 2162 ,
1301 2089 1402 2177 quae
1416 2061 1492 2175 jam
1509 2065 1550 2154 in

108 2184 249 2304 vulgus
263 2181 477 2272 festinanter
491 2182 635 2289 edidit,
662 2183 843 2268 hactenus
864 2179 1016 2295 integra
1024 2177 1091 2264 sibi
1116 2191 1364 2285 reservasset,
1391 2205 1431 2268 et
1445 2211 1552 2270 nune

109 2288 245 2392 iterum
274 2330 318 2384 ac
333 2300 798 2415 saepiustele'geret,·ac,
814 2321 859 2383 ut
872 2295 1124 2413 diligentiores
1155 2293 1405 2414 lentioresque
1428 2296 1552 2390 facere

109 2417 427 2524 solent,accurate
443 2441 671 2519 retractaret,
686 2415 827 2502 nihilne
840 2414 1062 2500 illumnunc
1076 2415 1343 2503 danmaturum
1355 2441 1550 2531 putamus,

108 2536 218 2653 quod
246 2536 351 2621 initio
367 2534 588 2650 placuisset?
616 2533 709 2620 nihil
722 2534 832 2651 quod
854 2559 946 2628 tunc
969 2560 1060 2618 eum
1074 2531 1250 2639 latttisset,
1265 2533 1534 2623 inventurum?

119 2718 126 2723 .,
170 2652 316 2740 XXXI.
378 2656 488 2740 Haec
514 2652 626 2771 igitur
646 2679 734 2739 cum
749 2652 803 2739 ita
818 2651 919 2757 sint,
939 2651 1083 2755 miror,
1113 2655 1296 2759 Erasme,
1319 2652 1386 2769 qui
1407 2655 1452 2742 sit
1479 2655 1547 2744 iste

110 2793 190 2859 tam
208 2771 402 2887 impatiens
415 2771 560 2857 animus
574 2796 689 2878 tuus,
706 2795 751 2857 ut
775 2800 864 2858 cum
879 2768 958 2882 ejus
973 2768 1162 2885 aequitate
1186 2765 1282 2858 ferre
1308 2799 1389 2858 non
1416 2774 1547 2888 possis,

110 2889 317 2980 multotum
332 2890 662 2977 eruditissimonsm
677 2902 889 2976 accuratam
904 2887 1131 3005 diligentiam
1156 2886 1381 3003 quibusdam
1404 2887 1443 2978 in
1458 2891 1550 2979 locis

111 3007 358 3097 oculatiorem
400 3038 477 3095 esse
515 3033 582 3095 tua
609 3006 720 3093 nnius
758 3009 798 3093 in
827 3005 1101 3142 perpendendis
1137 3031 1183 3090 ae
1205 3009 1548 3124 recognoscendis,

139 3125 430 3214 uae'incredibili
444 3125 642 3215 velocitate
653 3125 790 3233 scribis,
806 3122 1042 3243 negligentia.
1060 3125 1119 3210 At
1131 3148 1213 3237 erat
1226 3124 1448 3240 prudentiae
1464 3159 1550 3216 mo·

56 3320 59 3326 .
195 3244 326 3361 'aeque
350 3269 440 3332 tuae
462 3302 478 3352 ‚
500 3242 660 3362 quando
680 3243 862 3363 longioris
887 3240 1064 3330 examinis
1099 3242 1438 3362 recognitionisque
1467 3247 1548 3335 tae·

111 3359 216 3447 diurn
228 3358 323 3449 ferre
339 3391 420 3448 non
436 3387 576 3478 potes,
604 3361 726 3449 saltim
751 3362 911 3451 aliorum
933 3356 1416 3477 admonitionespatienter
1435 3359 1546 3453 ferre:

110 3502 150 3563 et
166 3538 179 3585 ,
198 3479 336 3598 siquid
351 3481 461 3595 probi
482 3508 528 3566 ac
548 3480 684 3569 eruditi
711 3479 782 3568 viri
804 3479 930 3567 intuis
950 3479 1049 3567 libris
1074 3478 1198 3567 minus
1212 3509 1250 3568 se
1268 3479 1429 3596 probare
1455 3512 1545 3598 pro·

110 3591 333 3707 literentur,
359 3598 559 3685 inbonam
585 3623 732 3714 partem
747 3599 940 3716 accipere,
967 3627 1050 3686 non
1074 3598 1168 3686 odio
1196 3622 1367 3704 vertere,
1393 3623 1462 3687 aut
1476 3629 1544 3688 ca·
1691 3672 1692 3675 r

35 3734 40 3742 ·
108 3709 274 3802 lumniae
291 3747 300 3801 :
330 3740 414 3803 tum
430 3716 553 3833 siqua
574 3742 675 3805 recte
690 3716 730 3804 in
745 3744 785 3805 te
801 3741 933 3804 notata
952 3740 1073 3806 essent
1088 3727 1105 3822 (
1118 3739 1162 3804 ut
1176 3716 1299 3833 aliqua
1313 3745 1391 3818 esse
1417 3746 1555 3806 necesr

108 3859 149 3918 se
164 3831 244 3950 est)
270 3833 307 3919 in
322 3833 379 3921 his
400 3864 484 3922 non
505 3834 737 3953 pertinaciter
751 3863 988 3955 repugnare:
1015 3835 1121 3951 siqua
1149 3862 1279 3943 secus,
1301 3862 1347 3922 ca
1363 3838 1542 3925 modera-

105 3972 148 4038 te
172 3975 213 4038 et
241 3951 319 4040 sine
344 3953 544 4042 nomacho
557 3951 736 4044 refellere.
764 3959 869 4042 Nam
888 3954 965 4041 hoc
988 3952 1169 4069 inprimis
1193 3954 1445 4061 Christianum
1469 3957 1541 4044 de-

107 4090 195 4178 cet,
217 4068 293 4158 boc
306 4071 430 4161 virum
444 4101 626 4193 gravem,
643 4073 719 4161 hoc
733 4073 1014 4213 philosophum.
1042 4075 1267 4187 Numquam
1294 4070 1396 4159 enim
1420 4073 1542 4190 philo·

107 4185 240 4301 sophia
254 4213 364 4277 tanto
378 4192 418 4279 in
432 4191 582 4282 honore
596 4193 724 4280 habita
736 4190 863 4281 fuisset
880 4221 920 4279 tn
950 4190 1135 4299 Graecia,
1160 4190 1226 4277 nisi
1240 4190 1541 4284 docr'nsimorum

107 4308 412 4395 contentionibus
451 4309 812 4428 dissensionibusque
842 4308 1048 4430 viguisset,
1071 4333 1118 4397 ut
1146 4307 1380 4428 gravissimus
1406 4336 1541 4401 auctor

107 4420 242 4512 Cicero
257 4450 425 4514 testatur.
463 4434 606 4547 ltaque·
621 4431 671 4516 de
693 4431 931 4549 philosoplis
958 4428 1146 4516 scribens:
1175 4430 1360 4539 Tardum,
1385 4427 1538 4548 inquit,

107 4539 241 4648 abest,
264 4561 307 4629 ut
329 4548 450 4632 scribe·
465 4563 596 4634 contro
617 4574 684 4635 nos
705 4555 891 4659 nolimus,
918 4565 961 4635 ut
979 4552 1024 4633 r‘d
1044 4555 1158 4633 etiam
1175 4553 1336 4635 martine
1359 4564 1536 4660 memus.

106 4653 376 4770 Cuiussummi
403 4662 472 4763 viri
488 4666 706 4752 institutum
728 4667 757 4752 si
782 4667 877 4774 eibi,
897 4692 944 4755 ut
959 4695 1027 4784 pat
1040 4691 1147 4775 etat,
1172 4667 1304 4755 imitari
1330 4665 1538 4783 placuisset,

107 4778 252 4894 ntagnis
265 4799 304 4870 te
328 4809 497 4897 tuosque
513 4807 790 4873 concertatores
808 4784 988 4874 molestiis
1012 4809 1052 4874 et
1080 4785 1369 4876 solicitudinibus
1396 4783 1542 4870 liberas·

106 4896 296 5014 scs,dum
312 4900 582 5018 aequossanimo
598 4901 818 5023 tetedatgui
830 4901 1543 5024 paeterisetceterossinepettinacia,

118 5070 138 5099 ‚¹
941 5023 1095 5117 ffibb,
1502 5020 1548 5108 ςῑ.
