4140 5872
534 408 609 485 -ns
706 396 958 496 :tonsu
1000 394 1785 479 caussrrsaatrtvsorn‘

505 534 557 625 lis
580 531 741 622 affetum
755 591 769 637 ,
783 533 871 616 cum
899 523 1161 644 plurimorum
1178 524 1328 613 civirm
1346 527 1487 636 caede,
1506 532 1776 648 proscriptione
1800 559 1841 622 et
1868 531 1968 627 'clife‘-

512 658 644 774 ptione
661 685 670 739 :
689 652 755 739 sed
767 649 942 734 florentes
967 644 1082 730 etiam
1097 645 1315 760 respublicas
1339 644 1507 735 franditus
1521 675 1721 739 evertamt.
1744 653 1963 749 Multarum

322 868 448 931 sxmpro
463 772 868 917 estrerumpublicarum
893 764 1070 898 maximas
1092 764 1317 849 calamitates
1336 794 1382 852 ex
1402 767 1552 915 dissidiis
1566 794 1666 905 ortas
1680 800 1959 918 commemora·

325 927 557 983 romanorum-re
572 922 741 1012 possem.
756 888 830 974 Sed
848 910 937 1021 utar
948 907 1178 1000 potasstmum
1194 888 1458 973 Romanorum
1472 888 1647 1004 exemplis
1661 952 1674 994 ,
1689 918 1755 1005 qur
1771 952 1785 997 ,
1803 921 1848 979 ut
1862 924 1956 1012 opn-

322 991 501 1146 “⁵,¹',‘,}¹·'¹‡²„
513 1015 774 1115 lentissimam,
796 1007 844 1092 sic
858 1005 1092 1118 jusnssimam
1108 998 1372 1118 rempublicam
1390 1006 1558 1094 habuisse
1581 1032 1763 1123 putantur
1778 1072 1791 1117 ,
1809 1017 1961 1131 Augus-

323 1145 426 1198 ἂνω
440 1142 499 1195 Μ·
507 1136 593 1222 tino
609 1157 740 1218 nostro
756 1150 936 1230 auctore,
951 1122 1018 1238 qui
1036 1123 1218 1206 Romanis
1237 1128 1390 1238 propter
1414 1126 1580 1241 ipsorum
1597 1127 1771 1240 justitiam
1788 1131 1959 1245 pulcher-

510 1254 648 1341 timum
662 1276 701 1338 et
713 1243 1033 1364 opulentissimum
1043 1240 1242 1355 imperium
1257 1242 1308 1326 ad
1321 1244 1458 1356 pravos
1475 1247 1678 1331 multarum
1692 1249 1865 1364 gentium
1879 1283 1957 1340 mo-

509 1402 567 1462 res
581 1366 822 1486 corrigendos
834 1368 861 1447 'a
874 1368 962 1446 Deo
977 1359 1159 1472 tributum
1175 1389 1251 1446 esse
1261 1360 1501 1449 testificatur.
1518 1366 1679 1449 Romani
1694 1394 1810 1483 ergo,
1825 1398 1955 1485 quam·¹

510 1491 577 1578 diu
605 1489 753 1607 regibus
773 1502 975 1600 paruerunt
992 1541 1005 1587 ,
1022 1507 1162 1613 magna
1185 1478 1388 1565 concordia
1413 1483 1566 1588 vixere,
1593 1485 1729 1598 paucis.
1751 1510 1788 1571 et
1812 1488 1956 1604 exiguis

509 1609 645 1720 injuriis
668 1632 707 1693 et
731 1599 996 1690 calamitatibus
1024 1598 1181 1714 agnati.
1211 1602 1373 1696 Constat
1401 1602 1501 1702 enim
1531 1628 1677 1716 praeter
1706 1605 1956 1719 Tarqumr'um

509 1730 722 1844 Superbum
737 1786 751 1831 ,
766 1722 832 1839 qui
857 1750 939 1806 non
963 1745 1027 1802 rex
1050 1716 1120 1801 fuit
1135 1776 1148 1822 ,
1165 1717 1230 1803 sed
1258 1719 1398 1805 cunctis
1429 1720 1632 1807 ratiombus
1665 1746 1844 1837 tyrannus
1860 1754 1953 1830 ,ee-

510 1872 610 1934 teros
635 1871 768 1932 omnes
792 1868 897 1958 reges
920 1837 1035 1951 justos
1056 1831 1164 1920 faisse
1195 1862 1234 1922 et
1258 1838 1499 1926 moderatos.
1531 1844 1633 1924 Nam
1656 1838 1952 1958 quod-Tarqui-

508 1964 592 2050 nius
607 1966 714 2050 idem
735 1961 904 2047 Servium
919 1954 1085 2040 Tullium
1103 1983 1232 2071 regem
1252 1953 1459 2064 interfecit,
1477 1983 1515 2044 et
1538 1957 1673 2070 iniussu
1690 1963 1877 2067 Senatus,
1899 1961 1952 2049 in-

509 2082 668 2200 titoque
683 2078 827 2198 populo
856 2074 1051 2190 imperium
1079 2073 1244 2181 invasit,
1272 2076 1373 2160 nulla
1396 2077 1506 2193 culpa
1530 2079 1635 2195 regni
1651 2105 1738 2185 est,
1760 2079 1829 2165 sed
1857 2077 1950 2190 inju-

508 2202 650 2288 stissimi
670 2227 709 2288 et
724 2194 1023 2315 importunissimi
1045 2192 1205 2277 hominis
1230 2191 1412 2311 flagitium
1431 2259 1444 2304 ,
1460 2196 1580 2313 quiin
1596 2226 1642 2282 ea
1657 2197 1809 2286 civitate
1825 2259 1836 2301 ,
1852 2228 1949 2312 quac

342 2316 496 2383 '‘“q⁰³¹¹¹¹¹⁵
510 2319 703 2409 'ustissimo
717 2345 757 2404 et
771 2312 1027 2403 honestissimo
1052 2337 1154 2397 statu
1177 2311 1409 2430 imperioque
1433 2312 1653 2423 fruebatur,
1674 2315 1822 2403 sublato
1839 2345 1948 2433 rege,

315 2350 747 2556 llllimll·{y„,nid„,
770 2434 971 2551 occupavit
986 2494 1014 2566 '.
1030 2434 1132 2514 Nam
1149 2429 1250 2566 justo
1265 2433 1426 2550 principe
1443 2460 1580 2521 necato
1597 2497 1609 2539 ,
1628 2435 1678 2522 ad
1700 2465 1807 2521 suam
1834 2434 1950 2521 libidi-

333 2519 345 2554 ῐ
389 2516 408 2553 [ι

317 2518 387 2557 ‘cm
506 2588 596 2643 nem
617 2558 739 2644 invitis
759 2556 939 2668 imperare
954 2613 967 2656 ,
983 2549 1197 2664 crviumque
1225 2575 1360 2639 ramore
1388 2583 1525 2669 corpus
1553 2553 1701 2639 armatis
1717 2553 1946 2670 circumsepi-

507 2706 574 2783 re,
592 2674 824 2793 cognitiones
852 2701 977 2757 rerum
1000 2668 1211 2782 capitalium
1235 2698 1302 2784 per
1325 2701 1363 2757 se
1387 2672 1463 2757 sine
1479 2672 1633 2757 consilio
1653 2671 1787 2758 scilicet
1810 2673 1944 2779 obire,

505 2820 551 2881 ut
565 2825 630 2911 per
651 2824 736 2880 eam
753 2790 987 2877 occasionem
1012 2789 1183 2874 occidere
1199 2848 1212 2892 ,
1228 2787 1267 2872 in
1285 2790 1611 2877 exsilium‘mittere
1624 2836 1643 2898 ·,
1666 2791 1829 2878 ethonis
1847 2790 1947 2875 mul-

320 2952 436 3008 msrur
450 2940 607 3002 ex-ctare
631 2938 784 3030 posset,
809 2935 849 2995 et
874 2909 924 2994 sic
948 2907 1174 3023 optimatum
1201 2913 1401 2997 numerum
1429 2911 1677 3015 imminuere,
1705 2911 1815 3025 quod
1849 2912 1946 2994 Tar·

319 3019 655 3151 {fallsfssl‘fqanius
672 3095 684 3138 ,
703 3056 745 3115 ut
761 3029 885 3115 livius
909 3022 1019 3113 refert
1034 3088 1047 3130 ,
1064 3023 1220 3112 faciebat
1237 3053 1259 3131 3⁴
1273 3031 1366 3144 quid
1393 3054 1474 3116 etat
1496 3027 1595 3115 aliud
1613 3056 1730 3144 quam
1762 3055 1866 3112 mera
1886 3052 1976 3142 ty·f

320 3146 452 3184 ¹¹²⁰⁶³³¹⁸⁰
505 3150 657 3240 tannis?
685 3148 788 3233 Nihil
813 3147 926 3348 igitur
949 3141 1109 3230 afferunt
1127 3207 1139 3250 ,
1156 3145 1223 3259 qui
1237 3147 1341 3231 Bruti
1357 3209 1369 3253 ,
1385 3147 1592 3252 Collatini,
1614 3145 1778 3230 Lucretii
1806 3170 1847 3231 et
1866 3147 1946 3231 Va·

505 3271 582 3359 lerii
601 3267 789 3385 praeclaro
828 3265 976 3351 acinote
1003 3287 1042 3349 et
1064 3262 1278 3350 testimonio
1304 3266 1569 3380 rempublicam
1597 3261 1716 3382 regno
1733 3258 1941 3379 praeferen-

505 3391 596 3478 dam
622 3384 886 3474 contendunt:
912 3382 1021 3500 quod
1038 3381 1105 3468 viri
1130 3380 1263 3496 optimi
1288 3381 1620 3498 etprudentissimi
1651 3380 1849 3496 imperium
1866 3387 1946 3469 Ro·

504 3537 662 3596 manum
677 3533 723 3591 ex
747 3532 866 3621 regno
889 3502 928 3585 in
953 3499 1220 3614 rempublicam
1238 3504 1423 3589 ¹mutandi
1448 3525 1619 3586 auctores
1653 3497 1832 3585 fuerunt.
1853 3502 1939 3586 Ho-

503 3658 589 3715 rum
614 3651 801 3739 namque,
818 3620 978 3705 maxime
992 3618 1096 3702 Bruti
1111 3679 1124 3722 ,
1141 3618 1206 3732 qui
1220 3619 1388 3735 princeps
1412 3618 1692 3734 conspirationis
1713 3615 1783 3703 fuit
1799 3680 1812 3724 ,
1827 3616 1945 3728 justis

505 3748 596 3832 sima
618 3746 698 3829 laus
726 3765 781 3826 est
797 3801 809 3845 ,
825 3739 962 3854 quod,
982 3735 1127 3848 dejecto
1142 3737 1351 3849 Tarquinio
1374 3737 1633 3852 superbissimo
1659 3762 1852 3852 tyranno,
1923 3780 1946 3802 ·

506 3864 616 3951 triam
645 3861 820 3947 servitute
848 3856 1074 3959 liberamur,
1092 3879 1131 3938 et
1153 3856 1423 3970 rempublicam
1446 3884 1492 3941 ex
1516 3855 1675 3970 pessimo
1697 3878 1798 3941 statu
1812 3852 1852 3939 in
1866 3767 1942 3942 iii-

509 4012 611 4070 mam
637 3979 771 4092 justam
799 4000 837 4061 et
854 3972 1098 4059 commodam
1114 3995 1380 4059 mutaverunt.

564 4103 664 4185 Xlll.
724 4093 846 4189 Quod
860 4118 992 4182 autem,
1007 4119 1053 4175 ex
1067 4088 1266 4203 tyrannide
1283 4091 1579 4208 rempublicam,
1602 4120 1679 4209 qua
1692 4090 1859 4208 pluribus
1875 4094 1946 4178 im·

504 4219 649 4335 perium
678 4212 1016 4299 communicarent
1033 4271 1046 4314 ,
1063 4208 1336 4297 constituerunt
1353 4273 1365 4317 ,
1384 4213 1510 4327 potius
1541 4242 1658 4328 quam
1687 4212 1727 4295 in
1751 4213 1943 4325 pristinam

505 4336 612 4454 regni
639 4331 800 4417 formam
828 4331 1094 4431 restintcrunt,
1118 4352 1162 4412 ut
1183 4356 1282 4414 unus
1305 4330 1362 4418 vir
1380 4331 1547 4446 optimus
1576 4355 1615 4416 er
1640 4329 1946 4444 pmdentissimus

506 4451 638 4571 populi
657 4446 860 4566 suffragio,
880 4473 947 4534 aut
975 4449 1053 4560 jure
1076 4445 1509 4565 hereditarioperpetuo
1538 4447 1693 4565 imperio
1711 4447 1947 4563 praeficere·

509 4599 571 4660 tur
587 4604 600 4678 3
616 4570 707 4656 nihil
730 4569 844 4654 habet
862 4628 874 4671 ,
894 4567 1001 4683 quod
1017 4565 1064 4651 sit
1086 4593 1318 4683 magnopere
1335 4566 1596 4703 gloriandum.
1623 4571 1726 4652 Nam
1744 4595 1829 4654 suae
1843 4564 1952 4682 quis-

505 4721 583 4808 que
609 4687 795 4807 dignitatis
826 4683 1010 4770 rationem
1038 4685 1208 4770 habuisse
1236 4686 1354 4773 viden
1385 4683 1544 4802 possum
1562 4684 1742 4802 ,quippe
1762 4684 1814 4770 ad
1842 4713 1945 4799 quos

503 4811 640 4896 summi
665 4807 898 4924 magistratus
920 4799 1024 4888 facile
1048 4799 1307 4911 deferrentur,
1334 4830 1379 4890 ut
1407 4802 1550 4892 factum
1583 4830 1662 4891 est.
1694 4808 1799 4889 Nam
1820 4802 1952 4919 primi

505 4927 692 5028 Consules
710 4928 848 5016 Brutus
863 4947 902 5011 et
915 4920 1122 5011 Collatinus
1136 4918 1291 5012 fuerunt
1305 4983 1319 5032 ,
1335 4948 1464 5014 tamen
1478 4923 1699 5044 reipublicae
1723 4923 1848 5013 multo
1866 4947 1951 5010 me‹·

1882 5040 1953 5132 lius
