4006 5850
491 373 561 444 452
646 362 650 367 ’
831 345 1296 424 nuntiabuntur
1321 353 1517 429 orsitus.

474 473 629 592 quaein
645 473 765 561 rebus
778 473 931 591 agendis
949 499 1144 562 versantur
1159 537 1177 583 t,
1202 481 1255 565 ob
1283 509 1412 565 earum
1439 478 1753 569 incertitudinem.
1790 478 1915 590 ltaque

324 703 326 706 y
476 599 622 678 decreta
641 654 654 700 ,
678 595 826 708 inquit,
844 608 904 697 ert
917 611 1010 701 opus
1028 592 1053 704 ·(
1065 594 1139 680 hoc
1155 621 1210 681 est
1226 656 1240 702 ,
1255 595 1551 712 dispensatione,
1569 599 1618 682 sic
1634 599 1735 684 enim
1769 627 1914 685 necesse

286 701 463 822 „pnssudt
476 737 532 797 est
546 711 803 826 interpretari)
826 719 993 816 quoniam
1009 710 1221 813 indefinitae
1241 723 1299 799 rei
1314 712 1506 813 indefinita
1522 742 1649 800 norma
1666 733 1740 800 est.
1762 717 1785 758 *
1802 719 1913 811 Quae

286 820 463 930 'itit-initii
478 830 643 915 Christus
659 858 739 914 non
755 891 768 937 ‚
783 854 828 914 ut
844 829 1001 913 arbitror
1018 886 1033 932 ,
1056 831 1232 945 ignorans
1249 892 1261 938 ,
1279 861 1347 917 nec
1362 833 1560 919 immemor
1577 893 1589 936 ,
1615 835 1830 949 complures
1858 864 1908 918 es·

289 946 385 997 noman
400 935 462 985 arti·

287 996 465 1057 mmm,
478 977 516 1033 se
531 947 630 1064 leges
645 947 858 1032 hominibus
873 976 896 1029 a
912 976 951 1031 se
967 945 1015 1031 de
1038 950 1148 1034 rebus
1163 950 1346 1065 agendis,
1367 951 1441 1036 hoc
1458 975 1514 1036 est
1528 1011 1540 1054 ,
1556 951 1701 1048 incertis
1727 977 1768 1038 et
1786 951 1913 1036 hadeli-

289 1058 466 1172 {ffifffillg
478 1066 562 1151 nitis
578 1067 710 1171 datas,
733 1094 831 1180 quae
848 1063 915 1148 nisi
936 1062 1134 1177 prudentia
1158 1067 1390 1181 cujuspiam,
1415 1069 1480 1182 qui
1497 1092 1642 1181 praesto
1669 1071 1743 1174 sit,
1772 1091 1914 1182 tempe·

479 1208 608 1270 rentur
626 1246 639 1291 ,
655 1212 801 1270 necesse
816 1179 927 1266 fuerit
950 1180 1137 1267 ecclesiam
1160 1213 1265 1269 suam
1282 1213 1391 1299 saepe
1420 1183 1656 1272 difficultates
1687 1186 1912 1271 inextricabi-

479 1301 533 1389 les
547 1303 731 1389 incurrere
748 1332 757 1384 :
776 1329 965 1403 summum
986 1300 1217 1387 sacerdotem
1243 1302 1281 1385 in
1307 1302 1409 1387 tetris
1424 1302 1512 1388 loco
1528 1302 1583 1386 sui
1599 1329 1688 1388 cum
1717 1331 1867 1387 summa
1879 1303 1915 1386 li·

431 1517 445 1541 .
481 1421 598 1538 gandi
613 1445 651 1505 et
680 1416 896 1508 absolvendi
919 1424 1103 1531 potestate
1127 1418 1303 1533 reliquit,
1336 1419 1404 1532 qui
1436 1419 1655 1534 reipublicae
1686 1421 1915 1505 Christianae

480 1538 634 1652 ejusque
649 1537 789 1653 legibus
815 1559 1024 1650 praeesset,
1051 1562 1096 1618 ac
1123 1536 1171 1622 de
1197 1538 1306 1620 rebus
1331 1536 1479 1651 singulis
1508 1561 1622 1621 extra.
1640 1538 1820 1623 ordinem
1836 1538 1917 1622 ind-

482 1657 656 1742 dentibus
678 1681 847 1768 praesens
864 1681 934 1766 pro
955 1651 1125 1737 bonitate
1149 1650 1187 1738 et‘
1217 1653 1435 1768 aequitate,
1461 1654 1569 1767 quod
1594 1655 1632 1738 in
1661 1678 1786 1739 tanta·
1804 1684 1916 1740 rerum

481 1771 696 1884 hujusmodi
712 1772 889 1858 varietate
904 1767 1029 1879 justius
1045 1829 1057 1874 ,
1075 1768 1364 1885 hominibusque
1378 1771 1617 1856 commodius
1642 1798 1843 1877 censeret,
1868 1800 1917 1857 et·

481 1888 556 1974 iam
573 1915 717 2006 praeter
742 1888 864 2004 legem
887 1884 1126 1972 decerneret:
1155 1891 1264 2002 quod
1287 1890 1324 1971 in
1342 1887 1484 2003 legibus
1510 1889 1724 2002 dispensare
1756 1889 1912 1974 dicimus

482 2012 602 2124 Leges
616 2034 780 2122 namque
797 2003 909 2088 etiam
934 2002 1075 2089 divinas
1103 2004 1312 2090 commodis
1341 2005 1525 2120 salutique
1555 2005 1766 2091 hominum
1792 2008 1918 2092 servire

484 2124 648 2229 debere,
671 2153 751 2208 non
766 2123 858 2207 haec
874 2148 952 2205 esse
968 2145 1120 2235 propter
1134 2122 1233 2238 leges
1260 2121 1497 2227 deserenda,
1520 2123 1692 2208 Christus
1722 2123 1823 2208 haud
1845 2125 1916 2208 du-

483 2241 543 2327 bie
559 2265 689 2326 auctor
706 2239 815 2355 estin
840 2237 1056 2354 evangelio,
1082 2239 1149 2322 ubi
1163 2240 1361 2325 sabbatum
1377 2235 1520 2324 lactum
1536 2238 1551 2352 (
1567 2241 1727 2347 hoc'est‚
1742 2241 1911 2357 legemde

367 2448 369 2452 ,
478 2351 745 2462 ‘observatione
763 2355 905 2442 sabbati
918 2355 1046 2440 datam
1061 2382 1137 2440 esse
1154 2355 1168 2468 )
1195 2382 1348 2472 propter
1364 2355 1557 2443 hominem
1574 2418 1586 2462 ‚
1616 2386 1698 2444 non
1729 2357 1918 2442 hominem

484 2504 636 2594 propter
648 2477 845 2562 sabbatum
863 2474 966 2557 clara
991 2500 1088 2558 voce
1110 2471 1321 2586 profitetur.
1349 2474 1500 2570 Quoin
1526 2472 1614 2560 loco
1644 2475 1776 2561 David
1802 2475 1917 2558 consi·

485 2593 605 2701 lium,
626 2593 694 2711 qui
714 2622 802 2679 cum
826 2591 896 2676 suis
911 2589 1124 2676 necessitate
1139 2586 1244 2677 famis
1266 2591 1491 2678 adhortante
1515 2591 1781 2707 propositionis
1804 2620 1915 2707 panes

485 2712 570 2797 solis
584 2710 835 2826 sacerdotibus
854 2709 893 2793 in
908 2709 1036 2792 cibum
1052 2708 1134 2824 lege
1150 2708 1277 2795 divina
1306 2710 1530 2825 permissos,
1556 2710 1794 2824 dispensante
1819 2714 1916 2794 Pon·

487 2827 585 2914 tilice
598 2890 611 2936 ,
626 2829 816 2933 comedit,
831 2850 980 2911 tanmm
1005 2826 1134 2931 abest,
1149 2852 1192 2913 ut
1209 2827 1435 2933 damnaret,
1457 2853 1502 2913 ut
1530 2855 1730 2942 tamquam
1751 2853 1850 2913 recta
1864 2856 1918 2911 ra·

487 2946 592 3032 tione
606 2947 740 3033 initum
753 2946 791 3030 in
807 2943 1071 3058 discipulorum
1086 2973 1241 3059 suorum
1254 2945 1531 3031 exornationem
1545 2945 1776 3061 allegaverit.

546 3063 672 3149 XXV.
729 3052 805 3148 Ad
811 3065 902 3146 haec
920 3123 933 3168 ,
957 3056 1111 3176 inquis,
1135 3068 1393 3170 inerpretatio
1408 3068 1528 3172 legum
1547 3078 1605 3146 est
1621 3124 1634 3167 ,
1648 3087 1800 3168 quamn
1819 3080 1922 3173 prae·

487 3190 609 3291 ceptis
638 3184 817 3264 secundae
840 3182 987 3263 tutatae
1008 3186 1181 3284 plerique
1207 3181 1365 3290 theologi
1382 3195 1424 3262 ⁴et
1440 3188 1480 3262 in
1506 3180 1568 3263 his
1588 3180 1728 3263 Scotus
1754 3207 1823 3265 non
1857 3208 1914 3263 ear·

485 3303 665 3401 eludunt3
690 3326 754 3387 nos
769 3311 889 3381 autern
906 3299 952 3378 de
966 3299 1302 3406 dispensationibus
1317 3303 1577 3407 disputamus:
1607 3305 1709 3406 leges
1732 3317 1850 3406 parra
1870 3307 1918 3378 in-

487 3423 692 3527 terpretari
710 3408 931 3525 prudentiae
945 3428 1055 3519 atque
1072 3419 1262 3498 doctrinae
1277 3423 1500 3524 sapientium
1517 3421 1688 3503 meorum
1711 3431 1917 3518 manasen,

488 3560 557 3618 non
566 3530 783 3644 pontificiae
806 3534 1016 3644 majestatis
1040 3529 1219 3639 offitium.
1250 3533 1356 3636 Scio,
1375 3533 1484 3647 quod
1498 3561 1610 3646 supra
1637 3555 1798 3618 testatus
1824 3562 1925 3635 sum,

375 3715 379 3720 -
489 3652 693 3737 nonnullos
714 3675 791 3736 esse
810 3647 1012 3763 theologos
1037 3705 1052 3752 ,
1081 3648 1149 3763 qui
1163 3709 1176 3754 ‚
1188 3677 1276 3734 cum
1305 3677 1345 3734 rc
1370 3649 1685 3764 dispensationem
1702 3648 1924 3736 naturalium

490 3767 776 3884 divinarumque
789 3763 917 3882 legum
929 3763 1158 3870 admittant,
1187 3764 1308 3851 verbis
1331 3766 1529 3852 excludant
1547 3794 1562 3870 ·,
1577 3790 1615 3851 et
1636 3766 1820 3853 invidiam
1845 3794 1920 3852 ver·

489 3884 528 3968 bi
542 3882 724 4002 fugientes
741 3944 754 3990 ,
779 3883 817 3966 in
832 3912 894 3968 eas
910 3881 1252 3994 interpretationem
1266 3883 1398 3968 cadere
1425 3913 1533 3999 posse
1552 3885 1678 3970 dicant
1696 3946 1709 3989 ,
1740 3884 1917 3999 dispensa·

474 4003 632 4089 tionem
661 4026 825 4118 negent:
855 3998 1077 4116 quasivero
1105 3998 1312 4113 dispensare
1336 4000 1547 4115 quidquam
1577 4002 1679 4088 aliud
1714 4002 1787 4106 sit,
1811 4027 1923 4116 quam

487 4119 609 4237 legem
638 4117 812 4235 prudenti
848 4115 1149 4231 interpretatione
1188 4145 1259 4231 pro
1272 4184 1275 4194 .
1290 4119 1521 4204 nascentium
1552 4149 1678 4204 rerum
1711 4118 1920 4206 necessitate

480 4237 832 4352 -commoditateque
862 4236 903 4321 in
943 4233 1052 4319 unius
1082 4232 1293 4347 pluriumve
1326 4263 1436 4323 causa
1482 4236 1626 4324 mollire·
1656 4261 1697 4323 et
1738 4238 1916 4322 relaxare:

488 4382 586 4468 quae
601 4352 854 4467 interpretatio
875 4379 1108 4466 quamquam
1123 4350 1311 4437 interdum
1326 4353 1462 4468 scripto
1488 4354 1578 4469 legis
1604 4353 1845 4469 aliquatenus
1859 4351 1920 4437 ad·

488 4495 682 4574 rosetus,
704 4497 832 4556 tamen
845 4469 1026 4583 quoniam
1051 4467 1126 4552 hoc
1149 4467 1276 4578 justius
1300 4498 1378 4555 esse
1394 4471 1712 4586 commodiusque
1737 4498 1843 4557 recta
1872 4499 1919 4555 ra·

488 4588 543 4674 tio
558 4612 597 4674 et
619 4617 674 4673 res
686 4589 763 4703 ipsa
787 4587 929 4692 docet,
952 4583 1072 4701 legem
1087 4585 1174 4669 huic
1194 4614 1275 4671 non
1301 4589 1450 4673 obstare
1474 4576 1625 4675 decreto
1650 4590 1831 4703 quodam
1857 4588 1917 4673 dr·

422 4699 425 4706 ’
487 4705 670 4792 claratut:
695 4703 804 4820 quod
829 4703 908 4788 sive
934 4703 1274 4817 interpretationem
1290 4733 1382 4807 ,seu
1399 4704 1488 4822 legis
1521 4706 1781 4820 exceptionem
1814 4728 1917 4811 ,aut

485 4823 740 4942 privilegium,
760 4820 836 4911 sive
861 4819 1129 4936 indulgentiam
1145 4819 1313 4938 principis
1328 4823 1489 4940 appeler
1500 4884 1513 4934 ,
1534 4823 1640 4911 haud
1653 4825 1838 4943 equidem
1859 4822 1917 4912 ad·

1840 4971 1918 5028 nto·

316 2193 397 2248 Marc.
416 2204 441 2243 a.
