4050 5858
488 363 556 430 ma
956 314 1432 433 Damocunras

464 516 544 578 ram
562 552 574 594 ,
592 512 675 575 rum
692 485 754 575 vel
779 484 940 573 maxime
967 484 1153 600 quoniam
1179 489 1360 573 Socrates·
1373 509 1412 574 et
1435 483 1544 574 Plato
1561 487 1654 603 ,qui
1677 507 1856 601 poterant
1882 486 1921 570 in

464 608 747 694 contentionem
770 604 930 708 venire,
955 604 1046 689 nihil
1068 606 1148 691 tam
1173 631 1318 692 certurn
1347 634 1424 693 esse
1448 606 1517 691 rati
1533 668 1546 712 ‚
1564 605 1673 724 quod
1692 632 1771 689 non
1788 629 1917 718 posset

465 728 503 813 in
520 728 706 814 diversum
724 724 871 840 paribus
891 751 1012 837 paene
1029 724 1220 810 rationum
1250 723 1450 811 momentis
1465 724 1628 811 inclinari
1645 786 1658 830 ,
1674 722 1806 809 omnia
1821 751 1915 839 pro-

464 847 672 964 pemodum
688 845 726 930 in
743 844 871 931 medio
897 842 1077 957 reliquere
1097 904 1110 949 ,
1126 843 1166 927 in
1192 867 1393 960 utramque
1414 867 1561 960 partem
1579 843 1834 959 disputantes.
1868 848 1914 930 A·

464 965 643 1052 ristoreles
671 989 797 1051 autem
822 986 866 1065 ut
892 961 1027 1047 arbiter
1058 962 1282 1049 honorarius
1311 992 1347 1049 a.
1365 987 1500 1049 natura
1531 961 1668 1068 datus,
1691 985 1772 1046 tarn
1795 960 1912 1047 scien-

464 1109 521 1171 tet
546 1084 693 1171 diremit
718 1082 885 1198 priorum
904 1080 1217 1195 philosophorum
1243 1082 1546 1189 controversias,
1569 1105 1725 1196 tamque
1752 1080 1914 1194 pruden-

464 1228 521 1289 ter
542 1204 669 1289 statuit
687 1203 735 1288 de
757 1202 801 1287 vi
821 1228 945 1286 rerum
971 1200 1196 1286 naturalium
1215 1261 1228 1305 ,
1245 1224 1284 1286 et
1303 1202 1402 1286 bene
1427 1230 1471 1286 ac
1494 1202 1606 1287 beate
1633 1197 1788 1288 vivendi
1805 1200 1912 1286 rario-

466 1350 515 1408 ne
533 1384 545 1426 ,
562 1348 606 1408 ur
629 1322 705 1433 eius
722 1321 821 1406 dicta
841 1380 854 1424 ,
873 1347 953 1403 non
970 1344 1168 1433 praecepta
1190 1318 1404 1436 philosophi
1421 1379 1435 1424 ,
1451 1321 1517 1407 sed
1550 1344 1706 1405 naturae
1734 1318 1838 1436 leges
1864 1344 1918 1405 ar·

465 1469 541 1557 que
562 1443 711 1526 decreta
737 1464 858 1523 rectae
882 1437 1032 1522 rationis
1047 1466 1124 1522 esse
1141 1497 1153 1543 ,
1171 1436 1385 1524 doctorum.
1400 1435 1478 1524 fere
1502 1466 1688 1524 consensu
1704 1436 1917 1524 videantur.

526 1561 609 1643 Xll.
670 1565 807 1672 Neque
832 1554 932 1640 enim
957 1555 1047 1639 alios
1075 1556 1191 1642 video
1221 1551 1340 1671 (pace
1364 1581 1467 1664 tua,
1495 1557 1721 1672 leopolde,
1743 1555 1919 1673 dixerim)

466 1676 628 1783 nimiae,
647 1704 690 1763 ut
715 1676 780 1790 ipsi
802 1674 995 1792 garriunt,
1016 1672 1226 1758 auctoritati
1247 1675 1460 1791 philosophi
1486 1675 1597 1788 hujus
1618 1673 1919 1780 obmurmurare,

463 1796 529 1881 nisi
548 1826 612 1882 eos
629 1795 793 1913 ,quibus
819 1794 877 1878 ille
905 1791 1019 1907 paulo
1044 1792 1171 1877 notior
1200 1819 1255 1880 cst
1271 1855 1282 1899 ,
1299 1792 1417 1909 quarn
1443 1794 1693 1910 Empedocles
1728 1816 1793 1879 aut
1814 1797 1920 1880 Ana·

464 1942 650 2032 xagoras,
682 1944 780 2031 quos
809 1913 899 1999 olim
928 1906 1036 1996 fuisse
1066 1910 1207 1996 nobiles
1240 1911 1482 2028 philosophos
1511 1913 1740 2000 audierunt.
1779 1911 1923 2011 Quales

464 2061 552 2119 sunt
576 2034 651 2118 hoc
681 2059 853 2147 tempore
876 2028 1069 2143 impietatis
1094 2030 1333 2118 Luthetanae
1359 2032 1549 2151 magistri,
1565 2030 1634 2148 qui
1653 2029 1775 2117 omnis
1798 2029 1925 2146 philo-

465 2150 616 2266 sophiae
644 2180 688 2236 ac
719 2148 935 2265 theologiae
963 2147 1218 2234 reconditioris
1248 2173 1444 2266 expertes,
1462 2150 1564 2239 inani
1590 2149 1751 2267 quadarn
1781 2179 1923 2266 garru-

467 2268 569 2356 litate
586 2332 598 2377 ,
615 2298 732 2386 quam
758 2269 874 2379 solam
899 2272 1132 2353 Graecarum
1153 2266 1449 2387 Latinarumque
1469 2264 1675 2357 litterarum
1691 2267 1815 2354 studio
1831 2293 1922 2353 sunt

467 2389 656 2477 consecuti
671 2450 684 2496 ,
701 2390 1018 2491 intumescentes,
1044 2388 1093 2472 de
1118 2386 1285 2472 maximis
1310 2390 1426 2495 viris,
1450 2419 1549 2505 quos
1574 2389 1637 2477 vix
1662 2387 1712 2473 de
1737 2382 1830 2470 facie
1848 2444 1863 2492 ,
1878 2409 1926 2471 ut

277 2545 374 2610 Quibus
391 2534 456 2586 aava·
469 2507 599 2594 dicitur
616 2569 629 2614 ,
647 2531 838 2595 noverunt
853 2563 866 2610 ,
880 2507 995 2589 stulte
1023 2529 1061 2591 et
1086 2506 1382 2622 arrogantissime
1408 2509 1598 2620 judicant:
1620 2503 1862 2593 Aristotelem
1884 2527 1928 2590 ut

277 2622 305 2658 sa
318 2605 351 2652 sit
362 2599 457 2647 Aristo·

274 2668 336 2717 aens
363 2656 457 2709 aocet·
469 2623 669 2739 profanum
697 2650 736 2711 et
763 2626 813 2709 ab
842 2623 948 2708 omni
972 2649 1077 2736 parte
1106 2623 1290 2740 religionis
1317 2654 1490 2713 aversum
1514 2625 1745 2740 rejicientes,
1771 2648 1811 2709 et
1839 2651 1927 2709 cram

277 2719 458 2851 llxihdhii
472 2743 562 2830 alios
582 2743 818 2830 scholasticos
840 2741 1042 2856 theologos
1063 2739 1286 2828 damnantes
1301 2806 1314 2850 ,
1328 2769 1373 2832 ut
1398 2746 1510 2833 valde
1531 2742 1824 2859 Peripateticos,
1845 2764 1928 2827 tum

279 2842 510 2946 ¹¹¹²'ud¹⁶¹¹¹m'in
539 2862 662 2977 primis
687 2864 881 2947 Thomam
900 2860 1155 2975 Aquinatem:
1174 2861 1235 2946 cui
1265 2892 1327 2949 me
1353 2860 1480 2976 judice
1509 2862 1537 2946 si
1566 2892 1693 2948 rerum
1717 2860 1928 2948 divinarunt

474 3004 512 3066 et
527 2981 781 3067 humanarum
795 2977 974 3065 ‚scientiae
997 3008 1063 3095 par
1087 2975 1241 3065 facultas
1266 2982 1445 3069 orationis
1468 2981 1683 3099 contigisset
1697 3009 1699 3011 ’
1713 2979 1764 3064 ad
1790 3007 1835 3064 ea
1859 2978 1932 3064 dis·

474 3099 654 3214 ponenda
676 3124 717 3185 et
744 3096 958 3184 illustranda
975 3157 987 3203 ,
1003 3126 1103 3211 quae
1127 3129 1276 3186 summo
1304 3102 1457 3219 ingenio
1487 3123 1527 3186 et
1558 3097 1762 3186 incredibili
1794 3096 1931 3184 doctri·

477 3246 527 3301 na
555 3214 676 3305 fuerat
701 3240 924 3304 consecutus
941 3245 953 3321 3
971 3239 1051 3300 erat
1079 3212 1233 3302 fortasse
1262 3219 1391 3336 aliquis
1420 3248 1466 3306 ex
1498 3220 1687 3306 veteribus
1714 3215 1930 3335 theologi,

477 3335 647 3451 quicum
663 3337 744 3451 ipso
772 3330 930 3421 conferri
948 3357 1096 3451 posset:
1114 3364 1230 3450 quem
1251 3364 1379 3425 autem
1406 3334 1676 3426 antefertemus
1700 3335 1826 3421 eidem
1842 3394 1854 3440 ,
1869 3334 1936 3418 ha·

284 3500 393 3548 veteres
409 3492 463 3561 aa
477 3455 649 3542 heremus
671 3480 771 3542 cette
797 3452 1006 3539 neminem.
1037 3454 1235 3548 Quoniam
1267 3457 1378 3574 igitur
1408 3458 1465 3544 isti
1493 3458 1627 3575 nugari
1650 3452 1768 3571 paulo
1794 3449 1933 3539 ornati·

253 3627 259 3639 =
286 3557 361 3668 llll
373 3565 467 3663 heriii
479 3605 523 3660 us
549 3574 709 3661 didicere
725 3637 738 3682 ,
754 3572 917 3677 idcirco,
935 3572 990 3657 his
1016 3571 1219 3689 neglectis,
1237 3577 1424 3663 veteribus
1450 3574 1516 3662 illis
1538 3578 1781 3689 Hieronymo
1801 3597 1842 3658 et
1857 3574 1935 3657 Au·

286 3673 467 3799 iiiro‘iii‘iii'
481 3693 663 3810 gustino,
689 3719 756 3780 aut
777 3722 823 3779 ex
849 3691 1001 3777 Graecis
1024 3692 1181 3809 Origeni
1207 3694 1275 3779 -vel
1298 3695 1486 3781 Clementi
1517 3724 1556 3782 se
1584 3693 1714 3781 similes
1744 3720 1824 3778 esse
1841 3753 1854 3798 ,
1871 3716 1937 3794 ac,

287 3811 354 3848 ‘¹¹¹³‘
481 3813 510 3897 si
531 3812 652 3928 placet
668 3817 754 3898 Deo
771 3818 903 3925 ,pares
927 3810 1039 3896 etiarn
1064 3811 1181 3897 videri
1197 3811 1357 3900 volunt:
1374 3842 1475 3929 quos
1502 3842 1583 3900 non
1608 3812 1729 3899 modo
1755 3811 1935 3926 eloquen-

441 3926 443 3931 '
482 3929 534 4016 tia
565 3954 604 4015 et
629 3930 799 4016 altissima
824 3929 1041 4044 cognitione
1069 3927 1286 4043 praestitisse
1313 3957 1463 4021 constat
1491 3960 1678 4019 sacrarum
1704 3928 1935 4029 litterarum,

483 4047 549 4134 sed
579 4047 691 4133 etiarn
716 4047 894 4134 instudio
925 4047 1181 4162 philosophiae
1209 4050 1371 4137 multum
1401 4050 1529 4138 aetatis
1544 4049 1812 4139 consumsisse.
1836 4042 1938 4141 Quis

484 4166 583 4251 enirn
601 4229 612 4273 ‚
630 4166 696 4282 qui
720 4166 837 4254 modo
867 4191 1056 4281 praestans
1084 4166 1174 4252 illud
1204 4171 1404 4288 Augustini
1432 4202 1530 4286 opus
1561 4170 1692 4287 legerit
1718 4172 1942 4252 decivitate

486 4285 595 4390 Dei,
626 4309 751 4399 potest
781 4287 900 4400 ipsum
932 4285 1097 4372 Platonis
1126 4282 1235 4374 fuisse
1265 4290 1571 4377 studiosissimum
1603 4292 1807 4406 ignorate?
1842 4288 1945 4368 Nam

486 4402 791 4516 Hieronymum,
810 4434 926 4519 quem
946 4405 989 4491 tu
1017 4404 1106 4490 mibi
1121 4402 1236 4520 paulo
1261 4433 1350 4494 ante
1376 4409 1600 4521 objiciebas,
1619 4436 1708 4492 cum
1730 4405 1807 4489 aliis
1824 4400 1943 4519 philo·

488 4519 612 4634 sophis
628 4526 775 4606 Graece
801 4548 839 4606 et
864 4523 996 4609 haene
1025 4523 1183 4611 multam
1210 4555 1364 4641 operam
1386 4529 1621 4642 praebuisse,
1642 4550 1727 4612 tum
1751 4524 1790 4608 in
1817 4518 1939 4636 primis

487 4638 678 4725 Aristoteli
707 4665 745 4726 et
770 4637 846 4753 ejus
870 4645 1016 4728 Graece
1037 4645 1242 4730 enarratori
1259 4645 1503 4752 Alexandro,
1533 4675 1615 4731 non
1637 4643 1760 4729 solum
1784 4637 1947 4725 Rufinus

297 4771 379 4834 apm.
392 4781 434 4833 ⁴³·
488 4757 755 4875 Aquilegiensis
785 4782 939 4845 testatur
954 4821 966 4867 ,
982 4762 1048 4848 sed
1078 4763 1155 4877 ipse
1187 4792 1346 4880 quoque
1378 4764 1427 4850 de
1451 4794 1490 4848 se
1515 4793 1595 4849 non
1626 4792 1708 4848 uno
1729 4761 1819 4846 loco
1850 4787 1943 4873 pro-

489 4872 640 4967 fitetur:
657 4906 728 4966 nec
753 4876 843 4967 iliud
872 4902 1001 4992 tacet,
1018 4909 1058 4969 sc
1090 4879 1346 4973 Aristotelicos
1375 4882 1576 4974 Alexandri
1605 4877 1900 4969 commentarios
1923 4902 1946 4959 e

1829 5002 1954 5083 Grae·
