4006 5850
656 374 878 449 arnan
925 374 984 444 rr.
1417 387 1495 471 ῃ.

66 503 173 611 scio,
199 531 248 592 an
263 502 434 592 omnium
459 501 654 608 maxima,
688 502 796 618 quod
820 502 1007 615 justorum
1027 486 1161 638 regum
1175 487 1290 620 atque‘
1305 405 1517 619 principiam

66 626 211 710 animos
235 624 397 709 inomni
426 621 613 737 republica
632 620 836 707 condenda
852 618 913 708 vel
942 620 1263 726 administranda,
1285 624 1423 708 ¹diviso
1438 644 1517 711 sao·

66 742 290 858 peimpulsu
306 742 453 858 magis,
466 770 589 857 'quarn
605 741 776 826 humano
794 737 949 824 consilio
963 735 1075 843 ferti,
1101 768 1146 825 ac
1161 739 1314 828 vicissin
1331 744 1516 850 revocari,

65 861 514 973 eorumdemquellerun
529 870 678 974 ,quam
694 857 928 973 privatorum
945 855 1146 946 hominum
1162 915 1177 965 ,
1202 857 1317 976 longe
1334 857 1520 969 majorem

66 1005 196 1064 claram
208 1006 352 1094 gerere,
367 977 638 1092 prudentissimi
646 975 819 1062 homines
837 975 943 1063 omni
959 976 1139 1063 memoria
1163 976 1270 1064 velut
1293 977 1391 1065 duce
1405 992 1515 1064 natu·
1720 1004 1722 1007 ·

66 1124 108 1182 ra
123 1095 364 1210 crediderunt
378 1157 394 1198 ,
407 1122 452 1182 ut
466 1095 660 1182 Homerici
684 1095 852 1182 Nestoris
877 1096 927 1182 de
942 1096 1091 1182 somnio
1107 1094 1257 1182 maximi
1279 1095 1513 1213 regisoratio

65 1212 244 1301 declarat.
271 1214 403 1309 Quam
419 1214 634 1300 homitibus
646 1214 793 1300 insitam
808 1214 1029 1330 opinionem
1045 1243 1125 1300 non
1144 1213 1266 1300 solum
1283 1219 1514 1332 magnorum

67 1332 380 1448 philosophorum
406 1332 606 1418 auctoritas
635 1333 766 1438 aurit,
800 1332 994 1418 sedetiam
1010 1331 1206 1418 oraculum
1223 1330 1314 1419 illud
1340 1333 1514 1423 divinum

69 1446 325 1536 confinnavit:
354 1448 430 1533 Cor
445 1458 551 1559 regis
565 1457 606 1547 in
617 1478 727 1535 manu
746 1453 851 1535 Dei:
872 1474 912 1535 et
926 1449 1018 1536 illud
1033 1511 1045 1554 ,
1060 1470 1134 1559 per
1148 1475 1322 1559 mereges
1338 1470 1510 1561 regnant,
1528 1439 1694 1550 lilim

69 1584 110 1651 at
123 1575 242 1677 tagum
271 1571 477 1652 conditores
490 1572 603 1676 justa
631 1571 865 1653 decernunt:
892 1587 966 1676 per
992 1594 1048 1651 me
1069 1574 1267 1677 principes
1291 1577 1480 1679 imperant
1495 1561 1710 1685 ,nillassifgif

69 1701 110 1769 et
128 1700 300 1794 potentes
327 1690 527 1770 manunt
540 1688 747 1793 justitiam.
780 1687 897 1772 Unde
921 1686 1182 1800 Augustinus:
1214 1685 1329 1794 Rex,
1360 1688 1511 1804 inquit,
1529 1691 1556 1733 “
1570 1691 1613 1746 ³⁵·

70 1806 252 1887 adoratur
267 1809 307 1884 in
319 1811 438 1886 toris
454 1818 641 1910 tamquam
655 1811 829 1890 vicarius
845 1806 925 1887 Dei
944 1803 1040 1917 ,qui
1071 1803 1145 1888 alio
1160 1829 1318 1918 quoque
1348 1805 1387 1889 in
1403 1805 1491 1892 loco
1500 1839 1518 1894 :¹

61 1923 186 2032 Rex,
202 1919 347 2035 inqrit,
364 1921 445 2004 Dei
456 1922 568 2005 habet
582 1929 780 2031 imaginem
793 1929 914 2027 ,naut
934 1925 1151 2030 Episcopus
1166 1919 1326 2004 Christi.
1357 1925 1517 2012 Accedit

74 2062 210 2152 quarta
225 2065 365 2141 causa,
394 2039 578 2154 quoniam
602 2038 683 2151 jura
706 2040 882 2156 legesque
906 2037 1023 2143 dare,
1046 2067 1179 2125 eorum
1196 2037 1429 2152 potissinum
1459 2042 1515 2127 di·

73 2155 206 2271 gnitati
229 2155 408 2243 convenit
432 2217 446 2263 ,
469 2186 635 2272 quorum
664 2156 820 2272 imperio
836 2155 926 2244 velis
951 2155 1046 2241 nolis
1073 2156 1281 2270 parendum
1312 2166 1380 2242 est.
1410 2160 1516 2244 Cum

76 2300 174 2386 ergo
191 2274 372 2387 principes
388 2301 432 2356 ac
458 2304 566 2392 reges
580 2304 626 2358 ea
653 2298 839 2391 potestate
858 2275 960 2379 sint,
984 2297 1029 2359 ut
1044 2277 1120 2359 sive
1143 2272 1237 2385 justa
1266 2273 1517 2388 praecipiant,

78 2389 156 2476 sive
172 2390 353 2503 imperent
369 2389 503 2503 iniusta
520 2453 532 2497 ,
550 2390 639 2475 nulli
654 2391 906 2502 subjectorum
932 2390 979 2475 sit
994 2413 1121 2476 tutum
1148 2403 1337 2476 recusate:
1368 2391 1519 2477 dubita
1607 2411 1609 2415 ’

74 2505 203 2592 rinon
219 2509 364 2614 dubet,
389 2508 482 2622 quin
508 2508 607 2627 leges
620 2509 814 2613 condere,
840 2507 1067 2623 easdemque
1083 2536 1197 2614 ‚cum
1219 2506 1439 2622 oportebit,
1461 2507 1518 2595 in·

75 2624 260 2732 tendere,
278 2653 323 2709 ac
339 2624 494 2711 vicissim
510 2625 726 2733 remittere,
752 2626 802 2712 ad
818 2626 914 2742 ipsos
929 2626 1088 2714 maxine
1111 2627 1308 2740 pertineat.

137 2745 207 2827 lV.
268 2745 363 2837 Quo
376 2743 590 2861 intelligitur
605 2743 699 2830 haec
718 2739 873 2829 facultas
893 2743 943 2830 ad
967 2772 1051 2829 eam
1066 2741 1299 2857 potissimum
1326 2741 1515 2831 scientiam
1530 2764 1586 2875 pp
1599 2765 1711 2878 geute·

74 2853 363 2974 doctrinamque
380 2858 530 2966 referri,
557 2892 656 2979 quae
671 2864 720 2948 ab
737 2861 935 2948 Aristotele
950 2853 1072 2975 atque*
1081 2860 1239 2947 Platone
1256 2859 1369 2947 civilis
1394 2860 1516 2949 scien·
1560 2838 1596 2878 π’
1638 2828 1710 2880 Μ

76 2976 128 3061 tia
145 3002 408 3088 nuncupatur,
435 2979 496 3063 cui
512 3006 652 3065 ceteras
675 3008 808 3065 omnes
824 2977 1027 3093 disciplinas
1050 2975 1232 3090 subjectas
1253 3005 1329 3062 esse
1346 2977 1518 3067 tradunt.¹

77 3096 116 3177 A
136 3092 239 3203 cujus
256 3094 435 3209 dignitate
451 3120 530 3181 tam
553 3096 684 3212 procul
701 3098 808 3182 abest
822 3095 990 3182 doctrina
1016 3094 1076 3179 illa
1092 3093 1277 3207 judiciaria
1288 3098 1303 3199 ',
1316 3123 1397 3210 qua
1408 3126 1514 3212 prae·

76 3232 177 3298 tores
203 3210 370 3297 instructi
387 3214 532 3328 populis
559 3215 640 3327 jura
655 3215 814 3320 dicunt,
840 3231 1043 3328 causasque
1058 3210 1159 3326 iuxta
1184 3211 1311 3328 legum
1327 3242 1350 3295 a
1368 3215 1516 3331 regibus

75 3327 313 3414 conditarum
331 3332 550 3446 praescripta
567 3331 784 3439 dijudicant,
800 3346 917 3447 quam
934 3354 1121 3445 praetores
1138 3329 1324 3445 aregibus
1341 3361 1351 3415 t
1371 3357 1413 3415 ut
1428 3331 1516 3434 obi·

76 3467 133 3530 ter
147 3474 310 3532 errorem
329 3446 534 3534 multorum
550 3446 785 3554 refellamus,
809 3449 878 3563 qui
905 3463 1079 3563 putantes
1102 3445 1326 3554 juciciariam
1354 3444 1514 3535 facula-⁴

76 3585 155 3647 tem
188 3593 211 3646 a
235 3563 331 3649 civili
361 3581 454 3650 non
469 3561 642 3672 differre,
667 3566 794 3682 legum
808 3566 968 3654 civilium
984 3564 1240 3680 cognitionem
1263 3566 1390 3650 ceteris
1413 3595 1514 3651 cun·
1638 3567 1642 3572 ’

76 3678 143 3765 ctis
158 3679 295 3766 artibus
311 3707 350 3767 et
365 3680 601 3768 facultatibus
623 3713 858 3769 summorum
872 3682 1185 3798 philosophorum
1210 3680 1348 3793 judicio
1364 3683 1513 3797 praela·

75 3812 246 3884 ramesse
273 3798 367 3887 falso
393 3802 634 3888 contendunt
649 3830 662 3906 3
690 3831 776 3887 cum
793 3802 886 3887 haec
900 3801 938 3886 in
957 3797 1044 3886 foro'
1060 3801 1256 3887 dumtaxat
1272 3799 1513 3915 judiciorum·

73 3944 153 4030 que
166 3917 345 4035 angustiis
366 3921 633 4027 contineatur,
662 3919 777 4008 civilis
794 3918 853 4004 illa
879 3915 1048 4023 irforo,
1073 3918 1279 4021 incastris,
1309 3918 1348 4002 in
1365 3944 1512 4026 senatu,
1593 3943 1597 3949 ’

76 4031 261 4121 inscholis
276 4036 615 4152 philosophorum,
638 4039 689 4124 ad
712 4067 898 4123 summam
913 4036 951 4120 in
977 4034 1079 4121 nulla
1096 4064 1176 4122 non
1201 4060 1306 4149 parte
1333 4036 1512 4150 reipubli-

74 4175 143 4245 cae
156 4160 335 4240 versetur.
363 4158 419 4242 Ut
442 4157 542 4243 enim
561 4180 616 4242 est
632 4151 786 4241 facultas
812 4156 1002 4270 quaedam
1031 4153 1190 4242 domum
1206 4179 1339 4237 errem
1359 4150 1513 4241 familia·
1642 4262 1643 4265 Ν

76 4294 157 4353 rcrn
178 4271 441 4384 gubernandi,
466 4279 731 4388 quae'Grae'co
746 4271 936 4361 vocabulo
951 4271 1082 4358 dicitur
1107 4276 1361 4376 oeconomiam
1389 4288 1511 4387 quaeq

77 4383 168 4470 darn
186 4386 466 4502 belligerandi,
493 4420 660 4506 quaeres
676 4391 837 4483 militaris
854 4419 866 4493 3
891 4392 979 4476 item
997 4414 1095 4475 recte
1111 4387 1259 4475 dicendi
1275 4406 1404 4504 ,quae
1430 4419 1514 4477 ora·

76 4501 173 4588 toria
191 4534 200 4588 :
218 4503 267 4588 sic
281 4506 352 4591 alia
374 4506 593 4622 reipublicae
609 4509 923 4594 administrandae
939 4535 1005 4614 ,ac
1020 4506 1185 4595 civitates
1201 4505 1351 4619 optimis
1363 4507 1513 4594 institu-

77 4621 122 4705 tis
138 4648 182 4704 ac
198 4620 340 4736 legibus
355 4623 395 4706 in
410 4653 501 4738 pace
517 4650 555 4711 et
572 4625 610 4708 ir
630 4626 730 4710 bello
760 4624 1038 4729 conservandi,
1063 4653 1163 4741 quae
1187 4623 1314 4708 ceteris
1332 4625 1513 4716 ,omnibus
1619 4719 1625 4727 ,

77 4736 313 4826 facultatibus
335 4759 508 4854 praeest,
536 4762 653 4856 atque
680 4740 822 4857 legibus
846 4742 929 4858 ipsis
953 4742 1202 4847 dominatur,
1227 4741 1328 4856 regia
1344 4738 1512 4849 facultas,

77 4856 289 4978 eademque
317 4857 431 4952 civilis
446 4875 689 4977 nuncupata:
711 4858 816 4974 cujus
827 4860 936 4979 quasi
962 4859 1132 5064 alncillam
1153 4878 1195 4947 et
1220 4857 1422 4950 uairistranr¹
1438 4890 1516 4996 esse

1003 5007 1085 5067 ιιι
1454 5006 1519 5094 ru·
