4140 5872
506 401 578 472 roa
699 392 932 493 tonsu.
972 377 1252 471 ctutstt
1290 386 1698 472 stuntvtnnt

485 521 599 639 igitur
624 549 705 610 non
734 525 840 641 quasi
867 523 978 641 probi
1002 522 1102 661 regis
1129 520 1255 613 officia
1283 525 1473 643 proponit
1509 523 1662 611 historia
1692 550 1794 612 sacra
1832 585 1846 633 ,
1878 521 1943 614 sed

489 666 534 726 ut
565 641 726 759 improbi
757 669 797 731 et
829 643 1016 758 tyrannici
1041 668 1222 761 peccata.
1254 650 1387 762 ltaque
1418 644 1607 730 licentiam
1643 706 1655 750 ,
1697 673 1816 759 quam
1854 645 1941 731 mali

489 763 614 878 Reges
656 761 723 849 sibi
756 786 952 870 sumunt,
993 763 1049 878 ius
1079 764 1176 881 regis
1200 764 1445 882 appellavit,
1470 789 1515 850 ut
1539 762 1594 877 ius
1622 761 1863 878 tyrannicum
1888 763 1939 850 di-
1978 840 1988 847 .

491 879 586 964 citur
613 904 652 966 et
681 883 735 994 ‘yus
766 911 977 997 paucorum
1009 882 1244 1020 potentiae,
1271 883 1380 1000 quod
1412 884 1463 968 ad
1498 882 1777 969 conservandas
1811 882 1945 996 hujus
1982 914 1986 920 ’

302 1014 379 1088 Reus
396 1027 423 1064 et
440 1022 477 1082 tt·
493 998 599 1084 modi
626 1001 984 1116 rerumpublicarum
1004 1004 1265 1116 corruptiones
1290 1001 1495 1089 conducit
1516 1004 1697 1088 Ceterum
1722 1027 1766 1087 ut
1794 1030 1859 1088 tex
1875 1030 1942 1117 per

302 1076 467 1126 rattinmlno

303 1134 479 1248 gfeggpmffb·
493 1117 653 1206 abusum
685 1147 1003 1254 nonnumquam
1011 1121 1145 1206 dicitur
1170 1120 1282 1238 ,qui
1329 1151 1371 1207 te
1403 1149 1494 1209 vera
1520 1144 1705 1236 tyrannus
1750 1145 1847 1224 est3
1894 1119 1944 1206 sic

495 1241 734 1324 Graecorum
763 1266 908 1355 ueteres
939 1238 1133 1353 scriptores
1161 1242 1302 1358 probos
1335 1239 1451 1326 etiam
1478 1267 1585 1356 reges
1614 1265 1799 1355 tyrannos
1831 1267 1942 1354 saepe

494 1348 769 1444 nominabant
775 1421 788 1467 ,
814 1359 924 1475 quod
950 1363 1152 1445 Isocratem
1181 1383 1373 1449 oratorem
1395 1359 1618 1473 plerumque
1647 1356 1933 1444 factitassecer

496 1473 647 1561 nimus.
682 1481 767 1561 Nos
793 1502 922 1564 autem
942 1477 1149 1563 Aristotelis
1177 1477 1493 1611 philosophorum
1524 1472 1629 1562 facile
1658 1475 1828 1590 principis
1852 1505 1946 1560 mo·

497 1621 580 1699 rem
603 1595 825 1709 sequimur,
850 1595 917 1710 qui
936 1596 1083 1710 proprie
1111 1594 1166 1680 his
1190 1597 1407 1683 nominibus
1441 1595 1559 1683 utitur
1587 1656 1600 1701 ,
1628 1619 1668 1681 et
1690 1622 1855 1711 regema
1881 1617 1947 1707 ιγ-

508 1738 663 1817 ranno,
687 1715 824 1829 quibus
854 1712 953 1798 notis
983 1712 1181 1820 diximus,
1213 1715 1397 1802 discernit.

577 1831 685 1914 XlV.
744 1833 1089 1947 Nonnumquam
1080 1833 1191 1949 igitur
1222 1861 1329 1948 teges
1357 1833 1536 1918 exsistunt
1570 1893 1582 1938 ,
1614 1826 1682 1948 qui
1712 1859 1845 1946 septo
1878 1853 1949 1964 ty-

501 1947 628 2032 tannis
654 1975 783 2064 gerere
807 1949 982 2054 malunt,
1011 1975 1051 2036 et
1079 1949 1193 2036 simile
1219 1947 1391 2054 faciunt,
1407 1976 1451 2036 ut
1478 1951 1506 2036 si
1534 1949 1646 2065 quis,
1668 1980 1756 2036 cum
1777 1949 1918 2033 liceat'
1907 1977 1947 2031 ιιι

504 2064 587 2149 otio
615 2089 655 2150 et
669 2094 761 2180 pace
789 2095 878 2151 cum
910 2066 1030 2184 gloria
1060 2093 1101 2154 et
1132 2068 1244 2155 laude
1259 2011 1396 2154 laetani
1424 2093 1463 2154 et
1493 2096 1661 2154 secutam
1693 2067 1810 2152 vitam
1838 2062 1947 2150 felici·

504 2203 564 2267 ter
587 2210 734 2318 agere,
759 2184 898 2270 bellum
929 2209 1087 2320 quaerat
1116 2187 1365 2301 periculosum
1396 2211 1435 2272 et
1467 2182 1642 2287 infame3
1683 2210 1750 2271 aut
1785 2182 1947 2297 siquis,

505 2325 595 2384 cum
625 2301 665 2386 in
693 2329 808 2437 portu
833 2304 1015 2390 certissimo
1040 2331 1081 2390 et
1107 2305 1412 2392 commodissimo
1443 2305 1622 2421 navigare
1653 2302 1714 2390 vel
1754 2331 1793 2388 se
1821 2301 1941 2385 conti·

506 2445 597 2502 nere
620 2421 777 2534 possit,
808 2447 945 2537 sponte
975 2452 1013 2508 se
1038 2423 1077 2506 in
1109 2419 1263 2510 foedam
1295 2447 1555 2538 tempestatem
1585 2421 1800 2534 conjiciat,
1836 2417 1946 2600 quod

506 2531 641 2630 furoris
668 2561 789 2623 estet
825 2565 1010 2625 extremae
1034 2542 1274 2627 dementiae.
1303 2546 1407 2626 Nam
1444 2569 1550 2657 reges
1578 2539 1793 2655 tyrannici,
1823 2560 1932 2623 utvr

506 2676 588 2737 tam
609 2677 780 2769 turpem,
796 2656 987 2743 sollicitam
1001 2664 1192 2772 ,Deoque
1215 2685 1255 2745 et
1280 2657 1495 2744 hominibus
1510 2658 1683 2744 odiosam
1697 2658 1873 2791 degunt3
1898 2654 1946 2739 sic

506 2770 626 2857 entus
654 2803 764 2888 saepe
791 2775 992 2861 similbmos
1017 2777 1217 2892 tyrannicis
1243 2779 1478 2879 sortiuntur3
1509 2802 1553 2863 ut
1577 2806 1622 2861 ex
1653 2775 1831 2860 Romanis
1852 2778 1947 2858 Tar

330 2911 485 3025 rnreurxmn
506 2889 656 3004 quimus
686 2894 875 3007 Superbus
904 2919 944 2980 et
967 2897 1102 2998 Nero3
1130 2924 1175 2981 ex
1204 2897 1338 2981 nostris
1358 2899 1524 2998 Petrus,
1555 2894 1620 3010 qui
1649 2893 1788 3008 etipse
1812 2897 1947 3005 Super

313 2989 425 3090 {illd
507 3006 547 3092 bi
577 3036 797 3140 cognomen
824 3039 871 3098 ex
899 3007 1044 3098 factis
1035 3015 1205 3101 invenit
1252 3017 1433 3110 Quorum
1463 3011 1687 3127 Tarquinius
1719 3039 1862 3127 magno
1893 3007 1947 3092 ci

506 3123 632 3212 vitatis
660 3155 846 3215 consensu
869 3154 1023 3217 auctore
1039 3135 1160 3216 Bruto
1184 3132 1278 3216 urbe
1308 3130 1463 3247 pulsus
1460 3154 1540 3215 est
1567 3136 1709 3234 Nero,
1746 3153 1790 3213 ut
1815 3127 1949 3241 turpis-

507 3240 641 3329 simam
668 3272 862 3354 mortem,
884 3277 962 3365 qua
985 3245 1146 3334 fuerata
1160 3252 1301 3334 Senatu
1319 3249 1550 3355 damnatus,
1574 3190 1949 3378 effugeiet,rnsub-

506 3362 653 3459 urbana
682 3364 768 3454 villa
797 3428 809 3472 ,
834 3394 940 3501 quo
952 3366 1121 3452 latitandi
1152 3366 1271 3484 gratia
1293 3364 1516 3501 confugerat
1550 3365 1657 3470 ‚sibi
1689 3387 1851 3449 mortem
1883 3360 1945 3446 mi·

505 3481 697 3580 serrimam
720 3482 926 3571 conscivit.
955 3489 1112 3590 Petrus,
1127 3514 1216 3570 cum
1247 3484 1387 3572 multae
1419 3483 1585 3570 civitates
1599 3481 1803 3617 Hispaniae
1834 3480 1883 3563 ab
1899 3508 1951 3564 eo

505 3595 790 3686 defecissent
743 3630 890 3736 ,inops
913 3605 962 3688 ab
987 3603 1149 3709 amicis,
1179 3604 1228 3688 ab
1255 3603 1425 3691 Henrico
1448 3599 1598 3707 fratte,
1629 3599 1758 3736 quiin
1790 3626 1951 3732 regnum

504 3719 718 3824 successit,
761 3721 902 3806 occisus
934 3745 1016 3807 est
1063 3724 1226 3818 Quanto
1258 3719 1477 3838 prudentius
1509 3720 1661 3854 tyranni
1694 3717 1851 3852 quidam
1882 3714 1952 3800 sibi

504 3835 816 3943 consuluerunt,
846 3839 913 3954 qui
947 3864 991 3925 ut
1019 3840 1263 3927 incommoda
1295 3864 1334 3925 et
1364 3837 1561 3955 pericula,
1593 3837 1631 3921 in
1657 3864 1756 3953 quae
1783 3834 1841 3920 isti
1873 3861 1953 3933 sese

503 3979 641 4067 sponte
671 3952 910 4067 conjiciunt,
934 3958 1119 4045 evitarent
1146 4020 1158 4064 ,
1181 3959 1421 4073 tyrannidem
1452 3956 1552 4044 ultro
1580 3955 1879 4071 deposuerunt3
1910 3970 1951 4036 ut

504 4072 607 4186 Sylla
628 4076 823 4160 Romanus
855 4137 867 4181 ,
895 4076 963 4191 qui
993 4107 1032 4163 se
1058 4101 1193 4192 sponte
1223 4076 1408 4163 dictatura
1438 4099 1619 4191 perpetua
1644 4135 1657 4178 ,
1686 4103 1770 4189 quo
1797 4069 1953 4157 nomine

312 4191 486 4310 Qssylggfflf?
503 4189 741 4304 tyrannidem
759 4217 1012 4306 praetexerat,
1029 4195 1245 4298 abdicavit3
1273 4222 1311 4282 et
1344 4195 1508 4279 Pittacus
1525 4191 1799 4307 Mitylenaeus,
1835 4208 1954 4305 quent

318 4312 474 4363 *ww*
502 4332 706 4444 tyrannum
737 4311 846 4397 fuisse
872 4313 1058 4428 quidam,
1088 4337 1133 4398 ut
1148 4253 1261 4399 refert
1282 4312 1521 4420 Aristoteles,
1552 4309 1822 4441 prodiderunt.
1850 4312 1956 4390 Nam

499 4427 750 4542 principatum
779 4430 1037 4544 deposuisse,
1071 4431 1166 4516 inter
1198 4461 1331 4518 omnes
1362 4456 1560 4537 comtat,
1591 4431 1644 4514 de
1676 4423 1781 4538 cujus
1811 4423 1954 4511 consilii

501 4573 613 4632 causa
639 4547 739 4633 idem
772 4574 954 4665 rogatus,
977 4500 1066 4635 illtid
1094 4550 1252 4636 Hesiodi
1283 4552 1503 4665 respondit,
1526 4548 1658 4683 quia
1643 4551 1956 4634 drmtdrum
1859 4546 1956 4656 p

302 4699 484 4777 rnatum
500 4682 589 4771 est,
617 4690 727 4773 quam
752 4684 894 4752 tntum.
917 4666 992 4751 Alii
1011 4696 1104 4755 vero
1130 4696 1218 4752 cum
1236 4669 1485 4804 tyrannidem
1503 4668 1663 4754 omnino
1679 4667 1869 4781 deponere
1884 4659 1951 4748 vel

341 4778 455 4836 Tyranni

307 4853 382 4899 qm,
343 4840 382 4886 m
384 4850 408 4885 m
422 4837 483 4887 ,κύ
500 4784 675 4892 nollent,
694 4785 787 4892 vel,
804 4814 854 4872 ne
880 4784 1014 4899 privati
1038 4786 1119 4873 ab
1111 4787 1263 4871 mimicis
1280 4787 1609 4903 opprimerentur,
1639 4812 1718 4869 non
1743 4784 1950 4883 auderent3

305 4899 482 5010 {llffl
498 4846 799 4997 comnodiorer'n
829 4904 1037 5022 imperanti
1068 4905 1409 5025 humanioremque
1434 4905 1618 4995 rationem
1650 4964 1664 5011 ,
1695 4931 1813 5020 quam
1847 4927 1950 5020 quae

1894 5048 1952 5104 su·
