4020 5864
691 361 1026 469 runnm‘.

124 528 262 598 latestas.
285 534 341 612 31.
359 522 450 589 Cum
463 516 599 589 Gentile
616 517 768 588 Moliano

87 620 88 623 ¹
119 626 306 695 societatem
328 620 402 687 init.
425 640 479 710 31.
500 623 649 692 Romam
667 640 769 687 voca-

120 741 195 801 tur,
220 738 256 787 ut
284 719 434 812 imponat
456 739 618 787 coronam
640 718 767 785 Carolo

119 820 182 888 IV.
214 815 409 910 Imperatori
449 834 504 905 34.
547 837 601 909 35.
639 816 774 903 Carolu-

81 930 82 933 ’
116 914 253 988 Caesari
268 914 400 984 obviam
423 912 616 1007 profectus,
637 912 765 983 ducen-

117 1034 172 1085 tos
195 1013 321 1104 equites
352 1013 520 1082 auxiliares
542 1014 684 1082 obtinet.
709 1016 784 1104 36.¹

79 1182 81 1185 ,
120 1119 240 1184 Castra
266 1129 406 1192 movet,
427 1116 464 1178 2&
487 1111 521 1179 in
548 1130 763 1206 conspectum

118 1208 282 1281 exercitus
320 1208 457 1279 Galeoti
493 1211 685 1280 Malatestae
728 1210 764 1280 in

74 1357 79 1364 -
118 1333 204 1406 agro
229 1306 430 1377 Ariminensi
456 1309 641 1396 conjunctis
664 1308 765 1401 copiis

111 1408 223 1478 uenit.
248 1428 301 1497 37.
325 1405 486 1476 Proelium
509 1407 649 1478 initurus
676 1407 764 1478 mili-

77 1540 80 1571 ;
120 1525 196 1576 tum
224 1505 351 1575 animos
375 1503 525 1575 oratione
557 1505 765 1576 cohortatur.

82 1662 85 1667 Α
123 1626 181 1699 37.
211 1603 392 1673 Galeotum
421 1603 454 1670 in
483 1625 593 1700 pugna
627 1625 763 1698 captum

120 1727 142 1773 a
170 1701 329 1771 militibus
357 1701 421 1771 suis
448 1701 571 1796 duplici
600 1701 765 1798 stipendio

72 1853 77 1870 .
117 1801 214 1872 emit.
231 1821 292 1891 41.
304 1799 414 1870 Firmo
433 1819 649 1898 expugnato,
666 1802 766 1871 Gen·

78 1966 79 1969 ,
121 1901 215 1970 tilem
247 1898 445 1994 ,Molianum
494 1899 617 1970 finibus
657 1900 766 1970 eccle·

73 2056 79 2067 .
118 1996 251 2090 siasticis
266 1995 541 2084 excederejubet.
557 2019 618 2088 45.
634 2000 765 2070 Bellum

76 2156 80 2168 ,
117 2120 201 2167 cum
228 2097 355 2185 Joanne
381 2094 559 2169 Maufredo
579 2098 673 2194 gerit.
703 2098 765 2186 48.

118 2194 327 2265 Franciscum
371 2192 614 2290 Ordelaphium
675 2195 764 2266 bello

77 2342 81 2350 »
120 2293 341 2389 persequitur.
375 2314 429 2379 50.
452 2294 592 2361 Litteras
614 2292 657 2361 ad
683 2294 766 2370 Bar-

121 2390 288 2460 nabovem
319 2388 446 2472 mittit,
468 2411 510 2459 ne
536 2389 655 2460 auxilia
678 2387 766 2461 ferat

120 2485 341 2581 Ordelaplrio.
369 2510 428 2576 51.
450 2489 537 2557 Foro
548 2487 636 2557 Livii
650 2508 764 2583 capto,

120 2584 364 2679 Ordelaphium
380 2586 461 2655 urbe
484 2585 640 2657 excedere
662 2587 766 2684 cogit.

124 2707 183 2776 52.
200 2681 408 2754 Avenionem
428 2684 601 2756 contendit
620 2683 663 2754 ad
673 2693 764 2757 Pon-

120 2783 257 2854 tificem.
282 2802 337 2874 53.
353 2788 392 2851 In
408 2774 603 2879 Hispaniam
623 2783 763 2880 cogitat,

120 2896 160 2952 ut
183 2900 343 2977 cognatos
358 2879 547 2952 dissidentes
568 2900 764 2978 componat.

71 3019 74 3026 ·
125 2984 183 3073 56.
206 2981 287 3070 Ejus
307 2978 429 3050 laudes.
451 2984 506 3069 56.
532 2983 657 3052 Denuo
686 2979 765 3052 belli

121 3101 237 3152 curam
253 3077 398 3175 suscipit.
416 3099 469 3172 57.
494 3080 671 3177 Neapolim
688 3101 765 3175 pro·

68 3225 70 3233 ·
119 3177 305 3262 ficiscitur,
333 3197 371 3249 ut
402 3180 587 3251 Fraticellos
616 3177 766 3276 comprie

120 3293 205 3347 mat.
235 3276 291 3365 58.
313 3278 476 3368 Joannam
500 3281 665 3376 Reginam
685 3299 765 3358 cum

67 3421 71 3433 -
120 3373 326 3472 principibus
351 3376 517 3447 conciliat.
550 3378 605 3465 58.
630 3382 670 3446 In
698 3378 767 3445 Fla·

120 3473 258 3545 miniam
281 3472 344 3543 iter
374 3476 550 3543 convertit.
574 3476 765 3560 519.Bono-

120 3571 211 3644 niam
226 3572 314 3660 jussu
324 3570 503 3644 ,Pontificis
518 3590 683 3669 occupat,
697 3589 766 3642 tra-

120 3669 221 3742 dente
240 3673 367 3762 Joanne
393 3671 528 3769 Olegio.
552 3677 612 3741 61.
636 3675 669 3741 A
693 3672 763 3741 Bo-

120 3767 354 3839 noniensibus.
375 3769 458 3839 laete
492 3769 667 3866 excipitur.
703 3772 762 3839 62.

66 3915 69 3925 ,
120 3867 313 3963 Collegium
343 3866 570 3962 Hispanorum
595 3867 765 3940 Bononiae

67 4027 70 4035 .
120 3963 266 4037 condere
288 3965 427 4061 cogitat.
453 3970 511 4037 62.
528 3972 657 4038 Contra
683 3968 765 4036 Bar·

869 515 1095 587 constitutiones
1113 517 1285 607 aegidianus
1299 519 1516 614 appellantur.

869 640 927 708 71.
956 615 1192 683 Britannorum
1210 637 1243 684 et
1265 618 1515 687 Pannoniorum

868 717 1050 784 exercitum
1068 711 1191 795 ,missis
1215 716 1455 811 legationibus,
1473 715 1516 785 ad

868 835 942 884 suas
967 813 1075 906 copias
1094 812 1257 910 adjungit.
1273 835 1331 903 72.
1354 813 1514 883 Assisium

867 937 886 981 a
919 912 1149 984 Perusinorum
1190 913 1351 1006 praesidio
1386 911 1514 981 liberat.

866 1032 926 1104 74.
967 1010 1033 1079 Sibi
1083 1027 1219 1079 mortuo
1255 1030 1514 1081 monumentum

866 1109 982 1180 condit
1001 1107 1122 1178 Assisii.
1146 1132 1205 1198 74.
1233 1110 1297 1204 Ipsi
1323 1111 1408 1196 justa
1439 1133 1515 1202 per·
1613 1180 1616 1189 k

828 1274 830 1281 1
865 1209 1041 1278 solvuntur
1060 1206 1093 1274 in
1110 1206 1253 1302 singulos
1277 1231 1380 1277 annos
1405 1208 1514 1278 Assisii

825 1358 829 1364 -
866 1324 900 1376 et
926 1306 1108 1375 Bononiae.
1123 1330 1180 1396 74.
1198 1307 1313 1376 Invisit
1337 1329 1462 1401 corpus.
1478 1310 1512 1374 S.

825 1457 829 1464 .
866 1403 1027 1475 Francisci
1052 1427 1111 1496 74.
1140 1410 1289 1479 Romam
1314 1404 1511 1476 Porlrificem

824 1557 826 1562 ,
865 1502 1017 1585 invitat,
1038 1522 1155 1596 pacata
1170 1504 1276 1574 Italia.
1308 1525 1365 1595 75.
1400 1504 1511 1572 Vites-

866 1600 914 1671 bii
948 1600 1102 1672 Pontifici
1129 1601 1320 1695 quindecim
1345 1626 1511 1673 annosum

865 1699 1157 1779 administrationis
1171 1721 1205 1771 et
1227 1704 1437 1798 vectigalium
1457 1725 1511 1770 ra-

864 1798 993 1868 tionem
1017 1802 1220 1894 reposcenti,
1248 1803 1354 1871 claves
1373 1800 1510 1873 urbium

852 1897 1060 1989 'arciumque
1085 1922 1104 1967 a
1135 1922 1166 1970 se
1192 1920 1425 1994 receptarum,
1454 1900 1510 1973 vix

829 2062 833 2075 ,
865 1997 1016 2091 capiente
1030 2019 1141 2067 curru
1168 2047 1181 2081 ,
1214 1999 1370 2068 obtulisse
1393 1996 1511 2067 fertur.

866 2113 925 2185 75..
947 2094 1089 2162 Viterbii
1122 2113 1356 2167 testamentum
1380 2095 1510 2166 condit.

867 2214 928 2282 75.
953 2192 1144 2287 Collegium
1171 2196 1376 2281 Bononiense
1407 2194 1511 2265 condi

865 2307 1066 2360 testamento
1082 2291 1187 2377 jubet.
1206 2315 1263 2385 75.
1283 2295 1341 2385 78.
1355 2313 1413 2383 94.
1428 2297 1509 2391 Mo·

863 2389 960 2458 ritur.
1002 2410 1060 2480 75.
1102 2392 1183 2480 Ejus
1216 2416 1285 2463 ossa
1316 2416 1358 2464 ex
1385 2392 1509 2467 Assisio

864 2487 1026 2556 Toletum
1068 2485 1298 2583 deportantur.
1335 2510 1392 2584 75.
1430 2491 1511 2581 Ejus
1571 2576 1573 2578 =

863 2602 1112 2656 testamentum.
1132 2590 1192 2656 86.

904 2677 1039 2778 *Apud
1050 2685 1220 2781 Sigonium
1229 2686 1290 2758 lib.
1302 2692 1365 2759 Ill.
1379 2685 1420 2758 de
1431 2687 1510 2784 Epi·

862 2782 969 2877 scopis
988 2784 1287 2870 Bononiensibus,
1318 2787 1353 2856 in
1381 2790 1510 2879 Joanne

863 2879 906 2950 de
931 2886 1021 2953 Naso
1036 2929 1048 2964 ,
1081 2880 1125 2952 ad
1156 2908 1283 2976 annum
1312 2891 1403 2979 1360
1426 2887 1510 2983 legi·

863 2997 920 3049 tur
947 2981 1062 3072 egidius
1089 2982 1229 3065 neritia,
1259 2986 1408 3078 Hispanus
1431 2998 1510 3054 car-

827 3136 829 3139 .
862 3078 969 3152 distulis
993 3127 1007 3162 ,
1049 3079 1085 3148 ab
1112 3081 1345 3167 innotescitur.
1376 3082 1509 3176 l’arttifise

862 3180 1001 3268 legatus,
1026 3172 1088 3250 &a
1112 3181 1183 3249 Nos
1206 3197 1317 3250 tamen
1335 3179 1508 3276 sigonium

864 3277 979 3365 Egidirts
997 3277 1167 3359 Curtillus,
1196 3296 1260 3347 cet.
1283 3280 1438 3375 scripsisse
1452 3304 1510 3349 ar·

823 3446 825 3453 Α
863 3370 1055 3451 δὶῑ11111111;
1085 3392 1246 3468 typorum
1279 3399 1356 3463 vero
1398 3399 1510 3448 errore

862 3471 1024 3542 mendum
1041 3471 1124 3541 illud
1140 3475 1308 3567 irrepsisse.
1334 3472 1428 3544 Idem
1451 3497 1509 3547 au·

863 3586 937 3639 ctor
977 3568 1109 3666 Aegidii
1144 3571 1276 3643 obitum
1321 3570 1418 3642 refert
1464 3571 1509 3644 ad

862 3689 989 3738 annum
1029 3672 1155 3761 1364,
1186 3693 1265 3740 cum
1303 3670 1412 3766 potius
1447 3673 1510 3741 tri·

861 3766 961 3836 ennio
989 3785 1065 3861 post
1099 3768 1301 3864 contigisse,
1329 3792 1370 3840 ex
1394 3770 1512 3866 Sepul-

823 3938 827 3946 ,
863 3862 965 3936 redae
991 3884 1142 3935 extremo
1177 3867 1265 3937 libro
1303 3867 1403 3937 tertio
1441 3869 1510 3964 ejus

863 3983 1152 4061 rerumgestarum
1179 3965 1357 4037 discamus.

119 4063 288 4136 naborem
312 4062 438 4134 bellum
456 4063 505 4136 ob
532 4065 681 4136 amissam
698 4067 769 4135 Bo·
816 4061 978 4160 Aegyptii
1003 4060 1162 4151 rationem
1191 4084 1380 4159 temporum
1416 4090 1512 4162 repe-

120 4162 260 4232 noniam
288 4158 479 4234 inferentem
509 4165 580 4249 ,in
609 4164 767 4236 Picenum
863 4162 978 4231 rebant
1002 4159 1043 4229 ab
1068 4184 1177 4243 anno,
1201 4186 1272 4253 quo
1297 4185 1458 4235 venerunt
1474 4167 1508 4237 in

78 4318 86 4343 ι
119 4258 308 4331 contendit.
333 4264 393 4351 64.
410 4263 673 4333 Bononiensibus
689 4263 770 4333 mit·
866 4257 1028 4328 ditionem
1056 4259 1169 4354 populi
1201 4261 1349 4334 Romani
1377 4311 1388 4344 ,
1422 4287 1511 4334 anno

120 4358 164 4427 tit
187 4356 382 4430 subsidium.
413 4363 472 4449 65.
503 4360 597 4434 Febri
628 4361 770 4432 laborat.
867 4356 1069 4454 principatus
1087 4359 1230 4454 Augusti
1253 4357 1383 4429 decimo
1409 4384 1513 4453 quar-

77 4511 79 4522 .
121 4459 182 4548 67.
225 4459 318 4527 Cum
357 4458 530 4529 Francisco
566 4461 695 4530 Estensi
737 4475 771 4527 et
868 4475 919 4526 to.
955 4454 1044 4541 182.
1066 4459 1131 4528 Bos
1157 4480 1261 4528 annos
1288 4466 1411 4551 Augtsti
1445 4461 1513 4530 sive

119 4553 322 4646 quibusdam
363 4546 553 4627 civitatibus
592 4556 772 4626 amicitiam
871 4563 1053 4646 Augustanos
1071 4555 1300 4625 nominabant.
1318 4557 1359 4625 18
1367 4579 1397 4649 3.

77 4716 83 4722 .
121 4671 156 4721 et
180 4652 374 4725 societatem
403 4657 476 4726 init.
494 4654 552 4725 68.
573 4653 774 4725 Bononiensi
824 4652 984 4742 Aequitas
1003 4671 1051 4721 est
1070 4676 1200 4724 summo
1222 4653 1286 4744 juri
1310 4674 1516 4750 anteponen·
1531 4684 1535 4699 ¹·

75 4793 83 4804 ·
121 4748 285 4844 legatione
310 4775 344 4822 se
371 4753 530 4835 abdicat,
547 4769 677 4846 petente
694 4755 773 4822 Bar·
877 4750 930 4820 da.
969 4774 1046 4821 120.

121 4847 265 4922 nabore.
292 4871 354 4942 7ο.
380 4851 484 4948 Leges
518 4850 631 4924 statuit
650 4899 680 4949 ,ι
690 4870 777 4946 quae
826 4851 915 4926 Aera
939 4871 1202 5020 numerumfppn
1227 4848 1414 4950 significat,
1436 4875 1520 4923 con-

105 4989 111 5003 '
174 4957 258 5022 >roma
277 4957 338 5019 JV·
1077 4951 1131 5021 F
1445 4969 1499 5029 [η
