4020 5864
486 359 551 450 ,aa
839 356 1194 429 auratorootn
1213 355 1312 430 rato
1337 355 1440 428 aaa.
1462 361 1543 431 1210

460 516 700 623 numquam
697 484 854 572 haeresis
877 482 1094 571 Lutbetana
1123 481 1312 570 exoritura
1339 480 1450 572 fuisse
1480 487 1703 593 videatur,
1734 486 1811 575 nisi
1845 493 1936 575 Eta-

462 638 531 693 smr
520 607 641 693 vel
633 607 703 719 joci
747 605 807 694 uel
824 631 998 689 morosae
1022 603 1284 719 querimoniae
1313 608 1625 716 praecessissent,
1656 631 1729 691 aut
1762 605 1933 694 siluisset

465 750 634 828 exorta,
666 753 744 810 non
776 749 855 811 tam
883 716 988 806 lacile
1029 723 1255 856 praeparatis
1284 723 1485 808 hominum
1512 725 1646 810 animis
1679 724 1929 858 excipienda,

467 870 538 928 nec
565 868 642 927 tam
672 844 745 927 late
772 864 981 927 manatura
1010 843 1068 925 Sic
1097 839 1195 925 enim
1224 840 1396 927 nonnulli
1415 843 1532 978 ‘aiunt
1559 904 1571 947 ,
1603 840 1765 956 quod
1754 845 1921 953 meodi-

468 985 571 1045 ctum
588 957 696 1046 fuerit
726 961 774 1044 ab
798 966 990 1063 Erasm0,
1013 957 1088 1044 hoc
1105 957 1219 1091 paulo
1246 982 1334 1073 post
1359 961 1453 1044 serio
1478 959 1689 1045 Lutherum
1727 990 1917 1048 asseveras·

469 1107 537 1180 se,
567 1079 675 1193 quod
702 1078 760 1162 ille
785 1017 1037 1178 dubitaverit,
1070 1077 1210 1160 hunc
1188 1105 1264 1162 stne
1281 1078 1522 1161 cunctatione
1537 1079 1751 1162 asseruisse.

530 1197 627 1281 LXI.
687 1196 750 1280 nd
768 1225 968 1298 summam,
988 1194 1191 1310 inquiunt,
1219 1195 1405 1308 quidquid
1423 1195 1480 1279 ille
1506 1197 1650 1300 innuit,
1686 1195 1754 1279 hic
1780 1222 1922 1284 strenue

471 1341 516 1398 ac
548 1314 741 1430 diligenter
756 1313 981 1426 exsequitur.
1010 1311 1225 1399 Offenditur
1258 1311 1500 1399 multitudine
1522 1315 1844 1399 monasteriorum
1874 1323 1925 1399 E-

471 1461 643 1535 rasmus3
668 1429 859 1516 Lutherus
875 1429 1003 1515 omnia
1021 1430 1246 1517 monasteria
1276 1431 1488 1516 demolitur.
1520 1435 1670 1516 Mussat
1689 1432 1780 1535 ille,
1803 1437 1922 1519 nescio

423 1572 429 1629 ι
471 1548 566 1662 quid
584 1550 657 1652 ,de
674 1548 778 1633 cultu
803 1548 1008 1652 divorum,
1034 1551 1221 1634 Luthetus
1236 1549 1380 1632 cultum
1410 1550 1587 1636 divorum
1611 1578 1839 1635 exsecratur.
1859 1554 1919 1637 Al·

472 1690 528 1749 ter
556 1665 890 1755 vultcaerimoniis
907 1727 924 1768 ,a
945 1669 1140 1771 cantibus,
1164 1662 1263 1751 festis
1294 1667 1455 1751 modum
1482 1667 1628 1781 imponi
1655 1697 1670 1768 ·,
1703 1669 1798 1753 alter
1827 1700 1918 1755 sum·

473 1809 604 1868 movet
621 1784 713 1870 haec
735 1784 876 1869 omnia.
910 1787 970 1868 De
993 1785 1155 1897 primatu
1174 1783 1271 1868 Petri
1297 1809 1335 1868 et
1352 1784 1533 1870 Ecclesiae
1561 1789 1792 1891 Romanae,
1804 1787 1920 1873 nescio

472 1900 592 2015 quid,
603 1901 746 2016 quaerit
763 1908 967 2003 Erasmus;
991 1902 1177 1988 Lutherus
1193 1905 1345 1987 Petrum
1377 1902 1543 2036 redigit
1535 1932 1572 1986 ιιι
1597 1902 1777 1988 ordinem
1794 1933 1858 2008 ,et
1878 1937 1919 1989 o

472 2047 578 2117 mites
594 2019 799 2133 Apostolos
824 2047 928 2132 pares
943 2014 1058 2124 lacit,
1090 2017 1374 2134 Ecclesiamque
1390 2044 1429 2104 et
1455 2019 1688 2134 Episcopum
1706 2025 1918 2108 Romanum
1948 2040 1954 2050 '

473 2135 592 2221 nihilo
616 2137 742 2221 ceteris
771 2136 952 2251 dignitate
982 2131 1154 2249 praefert.
1184 2136 1303 2220 Videt
1335 2135 1476 2251 aliquid
1509 2144 1695 2223 Erasmus
1725 2171 1838 2253 ,quo
1853 2140 1914 2225 de·

408 2349 410 2352 g
464 2277 575 2345 creta
589 2254 777 2367 quaedam
795 2253 977 2339 Ecclesiae
997 2279 1147 2368 possent
1165 2253 1202 2336 in
1220 2254 1348 2338 melius
1362 2255 1576 2340 emendari
1569 2313 1580 2356 ‚
1596 2256 1914 2341 LuthetusEccle·

474 2370 547 2454 siae
563 2397 600 2456 et
612 2373 867 2459 Conciliorum
892 2372 1047 2461 decretis
1063 2399 1216 2455 omnem
1235 2371 1363 2457 adimit
1381 2372 1672 2457 auctoritatem:
1682 2399 1743 2458 et
1763 2375 1918 2459 adhunc

474 2487 635 2575 modum
652 2491 701 2577 de
729 2490 910 2604 plerisque
938 2487 1010 2573 aliis
1038 2487 1192 2574 Lutheri
1217 2488 1404 2631 dogmatis
1419 2489 1640 2605 loquuntur.
1670 2491 1755 2574 Sed
1770 2492 1919 2597 cur‚in-

475 2608 588 2721 quis,
617 2615 734 2717 impia
762 2609 840 2690 Lut
841 2611 923 2688 heti
952 2633 1011 2688 mu
1013 2613 1099 2687 litia
1119 2605 1261 2711 fraudi
1290 2613 1343 2690 sit
1370 2606 1561 2711 Erasmo,
1592 2616 1658 2714 qui
1686 2613 1780 2692 bona
1798 2627 1834 2691 et
1852 2619 1916 2718 pia

462 2738 593 2807 ‘mente
610 2731 654 2806 de
680 2730 740 2807 his
762 2731 926 2809 omnibus
950 2728 1161 2807 disseruit?
1192 2723 1268 2808 Hic
1297 2748 1461 2828 metuo,
1486 2753 1533 2810 ne
1551 2754 1629 2809 non
1661 2727 1822 2812 desint
1813 2757 1916 2812 incre·

477 2840 587 2945 duli,
609 2842 795 2956 iidemque
811 2842 913 2929 liberi
941 2841 1138 2944 homines,
1166 2842 1232 2954 qui
1265 2840 1378 2925 sede
1405 2783 1468 2927 tali
1496 2867 1561 2927 tua
1590 2869 1721 2928 mente
1755 2845 1916 2929 nonnihil

478 2958 649 3044 dubitare
677 2958 837 3064 dicant,
865 2958 1115 3072 poenitentiae
1131 2958 1277 3074 magis,
1305 2988 1423 3072 quam
1455 2960 1566 3045 animi
1599 2963 1838 3047 constantiae
1863 2963 1917 3047 ui·

465 3075 663 3182 buerius,
688 3077 797 3191 quod
823 3102 952 3190 postea
967 3075 1144 3189 scripseris
1161 3075 1200 3159 in
1228 3075 1463 3161 Lutherum:
1497 3103 1624 3163 tamen
1642 3079 1828 3164 Albettus
1842 3081 1917 3165 Pius

466 3221 686 3309 numquam
702 3219 741 3280 te
770 3194 988 3307 cumimpiis
1013 3218 1078 3278 aut
1096 3191 1282 3279 haereticis
1298 3196 1523 3280 consensisse
1530 3196 1736 3309 putavit,
1769 3199 1836 3283 sed
1850 3199 1915 3280 lroc

477 3311 554 3426 egit
579 3337 664 3397 toto
688 3312 812 3414 libro,
853 3336 897 3397 ut
929 3336 967 3395 te
994 3311 1119 3423 aliqua
1148 3336 1217 3394 nec
1246 3314 1415 3396 consulte
1450 3341 1518 3396 nec
1549 3313 1715 3445 graviter
1747 3317 1913 3429 scripsisse

475 3429 657 3561 doceret,
682 3458 781 3543 quae
797 3431 965 3514 Luthero
983 3426 1126 3520 homini
1142 3427 1363 3514 turbulento
1405 3456 1450 3512 ac
1481 3430 1592 3564 impie
1620 3427 1787 3517 factioso
1820 3461 1915 3516 ocut-
1944 3443 1948 3452 '

411 3611 413 3614 -
474 3544 616 3634 sionem
633 3546 868 3660 praebuerint
893 3573 970 3630 tam
997 3574 1156 3678 magnps
1181 3544 1390 3629 tumultus
1382 3576 1419 3629 ιιι
1444 3546 1516 3631 Dei
1542 3547 1707 3632 Ecclesia
1732 3551 1918 3634 concitan-

475 3662 544 3766 di,
566 3665 680 3750 dum
672 3664 859 3755 inservires
882 3663 1013 3797 partim
1030 3660 1223 3748 ambitioni
1242 3723 1254 3766 ‚
1271 3691 1352 3775 quo
1377 3663 1600 3779 singularem
1621 3668 1838 3779 quamdam
1856 3670 1919 3751 do-

473 3779 629 3865 ctrinam
656 3805 889 3885 ostentares,
910 3783 1044 3892 partim
1072 3780 1196 3866 studio
1220 3809 1346 3868 retum
1364 3809 1577 3884 novarum,
1606 3813 1703 3896 quas
1734 3813 1821 3868 non
1847 3810 1918 3869 tam

473 3894 602 4032 longe
611 3927 839 4032 processuras
865 3897 902 3983 in
928 3897 1087 4013 ipsarum
1116 3897 1271 3983 exordio
1306 3924 1512 4011 putasses,
1543 3897 1628 3984 sed
1640 3927 1915 4014 praeposteram

472 4039 511 4099 et
531 4016 682 4102 nimiam
710 4016 916 4102 multotum
941 4015 1001 4100 vel
1025 4015 1324 4129 superstitionem
1369 4018 1433 4104 vel
1474 4045 1624 4099 morum
1666 4020 1917 4132 corruptelam

471 4130 511 4215 in
537 4135 722 4221 diversum
750 4134 901 4249 agendo
918 4158 1197 4249 temperaturas.
1231 4133 1363 4227 Quam
1392 4133 1621 4248 provinciam
1656 4134 1716 4238 si,
1750 4161 1920 4251 utsupra

473 4250 612 4356 docui,
644 4283 723 4338 non
749 4251 952 4336 ambitione
966 4251 1123 4364 suscepit
1149 4249 1325 4336 Albertus
1342 4251 1458 4355 Pius,
1483 4277 1527 4334 ut
1541 4280 1630 4336 cum
1647 4257 1817 4338 Erasmo
1831 4282 1921 4338 con·

470 4369 639 4455 tenderet
669 4430 683 4476 ,
709 4400 823 4484 quem
837 4399 1037 4503 magnum
1064 4370 1146 4453 licet
1177 4393 1215 4452 et
1239 4393 1486 4480 praestantem
1513 4369 1635 4454 virum
1664 4428 1680 4473 ,
1711 4394 1845 4456 tamen
1875 4400 1920 4456 ne

467 4485 616 4571 vincere
631 4486 845 4601 quidem
811 4515 866 4571 vu
881 4487 1079 4599 princeps,
1107 4508 1146 4570 et
1175 4486 1348 4600 singulari
1383 4486 1554 4572 doctrina
1574 4489 1838 4603 acerrimoque
1863 4489 1921 4572 in·

465 4604 607 4717 genie,
630 4629 668 4689 et
701 4604 905 4712 majoribus
932 4607 1042 4688 rebus
1071 4625 1264 4704 assuetus,
1289 4602 1337 4686 ad
1370 4633 1587 4706 summam,
1615 4605 1666 4687 ab
1700 4606 1917 4717 hujusmodi

464 4721 667 4807 ambitione
683 4721 849 4823 alienus,
878 4745 1039 4853 putasset
1061 4721 1111 4805 ad
1138 4740 1242 4805 suam
1260 4721 1417 4834 gloriam
1454 4749 1686 4836 magnopere
1718 4726 1908 4855 pertinere

461 4840 583 4931 sinon
606 4841 695 4928 item
712 4840 804 4928 odio
834 4839 919 4945 tui,
951 4867 1067 4953 quem
1098 4837 1250 4923 amabat
1278 4839 1403 4953 potius
1437 4863 1591 4954 propter
1618 4838 1803 4929 eximiam
1832 4871 1906 4928 eru·
