4020 5864
693 367 916 444 INDEX.

68 495 262 576 Ludouicus
292 492 444 566 Albensis
469 489 503 562 in
534 489 659 586 praelio
683 513 767 562 con·
871 482 1074 563 Moiianum'
1096 487 1140 560 ab
1165 484 1312 586 Aegidio
1344 489 1522 565 abducere.

113 619 165 667 tra
197 591 400 667 Barnabovis
440 593 625 662 exercitum
660 615 767 662 cornu
872 610 928 682 32.
943 589 1069 683 Magna
1094 587 1189 658 clade
1213 589 1365 673 fractus,
1388 591 1431 660 ab
1449 600 1521 662 Ae·

115 695 269 769 dextrum
287 691 435 763 hostium
455 688 563 759 ducit.
578 694 638 760 66.
653 696 710 782 67.
867 685 960 784 gidio
987 708 1102 782 pacem
1130 687 1226 782 petit.
1243 712 1304 779 42·
1332 696 1451 760 Pacem
1475 692 1519 762 ab

66 793 258 874 Ludovicus
273 794 440 871 Bararus,
467 793 674 883 Imperator,
702 788 768 859 ho·
865 809 908 857 eo
930 787 1097 881 impetrat.
1120 807 1181 877 44.
1204 791 1267 859 Viti.
1293 788 1469 860 Galeotus.

115 892 172 964 stis
195 889 357 960 ecclcsiae.
383 910 420 979 7·
441 891 480 955 In
510 888 640 959 Italiam
657 886 766 959 irruit.
814 886 1014 960 Malatestae
1039 886 1164 981 legatos
1190 885 1234 956 ad
1260 891 1422 978 Joanncm
1451 893 1522 958 Ar·

120 1011 179 1085 35.
208 988 414 1085 Antipapam
439 1005 527 1058 creat
541 991 686 1062 Romae.
706 1004 762 1080 35.
865 984 1114 1080 chiepiscopum
1133 984 1414 1056 Mediolanensem
1440 988 1521 1058 mit·

11 1091 14 1118 ¹
122 1110 179 1182 57.
865 1101 955 1153 tunt.
976 1101 1010 1167 9.
1033 1085 1134 1179 Saepe
1159 1083 1202 1153 ab
1228 1083 1375 1181 Aegidio
1404 1109 1520 1182 pacem

64 1188 279 1269 Ludovicus,
301 1185 438 1277 Joannis
458 1183 536 1255 Vici
557 1182 659 1258 frater
677 1187 768 1257 Cor·
865 1183 999 1278 petiere.
1032 1204 1086 1275 30·
1117 1186 1186 1253 Eos
1226 1183 1315 1256 bello
1342 1182 1521 1258 insectatur

116 1287 190 1358 neti
210 1286 337 1357 auxilio
357 1304 499 1382 praeest.
523 1307 583 1355 ao.
869 1279 1047 1377 Aegidius.
1078 1302 1133 1374 34.
1156 1283 1280 1378 Copias
1303 1303 1438 1380 augent.
1464 1288 1520 1378 36.

67 1390 179 1460 Luna.
195 1388 259 1457 Viti.
282 1389 409 1480 Lupus.
421 1382 569 1455 Teresia.
871 1384 905 1451 A
934 1376 1096 1451 Pontifice
1133 1378 1258 1452 bellum
1290 1382 1521 1477 deprecantur.

66 1490 185 1583 Lupus
223 1481 498 1578 Archiepiscopus
539 1487 769 1576 Caesaraugu·
867 1501 931 1571 44.
955 1484 1037 1549 Pace
1059 1475 1176 1565 facta,
1205 1482 1371 1552 nonnulla
1395 1480 1522 1577 oppida

116 1604 232 1658 stanus
251 1583 397 1679 Aegidio
421 1579 499 1651 belli
523 1583 644 1653 socius.
661 1580 696 1647 8.
712 1581 770 1669 87.
867 1580 902 1650 in
923 1576 1044 1648 decem
1063 1600 1167 1648 annos
1194 1581 1352 1651 retinent.
1373 1599 1435 1671 44.
1451 1586 1523 1652 Ae·

118 1687 180 1778 93.
213 1700 273 1775 94.
306 1679 484 1765 Mittitur,
507 1697 547 1751 ut
578 1677 769 1751 viterbium
868 1676 961 1776 gidio
978 1695 1073 1772 pacta
1097 1676 1240 1749 subsidia
1259 1678 1409 1752 mittunt.
1421 1701 1482 1772 47.

120 1783 268 1878 recipiat.
286 1803 347 1873 24.
603 1849 605 1853 ,
820 1775 1025 1852 Manfredus.
1048 1779 1113 1848 rit.
1136 1778 1290 1869 Joannes.

63 1892 183 1979 Lupus
209 1880 250 1952 de
267 1885 387 1965 Luna,
411 1879 594 1952 avunculus
625 1874 771 1974 Aegidii.
820 1876 967 1950 Manlius
983 1876 1179 1968 Torquatus
1211 1902 1228 1948 a
1255 1897 1381 1971 torque
1406 1876 1520 1950 ablato

119 1983 180 2054 68.
217 1979 414 2052 Praeficitur
454 1976 614 2054 exercitui
652 1994 772 2075 contra
869 1975 916 2045 ita
940 1975 1135 2068 appellatus.
1156 1994 1215 2044 est.
1238 1995 1319 2068 3¹9·

118 2079 366 2152 Barnabovem.
384 2081 444 2164 69.
822 2072 1001 2145 Mantuani
1037 2093 1116 2142 cum
1150 2074 1334 2148 Malatestis
1376 2073 1522 2151 amicitia

66 2179 218 2256 Lusitani
237 2203 279 2249 an
299 2198 389 2250 recte
412 2174 594 2272 Aethiopes
612 2173 648 2245 in
673 2168 774 2243 servi·
872 2169 1055 2258 conjunffi.
1072 2192 1134 2264 43.

118 2295 227 2347 tutem
250 2276 414 2372 redigant.
436 2298 516 2364 147.
820 2269 1049 2365 Marapctinus
1076 2292 1233 2341 nummus
1260 2272 1433 2342 castellae.
1463 2295 1522 2363 77.

65 2373 340 2448 lutheranorum
366 2371 531 2468 superbia.
551 2371 635 2438 262.
820 2366 976 2440 Marchio
998 2368 1152 2437 ·Estensis
1183 2369 1310 2466 legatos
1340 2369 1444 2441 mittit
1476 2369 1522 2442 ad
1595 2455 1604 2468 ·

65 2470 219 2568 Lycurgi
244 2492 340 2543 error
367 2471 404 2544 in
433 2465 610 2543 scribendis
633 2461 772 2560 regibus
869 2463 1069 2563 Aegidium.
1102 2489 1155 2534 ιο.

113 2571 204 2651 Ι116.
819 2564 1000 2639 Marculini
1033 2583 1067 2634 et
1108 2559 1246 2635 Muffati
1284 2562 1519 2641 Urbevetano·

395 2674 447 2758 M
869 2686 944 2734 rum
960 2661 1132 2734 factiones.
1152 2685 1206 2752 15.
1227 2686 1285 2732 21.

820 2763 988 2836 Martinus
1002 2761 1149 2847 Garsias‚
1166 2760 1415 2836 Barcinonensis
1436 2767 1520 2864 Epi·

64 2856 267 2936 Macerata,
287 2847 469 2947 oppidum.
480 2872 543 2943 41.
871 2883 1001 2958 scopus,
1019 2861 1078 2930 81.

64 2954 288 3050 Magistrum
305 2948 348 3020 de
364 2948 493 3047 legibus
515 2967 550 3020 ct
574 2947 673 3021 rebus
705 2948 773 3021 δίη·
823 2960 990 3035 Martinus
1025 2958 1191 3032 Lutherus
1229 2962 1357 3060 scripsit
1395 2962 1520 3037 librum

117 3050 204 3150 gulis
235 3047 775 3146 decernetepotest.117.Magi-
873 3063 910 3132 dc
933 3081 1016 3131 seruo
1040 3060 1160 3130 arbitrio
1185 3079 1302 3132 contra
1327 3065 1518 3135 Erasmum.

122 3168 245 3222 atratus
265 3167 375 3249 gestae
403 3153 484 3247 reip·
513 3148 674 3220 rationem
698 3145 774 3225 ted·
873 3163 957 3250 469.
974 3157 1163 3228 Monachus
1184 3159 1375 3254 religionem
1391 3161 1522 3250 abjecit.

120 3246 206 3322 dere
223 3251 338 3322 debet·
361 3248 572 3344 143.s0niri
596 3250 798 3345 magistra-²
872 3280 957 3350 471.
985 3257 1235 3326 Germanorum
1257 3259 1384 3328 animos
1399 3261 1521 3332 alienos

117 3367 174 3419 tus
190 3349 271 3446 reip.
289 3351 457 3446 popularis
474 3366 534 3418 est.
555 3368 636 3438 ¹42·
872 3350 984 3427 reddit
1001 3377 1019 3423 a
1035 3351 1208 3426 Pontifice.
1220 3375 1305 3447 472.
1330 3358 1533 3445 Germanos

66 3448 309 3545 Magnanimos
340 3448 427 3541 quis.
466 3470 550 3539 274·
581 3463 661 3537 275·
690 3462 791 3536 293„
859 3453 917 3525 ad
938 3453 1125 3523 libertatem
1148 3455 1293 3525 suscitat.
1310 3475 1394 3548 477.
1418 3458 1520 3543 Quo-

122 3569 203 3640 327·
221 3547 459 3644 Magnanimos
485 3563 682 3642 potestesse
710 3544 773 3615 ali·
871 3551 977 3626 modo
1003 3573 1189 3649 progressus
1214 3557 1248 3624 in
1273 3575 1360 3624 nova
1382 3555 1518 3652 religio.

118 3644 215 3740 quis,
242 3666 277 3717 et
293 3646 390 3718 simul
412 3643 556 3717 humilis.
576 3661 658 3732 295·
872 3676 915 3724 ne
938 3646 1141 3721 inducenda.
1168 3656 1250 3743 469.
1273 3669 1306 3723 11
1332 3656 1518 3746 seqq.Mo·

68 3743 347 3843 Magnanimitati
369 3744 536 3815 contraria
566 3742 657 3813 vitia·
689 3761 772 3833 274·
870 3751 992 3822 nialem
1007 3774 1048 3822 ex
1071 3750 1270 3822 monasterio
1295 3750 1357 3822 sibi
1381 3754 1519 3850 copula·

119 3843 381 3941 Magnanimitas
401 3840 510 3914 reddit
525 3861 646 3915 ceteras
661 3838 772 3912 virtu·
870 3850 932 3922 vit.
959 3852 1044 3942 478.
1061 3851 1141 3939 Qua
1167 3850 1296 3921 ratione
1312 3851 1435 3923 ductus
1459 3850 1522 3923 fati

119 3961 168 4014 tes
191 3944 409 4041 augustiores.
434 3946 513 4033 276.
545 3938 770 4037 Magnanimi·
869 3953 1099 4021 necessitatem
1120 3949 1302 4022 asseruerit.
1328 3950 1412 4041 480.
1440 3952 1520 4040 Ejus

120 4038 199 4112 tatis
221 4044 382 4137 exempla.
409 4058 491 4124 292.
512 4037 770 4136 Magnanimitas
868 4049 1033 4147 genitura.
1073 4068 1152 4138 505.
1201 4048 1326 4133 Quales
1363 4047 1518 4119 habuerit

118 4138 304 4234 aliquando
362 4138 537 4211 tolerantia
574 4138 768 4234 appellatur·
868 4147 1126 4218 commilitones.
1145 4166 1227 4236 515.
1255 4150 1334 4234 516.
1356 4149 1518 4237 QOfflO‘

130 4245 214 4333 3⁶4·
866 4244 914 4315 do
932 4246 1072 4341 explicet
1090 4246 1181 4316 locos
1202 4267 1309 4314 sacrae
1331 4246 1518 4341 scripturae

46 4341 248 4420 ‹Malatesta
277 4339 320 4411 de
347 4338 529 4412 Malatestis
552 4341 681 4409 Fanum
705 4356 766 4403 oc·
866 4342 909 4414 de
934 4342 1083 4414 libertate
1104 4343 1241 4413 arbitrii.
1267 4364 1346 4433 517.
1370 4364 1404 4414 et
1424 4366 1517 4438 seqq,
1543 4430 1550 4436 .

121 4436 768 4536 199117131111141116111611141·
867 4446 1039 4538 Arrogans
1059 4441 1127 4532 ejus
1145 4440 1308 4529 judicium
1333 4440 1375 4512 de
1395 4443 1518 4513 Hiero-

120 4537 216 4634 gidio
232 4541 438 4612 Alburnotio
460 4534 505 4608 ad
525 4538 673 4605 Purnum
702 4555 767 4600 nov·
866 4564 973 4638 „ymo
992 4561 1025 4611 et
1047 4541 1203 4638 origene,
1227 4563 1307 4633 527,
1332 4540 1425 4611 Nihil
1459 4565 1518 4615 ex.

123 4656 215 4706 vum.
241 4661 294 4708 ιο.
326 4646 444 4710 Pacem
468 4633 562 4731 cupit
588 4656 666 4704 cum
694 4634 767 4701 Ae·
866 4641 1051 4738 cogitavit,
1082 4639 1224 4731 quoda
1252 4639 1418 4709 veten'bus
1445 4662 1514 4709 non
1551 4680 1554 4684 >

120 4735 228 4830 gidio.
248 4761 304 4830 31·
320 4739 450 4809 Bellum
466 4735 549 4830 gerit
569 4757 648 4805 cum
670 4731 769 4800 Gen·
866 4737 966 4811 fuerit
991 4737 1201 4812 damnatum.
1223 4756 1302 4830 530·
1322 4741 1516 4832 Argumen-

119 4834 179 4908 tile
196 4835 364 4912 Molitus·
385 4859 439 4910 10·
460 4856 517 4929 31·
539 4855 596 4930 32·
614 4839 768 4917 conatur
866 4856 904 4916 ta
928 4840 997 4938 ejus
1017 4853 1139 4917 contra
1163 4835 1308 4919 liberunt
1330 4836 1518 4922 arbitrium.¹

1413 4960 1494 5032 532·
