4192 5880
466 396 601 470 aro.
639 388 1042 506 arsoruorrr
1076 395 1289 467 urnrrr.
1529 421 1572 490 γι

157 526 265 612 daret
291 521 330 609 id
347 549 513 640 quoque.
531 522 725 626 ecclesiae,
743 549 791 606 ne
814 543 961 605 amatae
976 518 1132 605 civitatis
1145 545 1299 637 gravate
1321 519 1528 637 deponeret
1542 521 1605 610 ad·

158 642 462 731 ministrationem
493 671 502 724 :
539 640 604 725 sibi
642 668 735 726 vcro
767 638 960 752 respondit
1006 638 1157 723 minime
1201 639 1240 724 id
1268 637 1349 725 fore
1382 641 1603 727 molestum.

157 761 279 856 Quod
293 759 321 845 si
335 759 458 875 aliqua
474 788 541 843 sua
553 757 683 842 merita
700 757 737 840 in
751 786 834 841 eam
857 756 1044 842 civitatem
1061 781 1267 862 exstarent,
1283 759 1358 842 hoc
1370 789 1528 876 quoque
1543 757 1609 845 lie·

155 879 185 964 ri
205 878 453 964 cumulatiora
469 876 589 980 velle,
609 901 653 960 ut
674 905 744 990 pro
759 874 868 991 ipsius
880 874 1047 960 libertate
1074 902 1119 958 ac
1134 903 1225 989 pace
1249 876 1338 960 nihil
1360 874 1470 963 ferret
1491 890 1608 994 aegro

154 997 303 1082 animo.
335 1002 388 1081 Et
415 996 465 1081 ad
482 993 705 1080 Gometium
733 993 1001 1078 Alburnotium
1026 991 1253 1108 praelectum
1284 996 1480 1079 Bononiae
1514 1025 1606 1081 con·
1779 1094 1782 1100 ὁ

149 1116 296 1220 scribit,
316 1139 362 1199 ut
377 1113 514 1199 tradita
530 1110 725 1197 successori
741 1112 847 1216 urbe,
863 1112 913 1197 ad
926 1140 965 1196 sc
978 1140 1095 1226 quam
1112 1113 1273 1227 primum
1288 1111 1445 1198 veniret.
1477 1115 1609 1207 Quem
1623 1137 1743 1192 comeso
1754 1105 1801 1192 ro

149 1232 333 1348 proficisci
361 1254 581 1351 parantem,
597 1230 724 1316 civitas
747 1259 828 1314 non
861 1228 1058 1314 immemor
1079 1228 1347 1315 beneficiorum
1363 1231 1412 1314 ab
1442 1232 1523 1347 ipso
1546 1262 1604 1318 ac·
1622 1203 1802 1369 {llllllll

152 1376 353 1465 ceptorum
382 1411 394 1456 ,
422 1347 614 1435 communi
648 1346 801 1432 consilio
847 1346 1005 1463 pulchro
1036 1347 1144 1432 simul
1187 1372 1226 1434 et
1251 1348 1416 1460 pretioso
1453 1380 1609 1438 munere
1634 1332 1712 1373 ω’

156 1491 354 1584 prosecuta
379 1466 577 1581 est,qu0d
598 1490 693 1551 essct
707 1465 803 1581 grati
819 1493 908 1581 erga
923 1466 1044 1580 ipsum
1062 1464 1175 1550 animi
1206 1466 1481 1554 testimonium.
1519 1472 1623 1556 Hoc·

155 1612 299 1671 corona
324 1582 393 1669 fuit
409 1583 565 1703 gemmis
584 1582 624 1666 in
646 1585 779 1668 orbem
796 1582 1054 1668 ‘ambientibus
1068 1580 1242 1699 frequens
1258 1645 1270 1689 ,
1285 1585 1460 1698 imposita
1481 1587 1611 1703 galeae

149 1704 271 1789 ¹serico
294 1703 451 1789 intectae
468 1763 481 1809 ,
497 1702 537 1786 in
560 1701 665 1814 cujus
680 1731 786 1786 cono
800 1701 907 1785 crista
934 1726 1014 1788 erat
1029 1763 1042 1807 ,
1060 1731 1176 1816 aqua
1205 1702 1444 1818 imaguncula
1476 1733 1611 1822 argen-

157 1844 220 1906 tea
244 1821 481 1937 prominebat
492 1820 613 1904 similis
639 1820 804 1936 angelo,
823 1818 952 1905 dextra
1008 1817 1148 1906 ladium
1161 1880 1174 1925 ,
1189 1820 1332 1906 sinistra
1357 1849 1513 1907 aureum
1542 1852 1611 1936 po-

158 1970 265 2024 mum
288 1940 456 2025 tenenti:
478 1937 582 2024 velut
610 1961 744 2023 testata
777 1936 951 2022 Bononia
981 1850 1212 2039 ibertatem
1231 1935 1424 2026 facultates
1441 1999 1454 2046 ,
1470 1967 1514 2025 ac
1547 1939 1611 2026 de·
1778 2035 1780 2041 ¹

158 2087 266 2141 mum
289 2056 544 2171 pretiosissima
558 2084 733 2171 quaeque
749 2055 852 2141 bona
875 2055 1021 2142 reddita
1049 2056 1115 2140 sibi
1147 2052 1256 2142 luisse
1273 2056 1399 2173 gladio
1430 2086 1475 2142 ac
1495 2058 1611 2144 virtu·

158 2198 199 2260 te
212 2175 411 2280 Gometii,
444 2205 525 2290 quo
545 2174 777 2288 potissimum
807 2173 975 2260 ministro
993 2173 1171 2290 Aegidius
1193 2202 1250 2258 res
1267 2175 1521 2262 Bononienses
1543 2205 1608 2290 pa·
1716 2178 1727 2199 '

157 2320 202 2377 ce
226 2291 401 2407 belloque
429 2292 770 2378 administraverat.
797 2294 896 2376 Tam
924 2316 1076 2408 gratum
1104 2287 1174 2376 fuit
1190 2292 1374 2379 Gometio
1392 2293 1610 2380 Bononien-
1626 2323 1746 2402 arastes
1766 2328 1806 2381 u.

159 2409 254 2494 sium
282 2410 428 2495 donum
446 2473 459 2516 ,
475 2434 520 2495 ut
542 2408 620 2520 ejus
636 2410 799 2527 imagine
814 2409 969 2527 insignia
998 2439 1063 2495 sua
1081 2434 1265 2524 perpetuo
1282 2412 1450 2496 decorari
1473 2411 1611 2527 glorio
1625 2391 1807 2514 {illllrlffl

158 2557 245 2612 sum
268 2528 438 2632 duxerit,
452 2526 576 2643 qualia
601 2527 722 2613 modo
748 2527 917 2614 visuntur
932 2526 1130 2613 Bononiae
1159 2528 1196 2611 in
1211 2528 1365 2614 aedibus
1381 2529 1525 2645 collegii
1544 2530 1614 2616 Hi·
1627 2509 1749 2570 ΝΜΟ·

161 2673 365 2759 spanorum
396 2645 561 2760 auspiciis
585 2645 732 2762 Aegidii
757 2645 899 2730 conditi
911 2706 924 2750 ,
945 2646 983 2729 in
1014 2645 1136 2759 lapide
1167 2644 1278 2730 incisa
1313 2675 1423 2761 supra
1454 2647 1607 2754 valvas,

162 2790 263 2877 quae
292 2762 566 2849 introeuntibus
581 2763 752 2849 secundo
778 2762 864 2851 loco
886 2761 1130 2874 objiciuntur.
1163 2767 1309 2850 Interea
1323 2762 1501 2880 Aegidius
1517 2826 1530 2870 ,
1546 2766 1614 2879 qui

160 2879 286 2964 ltaliae
316 2880 558 2996 prospiciendi
571 2877 781 2965 omnifarius
807 2881 1018 2967 occasiones
1034 2880 1209 2994 captabat
1226 2941 1239 2985 ,
1256 2881 1364 2997 quod
1380 2910 1403 2966 a
1417 2881 1512 2967 curis
1535 2883 1613 2967 bel·

162 2995 237 3080 licis
256 2994 418 3082 dabatur
445 2998 536 3102 otii,
556 2997 595 3083 id
618 3027 733 3083 omne
766 2997 805 3081 in
831 2998 1131 3087 conservandam
1163 2998 1454 3116 augendamque
1482 3027 1615 3113 pacem

161 3110 392 3199 conferebat.
426 3119 556 3229 ltaque
573 3139 617 3199 ut
631 3116 821 3219 civitates,
837 3131 966 3231 quasa
982 3140 1231 3231 tyrannorum
1253 3116 1382 3227 injuria
1392 3143 1607 3226 asseruerat,
1715 3179 1720 3187 -

162 3231 271 3316 bonis
287 3231 399 3316 etiam
428 3231 569 3349 legibus
590 3259 635 3316 ac
663 3232 829 3318 moribus
852 3231 1054 3339 formaret,
1071 3256 1194 3319 sumta
1224 3263 1248 3316 a
1270 3233 1508 3320 Pontificibus
1538 3265 1605 3321 au·

161 3349 332 3435 ctoritate
360 3345 623 3463 (nequeenim
651 3377 859 3464 paucorum
879 3351 1022 3435 dierum
1054 3351 1092 3436 id
1114 3380 1211 3465 opus
1233 3345 1326 3467 fuit)
1352 3351 1450 3469 leges
1480 3355 1606 3441 condi·

163 3466 244 3572 dit,
259 3495 357 3580 quae
373 3475 651 3552 constitutiones
668 3471 908 3580 Aegidianae
930 3468 1164 3582 appellantur
1180 3530 1193 3572 ,
1210 3492 1315 3554 tanta
1346 3472 1549 3584 sapientia,
1566 3496 1611 3557 ut
1633 3510 1805 3586 causatusq-

163 3609 250 3667 cum
279 3612 419 3700 magno
436 3584 664 3699 populorum
696 3612 879 3669 consensu
896 3612 1064 3699 receptae
1082 3615 1239 3700 ,parem
1256 3586 1456 3671 Pontificiis
1486 3613 1526 3672 et
1549 3616 1605 3672 ca·
1624 3582 1670 3678 ll&
1689 3572 1805 3704 aladii}
1932 3605 1941 3633 l

86 3759 91 3765 -
164 3701 304 3786 nonicis
327 3702 499 3788 institutis
520 3703 597 3789 vim
612 3726 651 3787 et
667 3702 927 3788 auctoritatem
951 3733 1068 3818 usque
1095 3701 1382 3818 irs-hodiemum
1395 3704 1494 3790 diem
1510 3706 1607 3791 obti-
1624 3694 1805 3818 liliarsnll¹¹²

161 3817 323 3904 merim·
1624 3808 1752 3860 ducuntur.

217 3937 379 4021 XXVII.
440 3937 513 4020 His
545 3937 654 4020 rebus
671 3936 806 4053 gestis,
832 3935 914 4020 linis
936 3936 1009 4048 jam
1042 3935 1141 4020 bello
1157 3937 1285 4023 Italico
1309 3939 1500 4052 impositus
1530 3966 1608 4029 esse

157 4050 273 4139 videri
290 4077 464 4168 poterat,
483 4084 569 4139 cum
586 4083 608 4137 a
623 4055 790 4169 tyrannis
823 4053 912 4138 nihil
944 4077 1179 4138 moveretur.
1211 4062 1309 4139 Ecce
1334 4057 1485 4144 nuntius
1502 4056 1608 4144 affer·

154 4192 217 4254 tur
244 4171 434 4257 latronum
451 4171 675 4278 exercitum,
692 4201 807 4287 quern
825 4170 1042 4257 Ambrosius
1059 4170 1214 4285 quidam
1228 4172 1447 4260 Vicecomes
1479 4176 1605 4261 ducta·
1663 4201 1800 4273 sartorum

159 4285 252 4391 bat,
267 4289 480 4374 Flaminiam
496 4315 535 4376 et
558 4287 711 4375 finitima
728 4291 811 4375 loca
828 4289 876 4375 dc
894 4288 1064 4404 populari
1081 4287 1399 4405 depraedatique,
1425 4323 1449 4377 a
1471 4295 1606 4429 quibus
1621 4273 1758 4314 ‘m‘

158 4402 399 4491 ecclesiasticis
420 4408 565 4522 oppidis
579 4436 660 4493 non
685 4408 873 4495 mediocre
890 4406 1095 4521 periculum
1124 4430 1239 4521 atque
1272 4407 1454 4495 damnum
1483 4412 1602 4497 immi·

161 4547 286 4608 neret.
318 4524 387 4608 His
403 4525 503 4608 malis
526 4553 570 4612 ut
584 4550 795 4611 occurreret
808 4524 987 4641 Aegidius
1001 4585 1013 4626 ,
1026 4523 1170 4639 magnis
1199 4523 1385 4610 itineribus
1408 4557 1453 4613 ea
1479 4559 1604 4616 versus

162 4640 244 4725 loca
271 4641 486 4744 contendit,
502 4672 599 4756 quae
626 4643 820 4729 lenociniis
855 4638 1150 4747 infestabantur,
1167 4666 1206 4728 et
1232 4671 1270 4728 se
1298 4671 1385 4728 cum
1401 4644 1603 4755 Gometio,

159 4785 275 4961 qqem
298 4758 455 4846 obvium
471 4756 620 4864 habuit,
641 4757 850 4870 conjunxit.
881 4762 971 4843 Hoc
987 4760 1052 4843 ubi
1069 4760 1269 4845 Ambrosio
1294 4760 1446 4847 allatum
1467 4788 1550 4870 est,
1579 4796 1603 4850 a

214 4875 295 4963 ibus
329 4875 572 4964 ecclesiasticis
601 4906 739 4994 agmen
764 4876 940 4965 abduxit.
971 4877 1052 4973 Qui
1080 4878 1233 4965 nuntius
1264 4907 1346 4965 non
1374 4903 1452 4966 tam
1475 4905 1603 5000 gratus

1501 5000 1608 5117 Aegi·
