4034 5858
489 407 493 416 '
548 394 745 470 ORATIO
770 396 839 465 AD
862 394 1043 466 ,CAROL
1067 393 1125 464 ‘Vs
1158 415 1162 427 ²
1460 424 1521 493 371

98 522 352 642 appellamus,
378 546 417 612 et
431 523 565 642 gravis
582 531 822 629 armaturae,
846 552 923 639 qua
949 520 1066 610 nostri
1084 519 1227 638 equites
1249 520 1415 610 instructi
1440 523 1547 616 facile

95 675 213 759 parva
233 670 357 731 turma
374 673 558 760 magnum
573 643 739 728 hostium
764 641 978 757 equitatum
1005 666 1239 757 prosternat.

154 767 260 851 XlX.
323 768 500 880 Agnosce
516 762 627 879 igimr
643 823 656 868 ,
673 767 898 877 {Imperator
917 760 1108 865 maxime,
1138 761 1232 848 vires
1256 783 1365 866 tuas,
1392 785 1431 848 et
1455 787 1545 852 tuo·

97 909 181 967 rum
199 882 377 968 virtutem
396 883 538 987 ,robur
551 906 592 967 et
607 881 764 969 invictos
780 880 925 965 animos
937 903 1029 966 ante
1042 879 1175 969 oculos
1191 897 1335 995 ponens
1351 878 1542 984 ,hostium

92 1002 292 1097 vecordiae
308 1061 319 1103 ,
337 999 592 1086 imbecillitatis
608 1023 725 1116 atque
739 999 912 1116 ignaviae
935 999 1158 1101 recordare,
1185 1026 1256 1084 nec
1271 997 1441 1084 dubitare
1454 1028 1540 1114 pot-
1574 1062 1576 1065 -

91 1117 191 1223 eris,
219 1148 338 1234 quam
356 1118 401 1204 sit
431 1118 629 1235 indignum
647 1180 660 1222 ,
688 1142 726 1204 te
744 1118 971 1204 Germaniae
987 1117 1182 1232 Principe,
1212 1115 1477 1230 Hispaniarum
1495 1147 1539 1204 ac
1586 1223 1610 1234 ν

91 1258 153 1322 tot
176 1236 451 1349 provinciarum
468 1241 604 1354 Rege,
624 1236 807 1352 simulque
822 1241 1085 1322 Romanorum
1101 1243 1352 1349 Imperatore,
1367 1235 1429 1323 vel
1439 1234 1538 1327 inlie

90 1352 208 1441 nitam
223 1361 432 1440 Turcarum
451 1354 727 1441 multitudinem
752 1383 833 1440 non
848 1380 1140 1458 contemnere,
1167 1382 1255 1443 cum
1276 1353 1316 1437 in
1338 1383 1404 1440 eos
1413 1372 1418 1445 ἶ
1426 1354 1540 1465 justas

91 1493 251 1558 tuorum
267 1472 392 1587 copias
420 1473 614 1579 eduxeris,
630 1481 732 1589 quas
750 1473 816 1560 tibi
833 1473 937 1559 haud
953 1470 1101 1560 difficile
1122 1469 1294 1586 profecto
1306 1467 1421 1565 fuerit
1432 1490 1538 1567 com.-

92 1618 251 1703 parare,
276 1591 395 1678 immo
413 1590 488 1704 jam
513 1593 794 1706 propemodum
810 1591 925 1681 habes
942 1589 987 1676 in:
1006 1590 1107 1676 Italia
1123 1595 1536 1704 comparatas.;jP,arvo

89 1707 190 1797 enim
205 1708 530 1824 supplemento‘ex
557 1708 612 1793 his
638 1706 731 1794 fiant
746 1709 828 1794 duo
844 1708 926 1821 justi
949 1726 1064 1825 atque
1091 1708 1244 1824 legitimi
1268 1704 1532 1804 exercitusele

87 1849 238 1915 storum
266 1822 435 1914 virdrum
461 1888 474 1933 ,
500 1855 599 1942 quos
629 1823 772 1912 fortiter
800 1855 973 1941 opponas
1013 1825 1186 1943 quamvis
1217 1825 1434 1913 innumerae
1454 1826 1533 1925 lor·

86 1945 184 2031 tium
209 1945 409 2062 gentium,
433 1944 575 2031 nedum
607 1943 809 2031 imbellium
841 1944 1096 2050 multitudini,
1119 1970 1169 2031 rut
1195 1970 1339 2037 veteres
1354 1949 1531 2048 ,Romani

87 2062 157 2150 viri
188 2090 335 2151 summa
357 2064 411 2151 rei
438 2062 606 2150 militaris
622 2088 660 2150 et
685 2063 858 2157 doctrina
879 2089 918 2149 et
946 2063 1169 2176 experientia
1189 2060 1435 2172 factitabant,
1456 2068 1531 2183 ‘qui

85 2179 187 2267 orbis
204 2206 385 2269 terrarum
402 2181 575 2289 victores,
590 2211 680 2272 cum
703 2181 847 2268 infinita
863 2180 1068 2268 multitudo
1083 2210 1128 2270 ex
1146 2183 1319 2301 gentibus
1335 2187 1530 2301 pugnacis·
1659 2249 1674 2261 ‚.

84 2298 183 2385 simis
208 2300 438 2408 rebellasset,
466 2301 579 2386 nimia
594 2299 807 2388 necessitate
826 2327 1016 2418 cogente,
1046 2300 1144 2387 duos
1165 2302 1280 2401 duces
1309 2330 1398 2387 cum
1422 2305 1525 2403 duo·
1538 2291 1721 2413 ξιὶῗξῑὶἷῖῗὲἳῑ

84 2415 156 2501 bus
180 2416 280 2526 justis
303 2417 519 2505 exercitibus
543 2417 771 2525 mittebant,
799 2420 938 2533 justum
964 2418 1166 2504 exercitum
1190 2420 1360 2533 peditum
1377 2421 1525 2538 viginti,
1542 2413 1681 2501 ‘'ud‘Rffl‘.

84 2534 257 2650 equitum
272 2562 439 2652 quatuor
454 2535 564 2622 millia
588 2533 834 2627 definientes:
863 2534 1040 2648 majorem
1059 2566 1224 2653 namque
1247 2537 1525 2631 multitudinem

81 2675 123 2738 et
136 2652 304 2741 inutilem
322 2684 497 2773 pugnae,
516 2678 556 2740 et
570 2649 674 2740 facile
689 2679 921 2740 commeatus
935 2655 1062 2768 inopia
1077 2655 1248 2741 laborare
1274 2659 1523 2771 reperiebant,

79 2770 185 2881 cuius
202 2772 253 2859 rei
276 2773 420 2861 Flavius
437 2801 592 2890 quoque
608 2772 789 2888 Vegetius
805 2773 844 2858 in
860 2802 909 2859 eo
926 2771 1020 2858 libro
1039 2775 1236 2879 meminit,
1263 2804 1393 2891 quem·
1410 2778 1458 2864 de
1485 2809 1525 2867 re

77 2890 228 2985 *militari
242 2892 291 2976 ad
305 2891 608 2979 Valentinianum
621 2895 821 2978 Caesarem
835 2891 1104 3009 diligentissime
1118 2921 1162 2977 ac
1178 2893 1417 2980 eruditissime
1432 2926 1524 2983 con·

78 3008 231 3123 scripsit.
262 3010 343 3095 Nisi
374 3009 473 3097 forte
497 3010 680 3128 quoniam
712 3039 807 3096 auro
834 3011 1038 3126 ceterisque
1072 3011 1205 3097 divitiis
1216 3008 1435 3099 affluentior
1465 3040 1522 3103 est

68 3130 293 3212 aurearum
322 3131 525 3237 exercitus,
549 3129 727 3215 idcircoa
750 3129 910 3236 nostris,
934 3129 1000 3245 qui
1028 3131 1160 3214 armati
1187 3126 1287 3215 ferro
1305 3189 1318 3235 ,
1335 3161 1414 3216 non
1443 3157 1522 3232 torf

77 3245 217 3360 quibus
242 3248 365 3334 ornati
380 3248 430 3336 ad
446 3248 624 3365 praelium
641 3249 880 3364 procedunt,
903 3247 1080 3334 cumdem
1110 3246 1291 3334 invictum
1307 3278 1384 3335 esse
1407 3278 1522 3364 puta-7

78 3393 163 3450 mus
182 3426 195 3471 ,
225 3392 312 3451 cum
328 3366 444 3485 longe
460 3368 563 3472 aliter
578 3396 653 3454 sese
669 3396 725 3453 res
743 3368 909 3470 habeat,
934 3386 1028 3451 auro
1044 3394 1208 3481 namque
1222 3368 1348 3453 onusti
1371 3369 1515 3474 milites,

76 3508 147 3566 cur
158 3484 434 3598 exspolientur,
460 3487 605 3572 habent
620 3547 633 3592 ,
648 3514 728 3570 non
744 3514 810 3570 cur
835 3509 1073 3571 metuantur.
1106 3491 1149 3569 ln
1166 3515 1282 3601 quam
1298 3487 1520 3582 sententiam

76 3601 244 3687 ’Annibal
270 3605 501 3720 respondisse
517 3601 635 3690 l'ertur
651 3604 844 3692 Antiocho
860 3602 991 3689 milites
1014 3632 1102 3689 suos
1126 3604 1285 3718 pretiose
1299 3630 1465 3711 armatos
1479 3629 1520 3707 et

73 3746 175 3804 auro
201 3715 385 3835 fulgentes
400 3723 628 3809 ostentanti.
661 3727 832 3840 Rogatus
847 3722 947 3808 enim
972 3723 1022 3808 ab
1037 3751 1086 3808 eo
1104 3782 1117 3826 ,
1132 3748 1264 3815 utrum
1291 3723 1377 3809 satis
1409 3724 1442 3809 ei
1459 3724 1520 3811 vi-

73 3834 232 3923 riumin
256 3839 318 3924 tali
348 3841 509 3928 exercitu
525 3842 574 3927 ad
599 3842 829 3957 superandos
845 3847 1038 3927 Romanos
1053 3869 1130 3926 esse
1144 3841 1359 3927 videretur:
1389 3842 1520 3950 Plane,

72 3953 228 4071 inquit,
252 3958 346 4043 haec
363 3971 461 4043 satis
482 3959 576 4066 fore
598 3975 691 4068 puto
715 3961 894 4047 Romanis
912 4020 926 4065 ,
943 3986 1159 4068 quamquam
1183 3968 1408 4045 avarissimi
1426 3970 1518 4051 sint.

73 4072 206 4179 Quare
223 4075 327 4181 noli,
361 4081 527 4186 Caesar,
551 4077 713 4184 solicitus
727 4107 837 4184 esse,
868 4079 1004 4195 quibus
1039 4078 1176 4194 opibus
1205 4078 1347 4164 bellum
1374 4079 1519 4185 ducas,

75 4190 212 4304 quibus
226 4191 462 4282 facultatibus
476 4221 561 4284 tuas
577 4197 702 4313 copias
718 4197 857 4284 diutius
878 4198 954 4287 alas
971 4197 1156 4310 :incepto
1177 4221 1327 4282 rantum
1342 4227 1440 4313 opus
1447 4221 1521 4305 est,

76 4331 201 4394 cetera
215 4340 272 4397 res
285 4313 363 4428 ipsa
379 4315 560 4430 expediet.
578 4316 722 4402 Sienim
735 4318 883 4406 hostem
899 4315 1011 4403 semel
1025 4315 1164 4430 praelio
1181 4316 1357 4402 deviceris
1374 4312 1521 4432 (quam

74 4426 273 4514 victoriam
287 4455 353 4517 tua
369 4433 436 4520 tibi
452 4459 685 4551 tuorumque
700 4435 817 4523 virtus
831 4462 869 4521 ct
884 4432 1036 4522 fortuna
1053 4495 1066 4540 ,
1082 4458 1123 4518 et
1138 4434 1307 4521 Christus
1326 4435 1404 4549 ipse
1418 4497 1430 4540 ,
1449 4465 1521 4551 pro

72 4544 184 4658 crtjus
206 4550 337 4664 populi
353 4552 532 4667 blibertate
555 4579 671 4670 atque
693 4556 809 4640 salute
833 4553 1040 4672 pugnabis,
1067 4551 1317 4640 indubitatam
1346 4553 1523 4668 pollicen-

61 4663 166 4778 tur)
196 4669 335 4780 praeda
365 4670 476 4785 ipsa,
501 4699 540 4758 et
566 4673 733 4759 hostium
766 4674 923 4762 exuviae
952 4670 1104 4761 abunde
1126 4671 1166 4757 in
1189 4672 1348 4791 longum
1375 4697 1526 4787 tempus

65 4778 266 4871 -sufficient
277 4787 326 4874 ad
341 4789 467 4904 copias
482 4814 564 4877 tuas
578 4791 835 4878 nutriendum.

121 4902 213 4996 XX·
261 4906 337 4998 Sed
353 4907 447 5029 quid
462 4937 538 5028 ego
551 4937 672 5028 parva
685 4909 839 5033 loquor,
851 4936 891 5000 et
906 4911 955 5000 de
967 4938 1175 5002 castrorum
1189 4911 1424 5026 aditumque
1440 4939 1530 5011 exu-

927 5037 1050 5123 naar
1466 5026 1534 5118 viis
