4192 5880
519 369 656 443 rno.
692 364 1309 442 transsumuntur
1576 389 1618 465 ις

245 495 386 585 XVIII.
444 492 604 582 Paucis
594 489 791 605 interiectis
806 489 938 578 diebus
956 488 1111 577 allatum
1135 515 1191 579 est
1206 554 1219 599 ,
1235 493 1524 603 Urbevetanos,
1541 523 1642 613 quae

191 619 346 724 civitas,
361 644 450 701 cum
473 639 558 701 tota
573 609 746 700 Pontifici
772 633 945 746 pateret,
960 635 1091 698 tamen
1124 610 1273 699 induas
1304 611 1483 700 factiones
1501 612 1647 703 Μιιιιιι-

188 763 266 824 tam
278 762 318 823 et
332 679 614 820 inarchumam
627 729 918 836 scindebatur,
910 731 1085 818 intestino
1103 731 1204 817 bello
1221 732 1351 819 acriter
1366 732 1510 851 agitari.
1540 740 1644 824 Nam

187 881 293 943 extra
322 854 440 941 multa
454 855 545 940 data
567 875 794 966 acceptaque
818 851 975 939 vulnera
989 851 1230 967 plurimos
1199 880 1297 941 crves
1322 849 1533 941 interfectos
1559 851 1643 941 fuis·

186 1006 227 1062 se
260 975 525 1061 nuntiabatur.
554 971 619 1059 Ad
635 999 731 1106 quas
748 969 947 1056 discordias
972 970 1206 1058 sedandas
1170 1000 1294 1060 vrtum
1320 973 1541 1066 auctoritate
1564 1003 1645 1111 gra·

188 1125 278 1182 vem
308 1119 347 1180 et
374 1095 484 1180 rebus
504 1089 615 1228 gestis
637 1089 819 1224 insignem
845 1089 957 1176 mittit
973 1152 986 1195 ,
1001 1090 1069 1206 qui
1088 1090 1187 1179 cives
1216 1091 1321 1208 gravi
1348 1092 1519 1178 oratione
1542 1092 1646 1180 casti

191 1240 304 1332 gatos
332 1212 381 1297 ad
398 1209 642 1299 concordiam
670 1207 847 1295 omnibus
861 1210 1066 1298 rationibus
1091 1212 1263 1297 hortatus
1280 1236 1357 1296 est.
1383 1217 1436 1297 Et
1451 1240 1539 1296 cum
1564 1241 1648 1328 per·

187 1359 344 1448 petuam
360 1359 493 1467 pacem
518 1331 716 1444 impetrate
732 1324 879 1414 difficile
895 1354 1019 1436 esset,
1036 1326 1175 1416 factis
1165 1360 1205 1414 m
1219 1358 1363 1414 annum
1379 1330 1531 1416 induciis
1548 1391 1560 1435 ,
1578 1331 1648 1417 ob·

190 1452 284 1538 sides
299 1451 490 1566 utriusque
519 1446 689 1534 factionis
706 1447 961 1563 principibus
953 1449 1176 1564 rmpetavit,
1200 1450 1435 1565 accepitque.
1463 1452 1645 1536 Domesti·
1660 1475 1840 1598 1υιινειειιιοι

188 1570 239 1654 cis
267 1569 512 1656 seditionibus
545 1567 659 1656 levati
674 1567 936 1673 Urbevetani,
952 1569 1092 1655 bellum
1122 1597 1253 1654 omnes
1271 1570 1412 1680 Joanni
1425 1567 1524 1655 Vico
1557 1565 1649 1661 infe-
1660 1535 1842 1657 iiiiiiw

187 1690 297 1775 rendi
329 1688 553 1775 consilium
534 1688 636 1774 tnire
652 1711 885 1802 coeperunt.
911 1687 1006 1782 Quo
1038 1687 1222 1820 cognito,
1240 1688 1405 1798 Joannes
1420 1687 1536 1773 Vicus
1550 1686 1650 1803 adeo

186 1835 404 1895 commotus
432 1833 515 1914 est,
532 1833 577 1893 ut
600 1805 746 1893 collatis
770 1805 949 1891 omnibus
972 1805 1166 1911 viribus,
1156 1835 1197 1890 ιιι
1227 1806 1494 1891 Urbevetanos
1520 1831 1648 1896 totum

191 1926 336 2012 bellum
367 1927 616 2014 converterit.
648 1924 801 2022 Quibus
828 1925 1034 2039 superatis,
1040 1952 1352 2061 ’expugnataque
1375 1925 1496 2029 urbe,
1526 1926 1651 2018 multis

191 2046 400 2159 promiscue
423 2045 590 2151 necatis,
604 2044 646 2128 in
665 2043 808 2159 primos
821 2071 997 2160 quosque
1017 2044 1174 2132 civitatis
1201 2040 1438 2129 multifariam
1465 2044 1651 2133 saevitum

189 2189 268 2249 est.
298 2170 499 2250 Postremo
530 2194 668 2281 magna
691 2163 730 2250 vi
751 2163 994 2277 pecuniarum
1015 2162 1193 2252 universis
1220 2165 1433 2280 imperata,
1456 2163 1648 2276 quosdam

183 2311 315 2371 secum
340 2283 512 2399 captivos
526 2282 657 2369 duxit.
686 2283 767 2383 Qui
782 2283 1136 2398 postealibertatem
1149 2283 1199 2368 ab
1213 2311 1262 2368 ιο
1279 2307 1371 2368 octo
1389 2281 1547 2367 rrrilIibtu
1578 2282 1651 2371 du-

189 2427 365 2488 catorum
380 2403 649 2488 redemerunt.

248 2523 355 2606 XIX.
417 2523 517 2613 Quo
536 2546 713 2636 tempore
741 2520 977 2609 Urbevetani
1000 2520 1144 2608 bellum
1173 2522 1349 2608 adversus
1378 2519 1567 2632 Joannem
1584 2520 1645 2608 Vi·
1664 2548 1774 2601 vsterut
1804 2564 1844 2602 tu·

188 2665 279 2725 cum
306 2638 584 2746 moliebantur,
599 2641 741 2726 eodem
754 2641 942 2748 Vitetbii,
957 2644 1021 2725 cui
1047 2647 1177 2727 Petrus
1204 2641 1319 2725 Vicus
1348 2639 1534 2772 Joannis·
1537 2635 1650 2728 frater
1665 2613 1758 2723 ιιιιιως
1773 2612 1844 2661 ‘³¹⁰¹'

189 2783 387 2872 praeerat,
405 2758 540 2895 ingens
559 2759 772 2844 animorum
799 2764 1010 2845 commotio
1038 2757 1137 2846 facta
1168 2786 1248 2846 est.
1282 2759 1453 2854 Quidam
1475 2755 1576 2842 enim
1604 2789 1651 2848 ex

190 2876 473 3006 primoribus
441 2877 606 2964 civitatis
612 2877 922 2995 ,conspiratione
948 2878 991 2964 in
1012 2903 1219 2993 tyrannum
1247 2875 1370 2982 facta,
1393 2905 1480 2961 cum
1506 2900 1646 2964 trecen·

187 3002 319 3079 torum
346 3021 577 3082 armatorum
604 3027 721 3082 manu
736 3059 749 3101 ,
765 3027 885 3112 quam
910 2996 1056 3083 occulte
1076 3004 1305 3114 coegerant,
1327 3024 1469 3111 magno
1486 2995 1651 3086 clamore

187 3112 351 3198 excitato
369 3174 385 3216 ,
400 3115 587 3230 populum
610 3114 663 3200 ad
686 3115 898 3202 libertatem
925 3143 1065 3203 vocare
1085 3141 1314 3253 coeperunt.
1349 3116 1445 3207 Quo
1461 3114 1648 3230 cognito,

187 3234 325 3319 Petrus
340 3233 454 3318 Vicus
472 3235 686 3349 extemplo,
698 3233 904 3320 amicorum
918 3235 1104 3340 cohorte,
1116 3265 1214 3349 quos
1231 3237 1315 3320 satis
1331 3258 1480 3369 paratos
1497 3235 1644 3342 babuit,

186 3376 437 3466 comparata,
456 3349 582 3439 forum
598 3352 831 3468 occupavit,
844 3351 912 3438 ubi
923 3382 1012 3438 acre
1024 3354 1204 3468 praelium
1228 3352 1468 3438 commissum
1502 3378 1581 3458 est,
1598 3381 1644 3439 ac

190 3470 349 3556 demum
372 3471 620 3588 populatesin
634 3467 766 3606 fugam
782 3471 967 3586 conjecti.
991 3473 1174 3566 Quorum
1198 3474 1306 3557 multi
1331 3470 1591 3587 comprehensi
1606 3497 1647 3560 ιι

187 3590 369 3722 supplicio
394 3588 518 3677 affecti
532 3616 649 3676 sunt:
662 3591 757 3675 inter
770 3621 873 3726 quos
893 3614 1060 3706 quatuor
1083 3621 1129 3678 ex
1145 3592 1336 3678 nobilitate
1353 3591 1469 3674 securi
1498 3619 1643 3703 percus

188 3706 321 3808 si3ali'r
347 3739 441 3796 veto
470 3711 605 3796 timore
636 3709 818 3823 perterriti
805 3706 923 3825 fuga
938 3735 1101 3796 mortem
1126 3711 1341 3798 vitaverunt
1362 3768 1375 3814 ,
1395 3736 1561 3844 quotum
1593 3739 1644 3795 o-

177 3825 333 3911 ·mnium
347 3828 455 3914 bonis
472 3827 693 3964 publicatis,
706 3857 891 3946 magnum
904 3828 992 3916 inde
1010 3831 1177 3965 Joannes
1191 3829 1307 3914 Vicus
1323 3828 1564 3944 pecuniarum
1577 3856 1643 3915 nu

185 3972 334 4032 metum
351 3947 562 4074 congessit
594 3945 665 4031 His
681 3945 790 4033 rebus
805 3945 948 4054 fiebat,
962 3972 1008 4034 ut
1032 3948 1109 4066 ejus
1124 3948 1163 4032 in
1188 3947 1482 4067 diesauctoritas
1492 3975 1536 4031 ac
1561 3946 1643 4062 opi·

173 4062 252 4149 'nio
278 4090 484 4172 cresceret,
505 4091 544 4153 et
567 4065 745 4169 exercitus
760 4094 986 4184 augeretur

246 4183 337 4272 XX.
392 4129 508 4278 Qua’e
527 4215 615 4271 cum
636 4184 799 4302 Aegidio
816 4215 899 4272 non
918 4186 994 4272 sine
1005 4186 1148 4305 ingenti
1171 4185 1250 4299 ejus
1275 4185 1407 4275 dolore
1425 4186 1643 4273 nuntiaren

185 4324 280 4402 tut,
297 4305 472 4390 nondum
502 4330 731 4391 tamencum
755 4305 867 4391 hoste
882 4306 1021 4422 praelio
1043 4308 1241 4393 decernere
1259 4367 1272 4412 ,
1289 4335 1408 4421 aquo
1425 4330 1504 4391 tam
1528 4305 1643 4439 longe

179 4447 349 4507 numero
365 4423 523 4509 militum
539 4426 782 4538 superabatur
800 4486 811 4530 ,
831 4454 877 4512 ex
892 4456 962 4511 usu
985 4455 1063 4512 esse
1090 4451 1217 4531 ratus,
1237 4455 1314 4512 sese
1343 4423 1501 4511 hibernis
1517 4425 1644 4507 conti-

184 4538 308 4626 nebat
321 4569 565 4656 ,exspectans
581 4545 674 4631 dum
700 4543 871 4677 auribus,
869 4574 976 4661 quae
997 4576 1021 4629 a
1046 4541 1227 4631 Pontifice
1254 4544 1438 4630 mittenda
1453 4566 1584 4647 etant,
1604 4568 1644 4628 se

184 4684 275 4744 cum
297 4685 425 4745 cetero
441 4664 601 4750 exercitu
630 4662 921 4781 conjungerent.
957 4662 1031 4751 Sed
1054 4692 1142 4750 cum
1161 4663 1298 4752 diutius
1323 4664 1416 4748 haec
1446 4688 1644 4747 moraren-

169 4800 250 4862 -ιιιι
261 4777 545 4896 ,Ilongumque
556 4782 745 4868 videretur
762 4807 999 4901 exspectare,
1019 4813 1089 4871 ιιιι
1120 4815 1226 4872 suam
1240 4808 1318 4899 pan
1307 4779 1582 4899 dignitatem,
1600 4803 1644 4864 ut

170 4894 339 5015 -im'pune
352 4901 521 5018 Joannes
536 4899 652 4992 Vicus
682 4931 816 5019 agrum
830 4902 1057 4994 FaIiscotum
1087 4903 1228 4996 crebris
1238 4900 1519 5020 incursionibus
1545 4927 1645 5031 quo·

1599 5012 1645 5103 ti-
