4140 5872
517 398 583 450 tto
688 341 690 346 ’
738 368 1688 469 JoANN.cENE81151=.nULVEDAE

172 558 173 561 κ
307 525 497 598 ornantia,
547 506 654 589 XVI.
715 501 884 587 Diximus
910 497 959 583 de
983 493 1089 612 regni
1120 517 1158 580 et
1188 496 1396 609 tyrannidis
1423 496 1657 588 differentia:
1676 505 1846 620 sequitur
1871 534 1939 614 ,ut

297 600 468 712 {illidii-⁶
487 623 536 710 de
562 649 661 710 statu
692 623 919 736 optimarum
960 639 1000 700 er
1031 641 1245 728 paucorum
1274 615 1446 730 potentia
1459 625 1608 708 Graece
1626 618 1877 729 &porcarella
1907 655 1942 717 et

311 710 392 762 ‘'¹¹²“
488 743 701 863 ὀλιγαρχία
729 738 833 833 dictis
862 736 1001 822 eodem
1028 733 1151 818 modo
1176 732 1420 822 disseramus:
1445 769 1682 856 quamquam
1710 742 1851 829 horum
1870 748 1942 833 rei·

490 862 660 978 publicae
691 887 875 976 generum
903 854 1038 942 eadem
1069 881 1192 967 paene
1219 849 1426 942 dlfferentia
1454 884 1539 964 est,
1569 888 1669 976 quae
1694 862 1802 978 regni
1827 889 1940 981 atque

492 978 724 1094 tyrannidis.
756 985 826 1063 Est
851 976 952 1061 enim
986 996 1103 1058 status
1132 971 1390 1086 optimatum,
1416 1001 1460 1062 ur
1491 1007 1604 1093 supra
1633 982 1939 1091 memoravimus,

490 1097 717 1215 respublica,
739 1096 778 1181 in
806 1124 884 1211 qua
914 1091 1024 1209 pauci
1055 1089 1124 1176 viri
1154 1091 1290 1206 optimi
1314 1094 1365 1180 ad
1396 1095 1585 1209 publicam
1610 1097 1774 1185 ‚civitatis
1807 1103 1941 1190 utilita-

490 1242 570 1304 tem
595 1247 674 1302 rem
709 1243 957 1301 communem
990 1208 1282 1316 administrant,
1311 1214 1361 1299 ad
1403 1216 1512 1329 quod
1542 1244 1662 1333 genus
1694 1243 1840 1306 ceterae
1869 1224 1936 1308 fei.

490 1336 660 1453 publicae
687 1332 927 1437 referuntur,
956 1329 995 1414 in
1027 1328 1164 1444 quibus
1189 1331 1307 1418 virtus
1338 1329 1454 1417 etiam
1484 1362 1572 1418 cum
1597 1334 1673 1421 aliis
1704 1333 1940 1428 facultatibus

298 1518 315 1531 ·.
432 1560 434 1563 Ι
490 1456 541 1542 ad
570 1457 736 1541 honores
767 1478 807 1538 et
835 1450 1071 1568 magistratus
1100 1444 1353 1566 suffragatur,
1377 1475 1421 1536 ut
1451 1453 1804 1570 Carthaginensium
1830 1486 1940 1547 vetus

405 1575 426 1587 '⁴
460 1576 476 1584 '⁴
490 1573 697 1690 respublica
729 1633 742 1678 ,
781 1571 821 1656 in
853 1600 932 1686 qua
965 1566 1178 1663 divitiarum
1210 1592 1258 1657 ac
1282 1566 1426 1656 virtutis
1460 1597 1499 1657 et
1531 1573 1662 1687 populi
1695 1576 1790 1660 ratio
1820 1576 1941 1665 duce-⁴

490 1694 631 1795 batur,
661 1717 700 1778 et
729 1687 1151 1791 Lacedaemoniorum,
1181 1686 1220 1770 in
1247 1716 1326 1802 qua
1357 1689 1452 1780 ratio
1481 1691 1672 1806 popularis
1702 1722 1787 1779 cum
1819 1695 1937 1782 virtue

490 1811 817 1927 remiscebamr:
862 1838 952 1894 nam
991 1806 1086 1891 haec
1116 1830 1232 1892 status
1278 1808 1506 1921 optimatum
1548 1840 1688 1927 genera
1730 1811 1939 1902 dicuntur.

492 1933 707 2018 Paucorum
738 1959 832 2016 vero
860 1926 1031 2042 porentia
1063 1950 1148 2029 est,
1177 1924 1216 2008 in
1246 1952 1324 2038 qua
1355 1928 1464 2039 pauci
1495 1928 1628 2015 divites
1659 1929 1855 2045 imperium
1890 1934 1940 2020 ad

489 2079 598 2165 suam
631 2047 943 2136 commoditatem
976 2041 1175 2130 referentes
1207 2041 1480 2143 dominantur.
1510 2052 1601 2133 Post
1632 2075 1842 2134 commune.
1869 2050 1941 2168 igi

490 2192 553 2272 tut
586 2193 708 2255 rectae
740 2192 953 2281 pravaeque
986 2161 1208 2277 reipublicae
1221 2160 1459 2268 discrimen,
1489 2167 1600 2279 quod
1623 2166 1674 2265 ‚in
1704 2165 1820 2252 altera
1835 2175 1939 2253 com-fi

490 2274 615 2400 inunis
641 2286 807 2402 populi,
838 2284 877 2369 in
906 2282 1019 2366 altera
1049 2280 1193 2394 privata
1218 2308 1362 2395 suaque
1395 2284 1647 2370 commoditas
1672 2284 1940 2399 imperantibus

489 2431 547 2500 est
573 2404 795 2521 proposira3
827 2399 995 2518 proxima
1026 2395 1231 2507 differentia
1255 2422 1341 2505 est,
1370 2402 1480 2516 quod
1509 2402 1548 2486 in
1577 2426 1687 2489 staru-
1708 2404 1938 2518 optimatum

489 2523 559 2610 viri
598 2524 731 2638 optimi
763 2546 802 2607 er
831 2517 1102 2636 prudentissimi
1128 2515 1325 2631 imperium
1359 2542 1529 2624 tenent,
1564 2519 1602 2604 in
1634 2551 1844 2637 paucorum
1870 2555 1938 2640 po·

490 2642 609 2737 tentia
638 2640 809 2727 homines
837 2636 997 2753 improbi
1024 2660 1064 2720 et
1095 2635 1237 2736 asturi,
1263 2636 1465 2751 utrobique
1482 2639 1618 2725 scilicet
1647 2640 1775 2754 pauci:
1797 2642 1931 2728 utrius

491 2786 568 2875 que
597 2760 810 2874 exemplum
840 2780 964 2871 petere
995 2753 1079 2850 licet
1101 2782 1123 2838 e
1146 2758 1322 2837 Romana
1355 2754 1565 2869 republica.
1596 2764 1699 2842 Nam
1716 2758 1864 2875 regibus
1882 2790 1938 2845 ex·

491 2880 580 2985 actis
597 2941 623 2989 ,r
638 2909 728 2963 cum
760 2874 972 2961 Consulum
1014 2897 1053 2957 et
1082 2875 1238 2956 Senatus
1269 2869 1502 2959 delectorum
1545 2875 1679 2962 scilicet
1723 2901 1762 2962 et
1799 2878 1937 2964 virtute

490 2998 759 3112 praestantium
785 2995 952 3081 virorum
986 2991 1142 3095 consilio
1179 3013 1218 3075 et
1247 2991 1470 3077 auctoritate
1501 3022 1558 3078 tes
1590 2994 1801 3080 communis
1830 3025 1936 3114 gere·

492 3116 605 3202 batur
635 3177 648 3222 ,
675 3114 850 3200 nondum
882 3109 979 3225 plebi
1007 3139 1072 3222 per
1104 3107 1299 3193 Tribunos
1327 3108 1483 3222 imperio
1515 3113 1827 3218 communicato,
1862 3118 1942 3199 Ro·

311 3334 314 3338 ¹
385 3311 388 3315 .
492 3262 608 3319 mana
637 3231 843 3349 respublica
875 3253 992 3315 status
1022 3250 1103 3311 erat
1139 3225 1398 3340 optimatum.
1445 3233 1558 3314 Tunc
1589 3259 1685 3318 vero
1731 3259 1941 3347 paucorum

311 3353 328 3415 Q
350 3420 364 3435 ..
414 3428 416 3431 .
494 3353 664 3466 potentia
693 3414 705 3458 ,
734 3380 822 3453 cum
852 3345 1021 3434 Caesaris
1055 3370 1094 3431 et
1123 3344 1292 3458 Pompeii
1323 3347 1549 3463 Crassique,
1586 3374 1742 3463 etpost
1780 3379 1846 3436 eos
1862 3355 1942 3436 Au·

421 3483 426 3493 '
494 3472 623 3588 gusti,
650 3469 780 3586 Lepidi
801 3496 848 3575 ¹,et
880 3464 1039 3551 Antonii
1069 3463 1188 3549 libido
1217 3462 1511 3549 dominabatur.
1545 3470 1650 3552 Nam
1676 3491 1835 3582 uterque
1874 3468 1944 3552 tri*

494 3574 703 3677 umviratus
735 3616 837 3674 mera
862 3582 1062 3697 dynastia,
1082 3583 1158 3667 hoc
1185 3606 1241 3667 est
1269 3606 1478 3669 extremum
1504 3610 1544 3670 et
1576 3586 1941 3700 pessimumpauco

495 3737 581 3793 rum
615 3706 808 3823 potentiae
838 3731 956 3820 genus
985 3697 1081 3786 fuit.
1116 3698 1179 3786 Ad
1209 3729 1395 3785 summam
1427 3701 1670 3816 optimatibus
1698 3703 1818 3790 idest
1855 3735 1942 3818 pro·

496 3826 690 3940 positum,
722 3820 830 3940 quod
851 3820 1027 3938 regibus,
1053 3845 1097 3908 ut
1126 3847 1214 3920 cum
1243 3818 1382 3915 civitati
1408 3820 1634 3927 universae,
1667 3846 1749 3906 tum
1782 3821 1941 3941 singulo

496 3973 583 4034 rum
614 3943 753 4030 civium
779 3939 912 4045 saluti,
939 3937 1111 4055 dignitati
1141 3962 1179 4022 et
1206 3936 1417 4038 commodis
1446 3939 1590 4027 cunctis
1622 3939 1829 4029 rationibus
1860 3970 1943 4056 pro

495 4058 676 4182 spiciam.
704 4067 833 4176 Atque
856 4058 997 4144 eadem
1013 4085 1151 4171 paene
1180 4050 1317 4140 officia>
1335 4056 1384 4151 ab
1412 4055 1497 4163 his,
1515 4085 1679 4173 ¹quaca
1703 4056 1852 4174 regibus
1884 4088 1942 4145 ex·

318 4242 343 4256 ..
455 4218 467 4241 τ
494 4174 739 4297 spectantur,
765 4181 813 4267 de
841 4177 978 4293 quibus
1001 4207 1072 4261 suo
1103 4174 1192 4261 loco
1218 4168 1429 4270 accuratius¹
1456 4176 1708 4263 disseremus.
1930 4172 1932 4176 ’

554 4300 679 4385 XVlI.
738 4302 951 4384 Paucorum
981 4294 1192 4410 potentiam
1217 4293 1429 4379 communis
1442 4292 1712 4383 :constituendi
1740 4291 1838 4379 tatio
1867 4318 1948 4399 est,

426 4439 429 4446 ’
498 4442 544 4510 ut
571 4417 806 4535 magistratus
844 4445 891 4501 ex
918 4413 1064 4532 magnis
1096 4411 1265 4497 censibus
1306 4442 1386 4498 non
1432 4412 1560 4499 habita
1607 4408 1754 4498 virtutis
1799 4412 1947 4499 ratione

498 4534 757 4639 mandentur,
784 4534 834 4620 sic
858 4533 960 4618 enim
995 4533 1078 4649 lege
1110 4560 1290 4647 pauperes
1314 4561 1339 4616 a
1361 4530 1549 4645 republica
1581 4524 1826 4647 gerendisque
1862 4558 1947 4612 ma-

497 4649 708 4773 gistratibus
740 4648 1013 4754 excludentur3
1039 4650 1107 4767 qui
1137 4677 1267 4749 census
1285 4712 1297 4756 s
1312 4677 1409 4764 ⁸quo
1436 4650 1593 4762 majores
1626 4671 1744 4753 sunt,
1769 4647 1844 4731 hoc
1878 4645 1949 4731 im·

496 4773 709 4889 perantium
736 4798 936 4858 numerum
966 4768 1150 4876 minorem
1183 4765 1355 4873 faciunt,
1382 4791 1422 4855 et
1446 4769 1555 4857 vatia·
1572 4795 1784 4883 paucorum
1810 4787 1951 4881 poten·

496 4892 569 4983 tiae
594 4920 732 5012 genera
756 4888 1015 4998 constituunt,
1039 4918 1207 5008 quotum
1229 4916 1279 4975 eo
1303 4886 1491 5007 quodque
1514 4886 1619 5005 pejus
1642 4909 1724 4994 est,
1743 4884 1945 5090 minusqpe

532 5063 536 5069 ,
1913 5033 1950 5091 e·
