4140 5872
394 324 612 453 'sauna
644 355 1021 451 annuarum
1057 381 1314 455 ouourn.
1503 411 1566 479 191

126 516 134 540 ¹
203 504 285 598 ndit
300 540 313 616 ,
328 535 541 627 numquam
564 537 652 594 suos
679 506 836 619 maiores
866 506 1122 613 commisisse,
1150 531 1194 592 ut
1209 507 1347 620 pedem
1371 509 1514 600 timore
1538 546 1596 603 re-

125 539 300 717 Stillem.
329 634 462 744 Itaque
489 655 593 713 nunc
617 625 740 739 ipsum
771 625 899 711 videre
925 625 1061 710 videor
1087 624 1166 711 telis
1192 624 1357 712 hostium
1385 630 1593 742 confixum,

134 779 222 835 suos
249 748 497 852 hortantem,
523 770 563 831 et
590 744 664 830 tela
694 741 889 829 fortissime
913 742 952 826 in
979 746 1105 850 hostes
1128 771 1207 828 non
1231 771 1459 858 peruentuta
1476 778 1594 838 retor-

123 861 354 983 quentem.
374 865 427 949 llli
455 864 585 967 enim,
602 862 741 978 quibus
765 890 874 946 mons
904 887 983 948 etat
1016 860 1223 967 familiaris,
1255 893 1326 949 nos
1358 863 1530 954 locorum
1553 896 1593 959 et

123 982 281 1071 viarum
310 985 483 1101 ignaros,
501 980 624 1095 iaculis
649 1004 688 1066 et
708 980 798 1066 saxis
823 978 959 1100 partim
982 980 1122 1092 jactatis
1138 1040 1150 1085 ,
1168 981 1304 1094 partim
1335 983 1524 1095 evolutis,
1547 1019 1587 1075 e·

9 1186 13 1191 .
130 1103 259 1188 minus
277 1103 526 1188 incessebant.
564 1106 695 1213 ltaque
718 1099 1102 1185 nos'conscendentes
1124 1123 1257 1183 contra
1280 1100 1355 1184 tela
1381 1126 1523 1191 temere
1539 1131 1594 1192 te·

130 1219 172 1306 la
198 1220 452 1334 jaciebamus.
481 1225 587 1334 Ergo
609 1245 698 1301 cum
718 1217 850 1301 omnia
880 1242 1113 1331 praesentem
1145 1240 1309 1302 mortem
1340 1219 1591 1332 intentarent,

124 1332 348 1455 numquam
375 1363 503 1424 tamen
535 1337 591 1424 vit
620 1335 936 1422 constantissimus
963 1361 1003 1421 et
1035 1332 1164 1423 invicti
1193 1335 1309 1420 animi
1341 1337 1416 1422 ulla
1443 1342 1592 1430 ratione

123 1457 275 1544 adduci
298 1457 445 1572 potuit,
461 1481 506 1543 ut
523 1518 536 1562 ,
552 1455 662 1571 quod
691 1453 776 1539 satis
797 1453 954 1558 licebat,
971 1483 1010 1539 se
1033 1454 1082 1539 ad
1116 1447 1289 1538 inferiora
1317 1482 1436 1542 castra
1454 1460 1594 1575 recipe·
1640 1450 1641 1453 Ὺ

128 1599 218 1661 ret.
246 1574 320 1660 Sed
335 1596 482 1660 memor
500 1574 616 1660 credo
632 1566 881 1688 posteritatis,
897 1593 978 1678 me,
1002 1571 1069 1687 qui
1090 1570 1164 1681 jam
1180 1567 1323 1657 femore
1348 1576 1482 1692 sagitta
1503 1606 1593 1663 con·

129 1685 237 1779 fosso
253 1755 267 1800 ,
282 1694 511 1809 duobusque
527 1691 701 1778 dentibus
725 1689 887 1794 amissis,
909 1718 976 1775 ore
1003 1717 1084 1775 non
1113 1690 1301 1775 mediocre
1325 1695 1463 1778 vulnus
1487 1695 1612 1782 acce?

128 1839 299 1925 peram,
327 1837 385 1897 ter
409 1835 475 1897 aut
503 1833 638 1926 quater
661 1807 801 1923 praelio
826 1808 1004 1893 excedere
1028 1807 1131 1923 jubet
1163 1807 1395 1921 pertinaciter
1421 1810 1593 1898 recusan-

127 1920 508 2045 tem,‘eumdemque
524 1925 650 2042 praelii
664 1922 846 2013 eventum
868 1926 1023 2043 experiri
1044 1925 1258 2045 cupientem
1273 1928 1390 2016 tribus
1412 1929 1590 2019 militibus

129 2044 296 2157 invirum
321 2037 547 2160 subtrahere
575 2046 759 2159 imperat.

128 2185 148 2213 ··
193 2167 261 2248 Vl.
285 2175 287 2185 ³
319 2169 442 2249 Gons.
476 2170 566 2282 Ego
591 2191 685 2250 vero
702 2223 715 2268 ‚
732 2166 841 2248 Perre
855 2223 869 2268 ,
884 2187 956 2278 pro
971 2163 1040 2249 ista
1055 2186 1095 2248 te
1118 2163 1319 2278 inpatrem
1345 2187 1425 2251 tam
1449 2167 1585 2285 insigni

128 2280 279 2398 pietate
299 2308 339 2370 ct
362 2283 478 2369 laudo
505 2308 545 2368 et
568 2280 799 2396 amplector:
816 2305 861 2365 tu
891 2307 1021 2367 tamen
1048 2280 1156 2386 vide,
1174 2310 1223 2367 ne
1240 2312 1320 2369 non
1345 2285 1431 2386 satis
1462 2315 1587 2401 aeque

130 2429 246 2516 agere
263 2428 361 2486 cum
385 2401 467 2516 ipso
491 2400 681 2517 videatis,
705 2398 773 2516 qui
805 2397 890 2510 ejus
910 2397 1208 2514 gloriosissimam
1235 2425 1405 2488 ‘mortem
1437 2402 1587 2509 dolore,

127 2539 285 2602 ernon
314 2519 440 2633 potius
471 2516 739 2604 benevolentia
771 2516 1026 2631 prosequaris.
1059 2518 1188 2603 Multa
1211 2543 1358 2606 exstant
1389 2521 1501 2634 patris
1531 2521 1591 2606 tui

56 2704 63 2707 -
134 2635 252 2751 domi
272 2636 496 2753 militiaeque
525 2635 708 2752 sapienter
736 2658 853 2750 atque
880 2632 1023 2721 fortiter
1056 2627 1155 2721 facta
1186 2636 1236 2720 ab
1264 2636 1347 2759 ipso
1375 2638 1478 2722 edita
1493 2636 1612 2726 ¹cum*

131 2776 202 2838 ¹sua
230 2774 368 2872 magna
392 2755 504 2843 laude
522 2787 531 2839 :
548 2754 675 2839 nescio
690 2777 847 2858 tamen,
868 2781 918 2838 an
934 2752 1052 2838 ullum
1068 2754 1114 2838 sit
1131 2815 1144 2859 ,
1163 2755 1274 2868 quod
1289 2782 1410 2870 aeque
1427 2755 1594 2843 invictis-

132 2871 217 2956 simi
240 2871 317 2984 ejus
338 2873 451 2960 animi
473 2897 696 2989 perpetuam
712 2869 870 2990 gloriam
887 2870 1283 2986 inmortalitatemque
1310 2875 1488 2959 meruerit
1503 2937 1516 2981 ,
1534 2901 1591 2962 at-

128 3017 211 3104 que
235 3021 337 3075 mors
363 2992 423 3076 illa
453 2990 740 3107 gloriosissima,
757 3018 874 3105 quam
897 3018 987 3074 cum
1021 2990 1131 3075 hoste
1160 2990 1300 3103 patriae
1334 3015 1373 3076 et
1401 2990 1590 3107 religionis

127 3107 367 3196 Christianae
392 3106 587 3196 fortissime
604 3109 785 3195 dimicans
809 3108 1017 3222 oppetivit.
1046 3110 1138 3191 Ρετ.
1156 3106 1355 3224 intelligo,
1370 3110 1591 3196 venerande

125 3241 295 3339 patrue,
312 3227 538 3343 quaedicis,
556 3254 634 3314 esse
657 3222 866 3315 verissima:
885 3226 951 3311 sed
966 3254 1055 3310 cum
1072 3224 1224 3342 memini
1250 3225 1352 3311 illum
1379 3256 1460 3312 non
1486 3224 1585 3333 fato,

129 3343 173 3426 id
196 3368 283 3448 est,
299 3368 346 3428 ea
361 3368 508 3459 morte,
524 3370 640 3460 quam
662 3368 820 3430 naturae
844 3343 1037 3429 necessitas
1061 3340 1197 3448 affert,
1223 3345 1332 3429 nobis
1362 3341 1470 3432 firisse
1501 3347 1587 3431 sub·

127 3457 280 3564 latum,
297 3488 378 3579 non
400 3461 491 3549 item
520 3486 645 3578 aequo
676 3457 804 3548 Marte
834 3461 1073 3548 dimicantem
1098 3461 1358 3566 trucidatum,
1377 3465 1443 3550 sed
1476 3464 1587 3549 rebus

129 3581 411 3692 propemodum
445 3580 646 3696 desperatis
673 3581 781 3696 quasi
805 3578 1061 3666 voluntariam
1093 3575 1298 3685 mortem,
1328 3607 1415 3664 cum
1448 3578 1585 3665 servari

129 3712 288 3808 posset»,
307 3698 519 3815 oppetisse,
548 3728 629 3784 non
653 3727 807 3812 possum
839 3724 920 3785 non
953 3694 1198 3786 vehementer
1230 3697 1291 3782 illa
1320 3696 1585 3783 recordatione

19 3904 21 3908 ⁸
126 3818 389 3901 commoveri.
435 3823 571 3901 ‘Gous
604 3810 711 3933 Ergo
731 3812 780 3901 ‘tu
795 3819 1060 3902 Romanorum
1088 3811 1257 3901 historias
1288 3844 1368 3902 non
1392 3814 1584 3921 evolvisti,

127 3950 229 4045 quae
256 3932 417 4018 Paulum
433 3933 632 4022 Aemilium
663 3935 933 4022 immortalibus
964 3934 1136 4020 laudibus
1158 3929 1335 4021 efferendi
1360 3932 1506 4019 nullum
1537 3931 1583 4019 fi-

128 4070 224 4147 nem,
241 4049 410 4159 faciunt,
433 4052 542 4169 quod
565 4052 604 4138 in
619 4053 809 4153 Cannensi
834 4081 992 4170 pugna,
1009 4047 1098 4137 cum
1122 4081 1160 4138 se
1177 4046 1302 4166 posset
1320 4047 1411 4169 fuga
1438 4053 1583 4138 subtra-

131 4164 251 4274 here,
271 4199 343 4285 pro
366 4172 486 4286 patria
514 4200 688 4289 pugnans
705 4171 992 4286 pulcherrimam
1023 4193 1187 4258 mortem
1211 4194 1393 4284 oppetere
1424 4168 1583 4278 maluit,

128 4310 250 4398 quam
276 4318 432 4374 suorum
455 4289 685 4406 ignominiae
711 4299 926 4405 superesse?

191 4402 275 4486 Vll.
293 4432 294 4437 ¹
333 4409 420 4489 Pas.
453 4412 576 4494 Immo
591 4438 685 4495 vero
707 4408 810 4527 legi,
827 4432 961 4524 patrue
978 4403 1298 4523 ,etquaedicis‚
1316 4434 1427 4523 saepe
1451 4413 1583 4500 animo

126 4519 304 4609 revolvi.
323 4518 503 4611 Ceterum
530 4553 618 4612 cum
631 4530 756 4613 Varro
782 4527 913 4612 consul
937 4528 1029 4613 alter
1047 4586 1059 4630 ,
1075 4525 1143 4641 qui
1173 4553 1211 4611 se
1237 4526 1430 4640 desperata
1455 4532 1583 4618 victo-

126 4637 181 4722 ria
202 4667 250 4724 ex
273 4641 414 4756 praelio
441 4645 481 4729 in
501 4671 630 4732 rutum
660 4645 825 4761 recepit,
844 4643 957 4731 laude
984 4673 1064 4729 non
1094 4642 1283 4749 caruerit,
1310 4644 1416 4759 quasi
1439 4650 1486 4735 de
1513 4677 1580 4763 pa·

124 4755 218 4843 triae
240 4758 358 4847 salute
385 4789 468 4847 non
484 4761 739 4881 desperasset,
756 4761 899 4847 etiamsi
926 4763 1115 4878 potiorem
1134 4761 1279 4850 Aemilii
1307 4791 1458 4850 causam
1485 4794 1582 4853 sem·

122 4902 192 4992 per
223 4881 475 4996 reputaverim
504 4944 518 4992 ,
549 4882 638 4973 mihi
665 4906 829 4992 tamen,
861 4880 929 5000 qui
952 4880 1017 4972 tali
1046 4908 1152 5000 patre
1175 4878 1393 4971 adolescens
1424 4885 1579 4976 orbatus

1472 5030 1583 5117 sum,
