4050 5858
498 434 569 504 ιιι
978 374 1411 486 Damocritus

483 540 581 625 V
640 530 750 626 [ιιι.
767 528 931 636 Quid
898 567 978 648 ιιι,
992 541 1266 647 Democrates,
1282 537 1536 628 humilitatem
1549 560 1659 655 putas
1682 562 1830 653 partem
1847 565 1933 626 esse

434 676 442 685 “
471 659 811 776 magnanimitatis?
839 659 934 795 quid
960 599 1036 744 ltoc
1063 658 1164 744 aliud
1181 683 1238 744 est
1257 721 1269 766 ,
1286 689 1403 776 quarn
1430 661 1557 776 ignem
1572 687 1660 742 cum
1689 686 1791 772 aqua
1806 687 1926 774 copu-

469 778 572 863 lare?
603 785 746 867 Nonne
760 775 1073 913 magnanimitatis
1096 801 1152 864 est
1178 779 1350 866 animum
1367 780 1564 883 attollere,
1584 801 1622 862 et
1644 777 1754 890 quasi
1784 776 1933 862 inflam-

471 927 574 983 mare
602 900 652 985 ιιι
684 928 741 985 res
770 928 926 1016 magnas
949 895 1242 1033 concipiendas?
1272 897 1487 984 humilitatis
1519 920 1660 981 contra
1681 894 1864 1007 deiicere,
1886 920 1931 982 et

471 1015 576 1102 velut
598 1018 832 1136 exstinguere
867 1020 1040 1103 ardorem
1069 1018 1334 1103 concitatum?
1365 1016 1490 1143 Atqui
1517 1012 1726 1099 contrarios
1755 1043 1831 1099 esse
1860 1017 1933 1100 ba·

471 1134 594 1242 bitus,
610 1165 777 1253 quorum
805 1161 909 1222 actus
935 1159 1022 1219 sunt
1046 1135 1236 1250 oppositi,
1256 1138 1334 1251 ipse
1354 1161 1445 1221 tuus
1461 1133 1678 1221 Aristoteles
1699 1156 1756 1218 est
1782 1158 1927 1220 auctor.

332 1283 403 1333 rc..
472 1257 574 1339 Dru.
608 1257 826 1370 Speciosum
854 1277 1151 1370 argumentum,
1169 1253 1234 1339 sed
1264 1283 1429 1342 enerve.
1462 1258 1566 1338 Nam
1590 1275 1634 1337 tu
1664 1251 1813 1337 mihi
1776 1252 1943 1336 vicissim¹

473 1375 688 1496 responde.
722 1373 904 1460 Animum
934 1370 1119 1483 impellere
1143 1371 1194 1455 ad
1226 1403 1365 1490 magna
1391 1370 1552 1487 pericula
1582 1368 1809 1476 subeunda,
1828 1401 1942 1458 eum.

473 1487 640 1605 demque
668 1521 692 1575 a
721 1493 864 1607 magnis
888 1488 1053 1605 periculis
1082 1489 1227 1574 ratione
1252 1492 1470 1596 deterrere,
1485 1516 1616 1574 nonne
1640 1516 1756 1603 opera
1780 1515 1930 1575 contra·

475 1606 528 1691 ria
556 1637 663 1716 esse,
681 1610 818 1696 eodem
849 1610 968 1695 modo
995 1607 1285 1696 confitebimur?
1315 1615 1426 1696 Leon.
1453 1614 1643 1700 fortasse.
1670 1611 1772 1691 Dau.
1802 1609 1862 1693 At
1884 1638 1933 1693 u-

474 1749 652 1861 trumque
677 1759 775 1845 opus
803 1757 880 1813 esse
909 1724 1168 1835 fortitudinis,
1187 1757 1390 1816 consensus
1418 1752 1474 1815 est
1503 1722 1852 1861 pbilosophorum,
1878 1727 1935 1812 ni·

474 1843 609 1930 mirum
628 1907 640 1953 ,
657 1848 839 1963 quoniam
863 1876 962 1963 quae
985 1845 1081 1932 inter
1109 1876 1186 1933 sese
1212 1876 1381 1964 pugnare
1406 1842 1618 1935 videntur
1609 1873 1648 1928 ιιι
1680 1844 1791 1930 rebus
1818 1873 1931 1962 agen·

475 1962 561 2070 dis,
585 1964 719 2050 haec
710 1995 748 2050 ιιι
781 1967 963 2051 eumdem
986 1964 1100 2052 linem
1134 1965 1283 2072 relata,
1305 1966 1519 2053 societatem
1552 1963 1759 2078 quamdam
1790 1961 1931 2051 habere

476 2080 750 2170 existimanmr.
797 2084 1083 2219 Intelligendum
1111 2110 1167 2170 est
1197 2082 1308 2201 igitur
1338 2086 1377 2169 in
1408 2115 1532 2169 rerum
1564 2078 1761 2166 difficilium
1795 2107 1837 2166 et
1867 2111 1934 2166 ar-

440 2280 442 2284 ,
479 2198 640 2285 duarum
667 2202 895 2319 cogitatione
929 2201 1129 2317 ancipitem
1160 2231 1237 2288 esse
1265 2227 1303 2288 et
1332 2232 1438 2317 quasa
1426 2202 1644 2287 lubricum
1670 2225 1813 2283 motum
1843 2201 1935 2284 ani·
1941 2255 1943 2259 <

478 2347 658 2404 morum:
694 2350 782 2404 narn
816 2351 898 2435 quo
929 2319 1105 2436 voluptas
1135 2321 1188 2406 ob
1217 2320 1269 2405 rei
1301 2321 1563 2436 praestantiam
1593 2317 1773 2431 impellit,
1803 2318 1935 2403 hone-

479 2461 627 2552 stasque
657 2463 801 2543 vocat,
819 2437 907 2523 inde
928 2438 1038 2524 dolor
1063 2439 1216 2523 retrahit
1248 2463 1401 2554 propter
1430 2437 1627 2540 laborem,
1655 2431 1934 2550 difficultasque

481 2555 670 2663 deterret,
702 2558 934 2670 inquorum
964 2564 1128 2672 utroque
1155 2585 1263 2671 saepe
1293 2556 1429 2643 modus
1457 2555 1676 2659 exceditur,
1709 2555 1933 2670 diversaque

480 2672 626 2758 ratione
652 2699 850 2798 peccatur.
883 2675 953 2760 His
981 2699 1108 2758 autem
1130 2674 1231 2762 vitiis
1256 2701 1299 2761 ur
1325 2699 1571 2777 occurratur,
1587 2701 1668 2758 non
1694 2672 1899 2758 duabus
1861 2703 1934 2760 vrr-

480 2790 663 2876 tutibus
647 2818 703 2879 est
729 2823 856 2907 opus,
873 2818 918 2878 ut
932 2791 1088 2907 quidam
1111 2789 1205 2878 falso
1230 2819 1438 2907 putavere,
1455 2794 1521 2880 sed
1546 2819 1623 2876 una
1640 2789 1724 2875 satis
1739 2815 1816 2895 est,
1832 2821 1934 2907 quae

481 2910 651 2994 medium
682 2936 935 2997 extremorum
966 2936 1128 3013 tenens,
1146 2910 1288 2996 ratione
1304 2970 1318 3015 ,
1335 2912 1440 2998 velut
1455 2911 1654 2996 calcaribus
1670 2933 1709 2994 et
1725 2905 1830 2994 steno
1847 2941 1932 2996 mo·

480 3049 543 3109 tus
568 3028 730 3111 animia
763 3029 894 3115 dolore
919 3052 956 3113 et
987 3029 1185 3143 voluptate
1214 3025 1403 3143 profectos
1422 3054 1638 3145 ,quatenus
1668 3027 1783 3131 ficet,
1809 3027 1934 3144 impel-

481 3141 598 3230 lendo
617 3146 887 3284 ,vicissimque
902 3150 1120 3234 revocando
1147 3148 1384 3234 moderetur.
1415 3149 1507 3232 Ut
1499 3149 1611 3265 igitur
1631 3089 1826 3233 liberalitas
1856 3176 1932 3232 una

481 3261 599 3348 virtus
624 3289 750 3350 motus
778 3267 891 3351 animi
914 3265 1164 3382 temperatim
1190 3267 1353 3380 pecuniis
1370 3266 1502 3352 dandis
1525 3290 1563 3351 ct
1584 3264 1842 3378 accipiendis,
1863 3263 1930 3352 for·

481 3379 637 3466 titudo
628 3411 667 3465 ιιι
689 3383 822 3468 timore
844 3409 883 3470 et
904 3384 1083 3469 audacia:
1110 3383 1161 3468 sic
1183 3385 1467 3502 magnanimitas
1485 3382 1524 3468 in
1549 3383 1693 3500 magnis
1714 3382 1926 3470 honoribus

480 3500 677 3614 petendis,
694 3526 760 3585 aut
791 3503 944 3588 vicissim
974 3499 1244 3636 fugiendis,et
1205 3502 1600 3589 etucmadmodum
1631 3501 1859 3606 liberalitas,
1887 3528 1932 3589 ut

480 3644 634 3732 oportet
652 3680 663 3723 ,
682 3619 811 3706 dando
828 3651 973 3757 ,quam
1000 3618 1247 3733 accipiendo,
1270 3534 1461 3707 lortitudo
1492 3620 1700 3725 audendo,
1732 3621 1931 3733 quamti-

481 3739 624 3823 mendo
646 3738 762 3854 magis
785 3741 972 3824 cernitur:
999 3740 1048 3824 sic
1074 3739 1356 3874 magnanimitas
1379 3738 1417 3824 in
1442 3738 1596 3855 egregio
1624 3767 1851 3855 magnarum
1877 3768 1930 3824 re·

481 3881 565 3936 rum
594 3880 735 3941 conatu
765 3882 803 3943 et
832 3858 1025 3943 honorum
1055 3858 1223 3971 appetitu
1249 3888 1361 3943 suum
1395 3880 1433 3942 et
1460 3856 1698 3970 splendorem
1725 3881 1765 3941 et
1789 3886 1933 3942 nomen

481 3972 600 4088 magis
619 3974 784 4059 ostendit
801 4037 812 4082 ,
814 4005 963 4111 quam
978 3977 1017 4060 in
1045 3975 1174 4060 talium
1206 4005 1329 4060 rerum
1362 3975 1534 4062 modesta
1548 3973 1681 4109 fuga,
1709 4003 1925 4089 quaecum

481 4119 565 4203 pars
597 4093 909 4208 magnanimitatis
937 4093 1022 4198 sit,
1048 4117 1176 4179 tamen
1206 4093 1419 4179 humilitatis
1451 4092 1606 4179 nomine
1638 4093 1839 4208 plurimum
1871 4117 1930 4178 est

481 4236 505 4290 a
528 4208 701 4342 religiosis
720 4213 935 4297 hominibus
957 4210 1164 4296 celebrata.
1190 4217 1293 4296 Nam
1315 4237 1360 4298 ut
1386 4212 1423 4295 in
1416 4211 1607 4345 'periculis
1623 4212 1841 4347 capitalibus
1857 4241 1932 4296 una

481 4325 578 4410 ratio
607 4329 817 4440 impellendi
832 4357 871 4416 et
886 4329 1090 4416 revocandi
1113 4360 1229 4414 unam
1259 4326 1424 4416 eflicit
1389 4355 1594 4418 vrrtutem:
1620 4330 1667 4415 sic
1684 4329 1775 4415 item
1797 4330 1836 4414 in
1854 4360 1930 4415 ma·

480 4443 563 4559 gnis
592 4443 796 4530 honoribus
812 4450 1033 4563 ,quoniam
1065 4449 1268 4563 utrobique
1303 4449 1379 4533 hoc
1411 4448 1567 4585 agitur,
1584 4474 1630 4534 ut
1656 4472 1787 4534 motus
1817 4448 1934 4533 animi·

445 4642 450 4647 .
481 4562 614 4646 rationi
642 4588 796 4677 pareat,
814 4595 861 4650 ne
883 4567 1108 4682 ultraquam
1136 4568 1254 4652 decet
1269 4565 1438 4660 illecebra
1463 4567 1515 4652 rei
1540 4567 1836 4683 progrediatur,
1855 4597 1922 4652 ne·

482 4708 530 4764 ve
556 4711 677 4766 rursus
701 4678 866 4767 officium
885 4687 1027 4770 deserat
1043 4683 1260 4772 difficultate
1279 4684 1492 4771 deterritus.
1523 4686 1647 4780 Quod
1669 4687 1926 4770 moderamen

484 4821 565 4882 tum
593 4800 630 4883 in
660 4803 826 4913 periculis
855 4798 1068 4908 fortitudo,
1098 4804 1137 4887 in
1165 4803 1372 4889 honoribus
1399 4804 1683 4920 magnanimitas
1718 4805 1840 4890 veteri
1867 4834 1932 4889 vo

478 4918 614 5003 cabtdo
639 4947 901 5035 nuncupatur.
936 4920 1009 5010 Sed
1043 4920 1435 5037 quemadmodum
1399 4953 1522 5011 vuum
1557 4918 1694 5009 fortem
1711 4982 1723 5028 ,
1741 4949 1932 5038 quatenus

1856 5069 1926 5156 p..
