4006 5850
636 365 950 437 rruuut.
1167 381 1168 384 ‘
1417 386 1488 456 471

81 516 120 581 et
144 490 471 578 audacissimorum
503 486 729 593 bominum,
752 515 851 602 quos
877 518 957 575 non
990 488 1186 575 mediocris
1206 490 1447 606 eloquentiae
1479 521 1524 578 ac

81 611 297 705 eruditionis
323 610 453 724 opinio
480 612 696 692 Germanae
728 607 915 741 juventuti
948 608 1255 694 commendarat.
1287 610 1389 694 Hinc
1420 612 1523 697 enim

81 729 275 833 Luthero,
294 757 479 814 novarum
496 755 620 811 rerum
638 727 851 829 occasiones
863 726 1028 812 studiose
1043 755 1087 810 ac
1103 728 1335 841 cupidissime
1355 732 1522 842 captanti

84 848 173 935 data
197 789 352 932 facitltas
372 870 427 931 est
447 843 496 929 ad
511 872 643 929 omnes
673 824 782 930 dolos
811 845 1038 961 fraudesque
1054 846 1221 933 secundo
1248 874 1416 931 successu
1430 874 1523 932 con·

64 964 302 1051 nectendas.
338 967 395 1049 Ut
425 962 558 1050 merito
589 958 699 1048 fuerit
713 992 736 1047 a
752 964 1091 1077 prudentissimis
1055 963 1139 1050 vrris
1157 964 1398 1070 dubitatum,
1414 964 1521 1052 boni

82 1113 160 1190 ne,
179 1113 227 1166 an
244 1082 330 1166 mali
347 1083 427 1216 plus
443 1081 656 1165 hominibus
674 1081 888 1167 attulerit
853 1112 907 1167 ιιι
924 1082 1178 1216 eloquentiae.

124 1145 214 1288 'lV.
275 1204 332 1285 Ut
348 1200 446 1283 enim
461 1198 674 1282 animalium
692 1223 785 1284 teste
808 1199 1007 1285 Aristotele
1030 1199 1351 1314 perniciosissimus
1369 1227 1424 1287 est
1451 1203 1519 1289 ho·

84 1349 180 1424 m0,
199 1318 226 1402 si
242 1317 376 1452 iustitia
390 1341 499 1405 vacet
512 1379 525 1423 ‚
538 1343 736 1431 propterea
751 1318 858 1431 quod
871 1316 1029 1422 ratione,
1048 1319 1222 1402 omnibus
1238 1319 1376 1425 armis,
1398 1321 1426 1405 si
1443 1320 1523 1406 fue·

84 1438 131 1521 rit
157 1380 227 1520 liae
251 1436 387 1521 virtute
404 1436 609 1540 destituta,
636 1434 685 1518 ad
701 1433 917 1520 nocendum
933 1437 1307 1542 accommodatiore,
1337 1437 1436 1523 solus
1465 1467 1524 1526 est

84 1554 297 1669 praeditus:
326 1555 375 1639 sic
406 1496 609 1638 hominuni
633 1581 699 1637 eos
731 1577 880 1638 constat
918 1582 995 1638 esse
1035 1556 1349 1659 nocentissimos,
1382 1558 1521 1671 quibus

84 1671 174 1758 data
189 1697 244 1757 est
261 1671 548 1787 eloquentia,
522 1702 550 1755 sr
573 1670 667 1755 hac
657 1699 696 1754 ιιι
725 1670 890 1784 pejorem
915 1678 1061 1785 partem
1086 1674 1301 1759 abutantur
1330 1674 1520 1760 Nimirum

83 1791 265 1923 quoniam
282 1787 529 1892 facultatum,
558 1817 697 1903 quaea
719 1789 863 1874 ratione
876 1789 1188 1903 proficiscuntur,
1216 1791 1309 1875 haec
1325 1792 1374 1877 ad
1400 1792 1523 1878 homi·

83 1935 178 1992 num
194 1906 339 1991 animos
354 1852 593 2010 tractandos,
611 1931 648 1990 et
671 1936 915 2022 quocumque
935 1908 1056 2010 libeat,
1077 1909 1170 1995 utin
1187 1909 1370 2022 optimam
1387 1970 1399 2013 ,
1416 1912 1521 1997 sicin

43 2106 45 2109 ,
83 2025 279 2139 pessimam
309 2050 453 2160 partem
479 2024 722 2160 impellendos
754 2025 954 2139 plurimum
986 2051 1123 2138 potest.
1154 2032 1318 2111 Arcum
1344 2027 1522 2135 florentes

84 2144 304 2257 respublicas
338 2143 588 2256 maximasque
617 2143 783 2230 civitates
799 2173 908 2257 saepe
931 2143 1220 2258 eloquentium,
1247 2147 1312 2230 sed
1324 2146 1522 2260 improbo

84 2289 169 2348 rum
188 2261 385 2346 hominum
412 2257 592 2346 facundia
602 2261 779 2346 corruisse
794 2286 967 2362 constet,
993 2286 1030 2346 et
1046 2262 1180 2347 harum
1204 2291 1327 2346 rerum
1354 2266 1522 2380 exempla

84 2379 248 2493 passim,
264 2378 293 2462 si
307 2378 389 2494 quis
406 2380 626 2464 memoriam
640 2401 854 2492 temporum
873 2322 1126 2492 replicaverit,
1153 2406 1377 2466 occurrant.
1395 2384 1521 2468 nescio

85 2520 215 2582 tamen
232 2557 245 2600 ,
267 2526 316 2581 an
339 2495 500 2580 ullum
472 2520 519 2580 srt
535 2556 546 2601 ,
563 2497 774 2610 quodcum
799 2497 869 2581 hac
885 2496 1044 2610 pernicie
1075 2523 1114 2582 et
1130 2498 1354 2582 Germanica
1376 2500 1522 2585 calami·

86 2637 164 2700 tate
179 2639 439 2727 comparatum
457 2643 536 2698 non
553 2614 777 2701 levissimum
794 2643 871 2699 esse
887 2614 1116 2698 videatur.

83 2732 196 2816 V.
254 2731 348 2817 lllud
371 2756 426 2818 est
441 2731 551 2848 igitur
567 2732 679 2817 etiam
696 2758 810 2845 atque
825 2730 938 2817 etiam
966 2726 1205 2838 dolendum,
1230 2735 1427 2820 Germanis
1443 2735 1521 2822 elo·

86 2849 279 2965 quentiam
297 2874 382 2963 post
395 2849 557 2965 longum
567 2876 714 2965 tempus
729 2851 766 2934 in
780 2879 887 2934 suam
910 2849 1101 2965 regionem
1118 2879 1184 2964 per
1210 2875 1289 2934 tam
1305 2851 1521 2966 importuna

88 2990 202 3081 atque
223 2967 353 3054 levia
344 2968 493 3102 ingenia
524 2992 731 3081 penetrasse
763 3027 776 3070 ‚
809 2967 946 3081 quibus
974 2967 1089 3083 longe
1120 2968 1318 3081 optabilius
1348 2991 1520 3056 commo·

85 3081 245 3199 diusque
263 3080 454 3171 fuisset
408 3113 625 3201 ,ingenuas
640 3109 735 3170 artes
751 3114 856 3170 more
880 3083 1098 3221 majorum,
1117 3085 1202 3170 rudi
1218 3113 1264 3170 ac
1282 3087 1433 3201 simplici
1448 3118 1521 3174 ser

86 3230 204 3287 mone
226 3226 412 3308 tractam,
435 3231 552 3317 quam
568 3202 632 3288 sibi
657 3233 744 3288 cum
768 3227 875 3288 tanta
890 3203 1048 3316 pernicie
1063 3204 1192 3287 omnia
1221 3204 1394 3288 omnium
1416 3205 1521 3292 Lati

83 3346 227 3405 norum
243 3323 556 3435 Graecorumque
584 3347 806 3407 ornamenta
831 3321 1009 3407 orationis
1023 3321 1215 3436 peperisse.
1245 3322 1308 3407 Ab
1330 3323 1385 3408 bis
1417 3326 1519 3430 enim

81 3437 192 3525 velut
220 3437 407 3525 malorum
431 3438 613 3524 satoribus
637 3465 825 3526 venenata
857 3440 996 3523 semina
1015 3439 1151 3552 partim
1175 3439 1309 3524 scelere
1341 3501 1354 3545 ‚
1383 3442 1519 3555 partim

86 3552 238 3639 levitate
264 3584 308 3639 ac
339 3555 612 3670 imprudentia
602 3582 766 3670 perata,
798 3585 886 3640 cum
901 3585 945 3642 ea
962 3557 1197 3642 Lutheranus
1212 3558 1378 3661 animus,
1412 3560 1519 3674 quasi

80 3671 261 3785 pestilens
276 3702 367 3791 ager
382 3673 605 3787 excepisset,
623 3698 702 3760 tam
718 3670 924 3759 mortiferas
945 3676 1106 3779 herbas,
1134 3699 1289 3809 tamque
1304 3704 1517 3762 venenosos

82 3815 302 3904 serpentes,
334 3822 450 3907 quam
466 3791 665 3900 videmus,
693 3819 948 3908 procrearunt.
982 3735 1170 3878 Martinus
1197 3791 1297 3877 enim
1326 3788 1518 3882 Lutherus

85 3906 207 3995 homo
221 3932 332 3995 natus
346 3910 397 3996 ad
413 3909 659 4017 seditionem,
687 3938 896 4047 naturaque
911 3911 1043 4046 impius
1059 3936 1098 3996 et
1122 3908 1321 4015 factiosus,
1351 3940 1440 4033 cum
1457 3915 1518 4000 vi·

84 4024 193 4113 deret
207 4027 462 4115 Germanam
453 4053 689 4138 juventutem
707 4029 757 4114 sic
782 4029 856 4114 ad
848 4030 1075 4143 impietatem
1101 3971 1343 4113 imbuendain
1359 4026 1519 4150 praepa·

87 4167 237 4253 ratam,
263 4176 344 4234 ιιοιι
373 4147 520 4262 putavit
546 4172 624 4233 tam
649 4173 880 4262 praesentem
911 4145 1145 4232 occasionem
1167 4136 1234 4229 sibi
1256 4175 1333 4231 esse
1357 4175 1519 4260 praeter·

87 4260 332 4350 mittendam:
362 4267 460 4349 hanc
474 4293 591 4350 unam
614 4265 717 4352 viam
746 4263 1089 4351 commodissimam
1106 4291 1184 4347 esse
1212 4287 1347 4366 ratus,
1378 4294 1456 4379 qua
1479 4297 1519 4351 se
1627 4348 1629 4350 .

88 4404 134 4465 cx
150 4380 305 4467 arctiore
319 4406 359 4466 et
373 4383 578 4469 monastica
595 4383 701 4489 vita,
724 4383 785 4469 cui
800 4412 839 4468 se
854 4381 958 4467 initio
973 4379 1130 4464 nullo
1096 4409 1188 4466 sano
1207 4381 1390 4486 consiliu,
1417 4384 1519 4469 nulla

87 4494 267 4612 religione
283 4499 448 4607 ductus,
474 4503 541 4588 sed
572 4503 705 4615 partim
729 4502 910 4605 levitate,
940 4497 1075 4613 partim
1100 4499 1246 4584 dum
1210 4495 1326 4585 urtam
1352 4499 1519 4614 sequitur

87 4615 249 4702 otiosam
266 4641 304 4702 et
329 4619 438 4703 rebus
453 4614 585 4704 fultam
602 4619 836 4723 necessariis,
865 4617 1085 4723 addixerat,
1107 4616 1212 4703 velut
1240 4647 1286 4701 ex
1309 4615 1521 4704 molestissi-

87 4762 151 4817 ma
166 4734 344 4822 servitute
371 4736 410 4822 in
430 4735 605 4822 laxiorem
635 4735 821 4850 nequitiae
845 4764 1050 4849 campum,
1080 4759 1118 4820 et
1145 4735 1267 4820 omnis
1292 4734 1456 4821 luxuriae
1479 4736 1521 4820 li·

88 4852 247 4943 centiam
262 4853 552 4962 vindicaret,
526 4882 555 4940 ει
582 4882 659 4970 qua
674 4852 818 4982 ratione
831 4881 956 4970 posset
985 4881 1051 4982 per
1075 4849 1204 4941 falsam
1221 4851 1420 4971 religionis
1434 4882 1522 4988 spe·

87 5020 89 5025 ·
1428 4971 1524 5060 ciem
