4050 5858
598 397 600 400 ’
685 396 886 467 LIBER
936 393 992 461 ΙΙ.Ι
1450 395 1517 464 281

89 553 171 611 non
195 525 234 610 in
265 518 395 611 nostra
423 519 623 613 voluntate
654 545 694 607 et
722 517 967 604 meditatione
997 517 1140 632 positae
1168 518 1240 603 sint
1258 577 1270 623 ,
1288 517 1353 604 sed
1382 542 1405 600 a
1433 546 1544 608 natu·

87 673 130 730 ra
154 643 338 759 petendae
369 670 408 730 et
434 639 691 755 exoptandae.
724 642 828 722 Nam
849 665 950 752 quae
980 661 1115 721 natura
1138 635 1197 725 vel
1221 638 1449 752 contingunt
1471 640 1541 729 ho·

87 762 271 868 minibus,
301 763 362 852 vel
397 786 613 878 negantur,
639 782 683 843 ur
713 756 913 872 proceritas
937 756 1132 872 corporis,
1161 755 1321 842 latitudo
1351 759 1538 868 pectoris,

88 883 195 968 vocis
216 883 380 1001 gravitas
401 879 584 987 ,tarditas
611 878 797 981 incessus,
815 905 854 962 et
876 876 933 960 his
956 875 1129 990 opposita
1146 933 1158 979 ,
1175 875 1268 959 haec
1286 903 1361 990 ego
1386 902 1467 960 non
1485 881 1538 968 vi-

86 998 192 1107 deo,
213 1000 418 1118 quomodo
444 997 585 1114 possint
607 996 841 1084 voluntarios
871 992 1020 1078 habitus
1049 990 1281 1111 significare,
1306 1021 1394 1076 cum
1410 1026 1538 1127 ⁹opera

84 1144 243 1205 naturae
270 1115 404 1204 auferri
431 1115 651 1203 meditando
676 1112 790 1199 semel
813 1112 914 1199 edita
937 1141 1018 1197 non
1044 1111 1214 1227 possint,
1232 1109 1449 1198 voluntariis
1465 1116 1536 1202 vir-

84 1260 214 1323 tutum
246 1267 290 1322 ae
315 1236 491 1325 vitiorum
521 1232 727 1320 actionibus
755 1257 887 1318 nostro
915 1230 1095 1317 arbitratu
1127 1230 1392 1316 moderemur.
1430 1238 1534 1322 Dan.

85 1359 173 1441 Nae
189 1355 288 1442 istud
305 1417 317 1461 ‚
334 1354 530 1471 Leopolde
548 1415 560 1460 ,
576 1382 657 1442 non
673 1353 750 1439 sine
767 1379 906 1469 magna
920 1350 1065 1436 ratione
1081 1348 1287 1465 suspicaris.
1315 1355 1417 1436 Nam
1434 1382 1534 1468 quae

83 1474 193 1558 nobis
223 1503 294 1560 nec
327 1472 562 1589 cupientibus
587 1471 752 1578 adsunt,
777 1498 847 1555 nec
875 1468 1157 1584 aspernantibus
1185 1466 1409 1575 discedunt,
1440 1472 1534 1559 haec

84 1619 166 1676 non
197 1618 354 1707 possunt
384 1621 461 1678 esse
490 1615 592 1676 certa
622 1590 726 1705 signa
757 1617 920 1695 eorum,
941 1617 1041 1704 quae
1070 1587 1220 1671 suntin
1246 1586 1426 1703 cujusque
1458 1622 1534 1678 vo-

84 1707 229 1796 luntate
247 1741 363 1816 ,cum
390 1739 440 1796 ne
466 1705 622 1793 effectus
650 1708 806 1822 quidem
834 1705 1020 1792 naturales
1042 1734 1186 1820 semper
1206 1704 1399 1812 evadant,
1416 1738 1533 1799 suave

85 1856 297 1945 antegressa
318 1827 382 1917 vel
403 1851 598 1941 praetenta
623 1825 727 1942 signa
749 1850 1053 1940 consequantur.
1081 1824 1154 1910 Sed
1180 1823 1387 1910 meminisse
1403 1826 1532 1937 debes,
1545 1827 1724 1951 ,fiffjfgfgjf

84 1943 125 2030 id
154 1947 265 2061 quod
293 1945 482 2062 relegisse
513 1945 669 2029 arbitror
695 1942 735 2028 in
763 1942 1003 2031 theorematis
1034 1942 1347 2058 philosophorum
1364 2004 1376 2048 ‚
1394 1945 1534 2062 duplex

84 2090 163 2148 esse
183 2095 336 2150 morum
358 2062 504 2149 virtutis
531 2091 675 2179 genus,
692 2061 851 2149 alterum
874 2061 1073 2167 naturale,
1090 2061 1241 2147 rationis
1264 2060 1445 2150 alterum.
1464 2073 1533 2155 Est

82 2204 210 2266 autem
241 2183 361 2270 virtus
388 2179 563 2266 naturalis
576 2176 690 2293 (nam
717 2182 766 2270 de
788 2180 912 2296 priore
939 2209 1076 2300 genere
1099 2180 1174 2293 jam
1203 2180 1288 2266 satis
1312 2181 1432 2267 multa
1460 2185 1532 2272 dis·

84 2298 291 2417 seruimus)
308 2300 437 2386 innata
461 2299 652 2415 quaedam
677 2298 842 2414 pronitas
867 2301 1010 2415 absque
1037 2299 1183 2384 ratione
1214 2300 1264 2385 ad
1292 2294 1530 2413 fortitudims,

86 2417 244 2532 exempli
267 2417 416 2536 gratia,
435 2446 618 2524 munera,
634 2416 696 2504 vel
711 2416 933 2503 liberalitatis
956 2414 1162 2502 obeunda.
1178 2423 1310 2532 ltaque
1333 2419 1530 2508 nobiscum

84 2536 246 2623 nascittu
261 2599 274 2642 ,
292 2563 331 2624 et
352 2535 531 2652 paulatim
550 2597 562 2640 ,
582 2534 650 2621 nisi
669 2537 854 2622 contraria
869 2534 1140 2621 consuetudine
1168 2536 1388 2621 cohibeatur
1406 2597 1419 2644 ,
1436 2539 1531 2625 ado·

81 2649 213 2760 lescit,
233 2681 275 2741 ut
300 2656 339 2740 in
366 2654 488 2770 pueris
512 2653 595 2739 licet
622 2653 891 2769 contemplari:
921 2653 992 2738 hos
1017 2651 1118 2737 enim
1142 2651 1269 2739 videas
1294 2653 1400 2738 variis
1425 2686 1447 2739 a
1467 2687 1531 2741 na·

84 2794 169 2857 tura
183 2772 373 2887 praeditos
397 2771 582 2857 habitibus
600 2833 612 2876 ,
628 2770 797 2886 aliosque
822 2771 872 2858 ad
897 2771 983 2856 alias
1008 2771 1194 2877 virtutes,
1212 2794 1279 2857 aut
1302 2770 1457 2859 vicissim
1478 2778 1530 2863 ad

81 2891 270 2976 contraria
293 2892 382 2979 vitia
404 2890 585 3007 proclives
602 2950 615 2995 ,
630 2890 695 3005 qui
721 2889 869 2976 habitus
892 2917 963 2974 nec
992 2887 1172 2974 laudandi
1203 2890 1396 2975 materiam
1423 2921 1529 3006 prae-

83 3005 177 3094 bent
194 3069 207 3114 ,
223 3036 293 3094 nec
319 3008 554 3123 vituperandi
571 3070 584 3115 ,
600 3037 681 3093 non
711 3008 974 3126 magis‘quam
998 3005 1175 3094 velocitas
1190 3068 1204 3114 ,
1219 3033 1286 3094 aut
1312 3010 1414 3094 bona
1437 3011 1532 3098 late·

84 3152 130 3212 ra
145 3186 158 3231 ,
174 3125 235 3214 vel
258 3125 316 3211 his
335 3127 528 3242 oppositae
548 3125 775 3213 debilitates.
803 3126 914 3212 Tales
937 3123 1038 3211 enim
1055 3126 1209 3212 virtutes
1231 3155 1319 3211 cum
1341 3125 1532 3216 intellectu

82 3243 190 3330 velut
218 3243 333 3330 oculo
364 3269 516 3331 careant
535 3273 672 3360 ,saepe
702 3268 883 3330 notantur
909 3242 1080 3330 homines
1118 3244 1158 3328 in
1184 3274 1322 3362 magna
1359 3276 1451 3351 sua,
1469 3249 1531 3336 vel

86 3361 199 3448 etiarn
223 3363 383 3449 aliorum
413 3364 659 3450 incommoda
684 3387 910 3450 transversos
942 3390 1054 3479 agere
1071 3394 1080 3446 :
1097 3360 1303 3479 similesque
1330 3390 1417 3451 sunt
1440 3367 1532 3450 vali·

81 3475 137 3563 dis
167 3508 369 3569 caecorum
403 3482 619 3568 animalium
648 3480 868 3597 corporibus
885 3543 897 3589 ,
914 3509 1013 3598 quae
1041 3504 1182 3569 temere
1209 3482 1395 3569 concitata
1417 3483 1533 3572 vehe-

80 3623 226 3717 menter
250 3600 486 3719 impingunt.

162 3716 344 3803 XXXIV.
405 3724 588 3807 Ceterum
622 3718 650 3804 si
678 3717 729 3805 ad
754 3715 961 3805 naturalem
988 3718 1142 3806 accedat
1167 3747 1256 3805 cum
1289 3742 1390 3806 tecta
1419 3720 1534 3827 ratio·

81 3858 133 3918 ne
158 3861 203 3920 ea
224 3865 353 3951 ,quae
380 3837 529 3954 proprie
561 3837 677 3924 virtus
708 3837 922 3955 intelligitur
938 3899 950 3945 ‚
967 3862 1061 3923 tunc
1091 3868 1185 3926 vero
1213 3838 1399 3926 snadiosus
1428 3839 1534 3928 habi·

79 3974 142 4036 tus
160 3949 265 4040 facile
280 3956 450 4071 paritur,
471 3954 579 4042 altius
602 3956 809 4071 excipitur,
828 3957 1049 4072 pertinacius
1069 3956 1306 4060 inhaerescit,
1322 3958 1534 4075 exsistitque

79 4068 197 4160 virtus
220 4073 482 4189 perfectissima
516 4102 676 4190 magnos
708 4075 809 4162 viros
839 4071 1001 4159 efficiens
1033 4098 1072 4159 et
1098 4086 1245 4158 summa
1265 4074 1376 4160 laude
1399 4077 1536 4194 dignis·

80 4184 212 4274 simos.
252 4198 357 4279 Nam
378 4222 465 4278 cum
489 4191 606 4281 virtus
630 4191 805 4278 nanaralis
828 4192 962 4299 abest,
980 4192 1042 4281 vel
1066 4191 1242 4306 opposito
1265 4192 1367 4279 malo
1391 4219 1445 4279 est
1468 4224 1533 4280 na·

80 4325 169 4388 tura
193 4306 396 4424 depravata
417 4310 555 4427 ,quod
584 4311 729 4397 utinam
754 4310 792 4397 in
820 4312 943 4427 paucis
966 4308 1133 4399 eveniret
1150 4370 1163 4415 ,
1179 4306 1326 4396 difficile
1351 4308 1455 4400 factu
1480 4339 1536 4401 est
1647 4393 1650 4398 .

77 4449 212 4508 >veram
228 4426 406 4515 virtutem
427 4429 635 4547 ingenerari
653 4461 662 4514 :
680 4458 750 4514 nec
776 4458 820 4514 ea
845 4428 922 4515 fere
950 4428 1018 4514 nisi
1040 4427 1160 4513 tenuis
1176 4488 1188 4534 ‚
1206 4454 1245 4516 et
1259 4458 1325 4545 per
1348 4461 1535 4569 sumtpam

75 4567 207 4659 curam
236 4545 499 4664 assiduamque
532 4547 833 4634 exercitationem
862 4546 1080 4665 contingit,
1103 4575 1203 4662 quae
1228 4547 1439 4636 exercitatio
1469 4550 1536 4636 diu

76 4660 305 4772 permolesta
324 4689 379 4751 est
394 4726 408 4771 ,
423 4692 657 4783 repugnante
672 4690 808 4751 natura
827 4695 837 4748 ε
857 4690 894 4751 et
913 4664 969 4772 ,si
989 4694 1119 4750 curam
1141 4666 1325 4773 remittas,
1342 4667 1458 4755 virtus
1474 4698 1535 4755 ae·

74 4805 145 4892 gre
170 4805 277 4894 parta
308 4783 487 4898 paulatim
515 4781 667 4891 effluit,
693 4783 905 4897 sensimque
932 4783 1134 4889 dilabitur,
1151 4808 1195 4869 ut
1218 4808 1318 4870 recte
1337 4786 1538 4871 hominum

71 4921 226 4984 naturas
259 4931 440 5018 agrorum
471 4897 625 5021 ingenio
653 4900 850 5019 persimiles
880 4929 959 4986 esse
988 4902 1088 4990 dicas
1105 4933 1114 4988 :
1134 4901 1223 5020 qui·
1241 4901 1321 5021 agri
1350 4903 1378 4990 si
1402 4900 1540 4992 feraces

132 5016 236 5102 Tam.
256 5019 324 5108 lV.
917 5025 986 5108 Nn
1430 5047 1534 5135 sunt,
