4192 5880
540 381 663 484 84:
719 347 723 355 ’
869 396 1250 470 ιιιιοιιιιτιο
1289 396 1565 469 cotenon

509 543 587 629 que
612 513 756 636 collegii
770 543 949 654 patronus
971 520 1011 604 in
1029 519 1153 607 multis
1180 549 1291 655 saepe
1307 519 1580 606 necessitatibus
1612 549 1646 605 er
1633 518 1852 608 laboranti
1875 516 1961 607 sub·

512 632 642 740 venit,
668 662 708 721 et
739 637 873 750 injuriis
901 638 1109 724 lacessitum
1130 637 1334 724 identidem
1363 638 1591 742 vindicavit,
1622 638 1802 752 omnique
1829 666 1966 726 aucto·
2054 707 2058 712 -

470 750 621 838 ritate
649 754 761 840 etiam
790 784 891 840 nunc
916 757 1011 841 tueri
1039 779 1279 872 perseverat:
1296 781 1341 841 ut
1363 757 1550 871 denique,
1574 786 1623 840 ne
1652 755 1817 890 singulos
1850 787 1968 870 perse

323 884 502 995 mprugbcgr
514 897 638 1002 quar,
667 873 849 958 Alvarum
880 874 1077 959 Carrillum
1095 872 1363 962 Albotnotium
1389 903 1555 960 summae
1580 874 1724 959 virtutis
1750 872 1902 980 νιιιιιιι,
1928 900 1968 962 et

323 1007 421 1055 notus
515 986 551 1069 in
568 989 669 1101 cujus
690 989 840 1102 juvenili
869 1015 990 1078 aetate
1016 1020 1150 1078 canam
1180 993 1447 1107 prudentiam,
1467 1016 1506 1077 et
1540 991 1689 1077 senilem
1718 992 1967 1078 constantiam

325 1151 418 1201 xm„
454 1152 502 1204 Μ.
513 1107 811 1223 gravitatemque
834 1110 968 1194 merito
1005 1108 1214 1196 demireris:
1232 1136 1270 1196 et
1285 1111 1482 1196 Xanthum
1498 1109 1716 1194 Mirandnm
1741 1109 1965 1197 canonicum

325 1212 429 1260 undas
432 1215 504 1270 e-pul

325 1273 406 1319 „de
427 1224 864 1341 00m1Calagurritanum,
881 1228 1016 1312 artium
1036 1252 1075 1313 et
1101 1226 1316 1344 theologiae
1334 1227 1533 1313 doctorem
1567 1225 1879 1332 eruditissimum,
1898 1230 1967 1345 qui

325 1333 393 1452 ἓξὲξ,
400 1345 502 1394 ΡΜ
513 1341 653 1427 multos
681 1373 802 1429 annos
824 1344 1048 1458 Compluti,
1063 1345 1130 1430 ubi
1158 1375 1228 1430 nos
1251 1345 1285 1430 ei
1310 1343 1540 1460 praeceptori
1563 1343 1783 1430 triennium
1797 1344 1961 1458 philoso

512 1459 669 1572 phantes
695 1489 851 1576 operam
880 1462 1078 1568 dedimus,
1102 1462 1253 1578 publico
1282 1461 1412 1549 salario
1443 1461 1673 1548 dialecticam
1703 1487 1743 1545 et
1771 1461 1963 1576 physicam

513 1577 748 1686 doctrinam,
764 1580 898 1666 deinde
926 1579 1157 1698 theologiam
1184 1580 1314 1666 docuit
1335 1609 1424 1665 cum
1440 1609 1578 1696 magna
1598 1609 1664 1666 sua
1696 1577 1845 1694 gloria,
1861 1608 1959 1665 acer

514 1693 627 1781 rimus
656 1695 858 1803 omnium,
891 1725 989 1812 quos
1017 1727 1093 1814 ego
1122 1725 1306 1812 umquam
1334 1698 1520 1801 viderim,
1552 1697 1793 1810 disputator,
1830 1699 1963 1811 etqui

513 1810 554 1896 in
578 1814 825 1928 sophistarum
840 1839 880 1899 et
895 1815 1134 1928 physicorum
1162 1813 1381 1900 scholasticis
1398 1814 1679 1929 congressibus,
1707 1842 1788 1929 quo
1816 1837 1963 1926 tempo·

512 1957 553 2012 re
583 1930 676 2015 haec
689 1933 810 2018 studia
837 1933 992 2016 curabat
1005 1960 1188 2048 ,regnare
1203 1933 1407 2018 dicebatur
1434 1933 1508 2016 Sed
1523 1930 1621 2015 illam
1638 1955 1781 2015 tantam
1799 1930 1957 2046 gloriam

515 2044 660 2132 audio
651 2076 725 2183 qam
754 2048 960 2135 abeodem
995 1993 1193 2162 maioribus
1216 2049 1287 2134 suis
1303 2048 1500 2136 virtutibus
1530 2071 1569 2133 et
1599 2046 1778 2162 opimone
1810 2047 1963 2133 theolo-

513 2162 619 2278 gicae
641 2165 839 2280 sapientiae
854 2191 1090 2301 superatam.
1109 2166 1158 2252 de
1181 2166 1284 2279 cuius
1299 2167 1496 2254 virtutibus
1516 2166 1665 2300 acrique
1697 2190 1735 2250 et
1758 2162 1913 2250 flexili
1903 2194 1964 2249 m-

514 2282 632 2413 genio
649 2284 791 2397 parcius
813 2313 924 2400 agere
956 2284 1055 2369 ille
1029 2307 1143 2370 trmor
1166 2285 1375 2388 admonet,
1391 2313 1441 2369 ne
1460 2282 1710 2368 amantissimo
1741 2306 1957 2395 praecepto·

515 2395 571 2502 ri,
589 2423 628 2483 et
657 2402 759 2514 cujus
776 2402 814 2485 in
831 2430 892 2486 me
914 2401 1101 2515 reciproca
1114 2402 1377 2489 benevolentia
1403 2399 1526 2485 multis
1543 2423 1661 2486 exstat
1687 2422 1820 2484 testata
1845 2399 1964 2485 docu

516 2517 676 2622 mentis,
692 2518 902 2653 quidquam
924 2548 983 2605 me
1001 2518 1187 2604 indulsisse
1201 2581 1214 2622 ,
1230 2519 1368 2606 invidia
1382 2519 1496 2632 possit
1510 2516 1752 2650 interpretari.
1784 2516 1866 2611 Qui
1880 2515 1962 2604 duo

515 2631 610 2737 viri,
627 2661 716 2718 cum
741 2635 927 2749 superiore
942 2664 1044 2722 anno
1060 2638 1110 2720 ab
1124 2636 1295 2723 universa
1307 2634 1570 2750 Hispaniarum
1601 2632 1750 2719 ecclesia
1784 2631 1875 2717 ob
1865 2662 1962 2746 rpso·

514 2776 600 2834 rum
624 2754 891 2864 praestantiam
913 2753 964 2838 ad
993 2751 1213 2840 Pontificem
1243 2752 1355 2869 legati
1382 2753 1558 2839 Bononia
1588 2751 1816 2855 transirent,
1850 2750 1963 2836 colle

514 2865 620 2983 glum
634 2894 806 2956 nostrum
828 2870 1099 2957 libentissime
1091 2872 1319 2958 mvisetunt:
1336 2892 1376 2956 et
1399 2869 1490 2956 alter
1520 2869 1679 2984 parentis
1698 2812 1845 2985 Aegidii
1875 2898 1958 2953 mo·

393 3064 394 3067 a
515 2985 726 3072 nimentum
750 2988 921 3093 celebre,
945 3010 984 3072 et
1013 3018 1100 3075 suae
1115 2984 1272 3073 familiae
1286 3016 1468 3104 magnum
1493 3010 1758 3075 ornamentum
1783 3012 1871 3069 cum
1904 2985 1961 3069 in·

514 3103 620 3301 genti
648 3094 790 3220 gaudio
807 3134 978 3219 praesens
998 3105 1272 3192 consideravit:
1290 3106 1381 3191 alter
1403 3103 1599 3219 discipulos
1613 3102 1880 3189 amantissimos
1903 3101 1960 3188 sui

530 3223 764 3309 aetabundus
788 3223 980 3338 agnoscit,
994 3250 1034 3310 et
1055 3223 1209 3317 vicissim
1233 3223 1473 3339 agnoscitur:
1490 3221 1625 3336 quibus
1649 3248 1719 3305 nec
1733 3218 1799 3334 ipsi
1837 3219 1961 3305 hono·

410 3346 414 3353 ‘
511 3365 548 3419 rr
536 3336 692 3424 debito
708 3341 910 3446 habendo,
926 3368 996 3425 nec
1010 3336 1139 3426 officio
1153 3363 1283 3425 nostro
1299 3339 1524 3455 praestando
1540 3336 1734 3424 defuimus
1771 3334 1835 3421 Ad
1865 3364 1964 3422 sum

518 3482 620 3538 mam
646 3482 814 3570 suscepta
842 3457 890 3541 illi
898 3401 1026 3593 hujus·
1034 3457 1180 3572 collegii
1197 3485 1286 3543 cura
1303 3517 1316 3562 ,
1332 3463 1479 3544 Romae
1504 3485 1609 3541 omm
1598 3455 1752 3541 studio
1781 3483 1808 3538 a
1832 3456 1965 3540 Leone

511 3570 568 3655 AX.
601 3576 714 3659 Ροιιι.
745 3578 853 3659 Max.
886 3576 1106 3662 auctoritate
1130 3599 1170 3660 et
1194 3575 1348 3661 nomine
1378 3575 1566 3709 Hispanae
1602 3572 1771 3659 ecclesiae
1798 3594 1964 3655 conten-

517 3688 706 3775 derunt
664 3697 1063 3808 ‚mrpetraveruntque
1094 3691 1185 3777 illud
1207 3693 1316 3777 nobis
1340 3691 1609 3826 optatissimum
1638 3688 1799 3775 simulet
1823 3687 1966 3802 aequis-

341 3805 650 3944 arnapa-simum
677 3807 934 3944 privilegium,
965 3833 1010 3895 ut
1031 3808 1196 3943 quisquis
1224 3808 1292 3894 rite
1318 3811 1493 3940 ascriptus
1524 3808 1610 3892 huic
1638 3805 1797 3922 collegio
1825 3805 1960 3939 Hispa.-

316 3896 398 4017 {iim
422 3900 489 3946 ⁰⁰¹²
516 3950 681 4060 norum,
702 3950 741 4012 et
763 3925 812 4010 ab
830 3928 1000 4041 Hispano
1023 3927 1209 4033 condito,
1230 3925 1490 4014 secundum
1459 3955 1537 4039 eyus
1559 3949 1697 4011 sramta
1713 3921 1877 4010 doctoris
1897 3935 1966 4010 aut

517 4043 680 4158 magistri
709 4043 887 4161 dignitate
901 4046 1095 4131 Bononiae
1123 4070 1254 4129 auctus
1270 4072 1387 4151 esset,
1403 4044 1556 4158 perinde
1581 4043 1632 4128 ad
1656 4037 1920 4127 ecclesiastica
1909 4070 1965 4126 sa-

515 4160 682 4246 cerdotia
709 4185 748 4248 et
777 4188 915 4248 ceteras
930 4162 1157 4279 dignitates
1148 4191 1187 4245 m
1202 4163 1384 4276 Hispania
1412 4159 1637 4248 obtinendas
1665 4160 1820 4244 idoneus
1834 4169 1964 4243 censo·

516 4301 644 4382 retur,
661 4279 748 4363 acsi
763 4279 801 4364 in
814 4280 1088 4382 Salmaticensi,
1106 4305 1173 4365 aut
1201 4277 1274 4364 alio
1288 4281 1424 4393 quovis
1451 4278 1582 4365 celebri
1604 4275 1786 4364 Castellae
1803 4302 1964 4407 gymna-

515 4393 570 4477 sio
598 4395 733 4482 doctor
765 4420 831 4481 aut
837 4399 1032 4530 magister
1048 4394 1166 4483 lactus
1181 4421 1286 4481 esset.
1319 4401 1497 4483 Ceterum
1525 4395 1608 4483 satis
1631 4423 1756 4480 sumus
1781 4389 1961 4505 divagari.

515 4512 642 4598 Venio
662 4515 712 4600 ad
727 4514 940 4630 praecipuas
965 4515 1107 4632 collegii
1121 4514 1430 4620 constitutiones,
1447 4543 1546 4630 quae
1568 4511 1702 4600 merito
1717 4511 1756 4596 in
1772 4506 1959 4621 hujusmo

516 4628 555 4714 di
576 4632 787 4718 narratione
809 4663 914 4718 suam
928 4658 1071 4746 partem
1103 4633 1361 4720 vindicabunt.

325 4783 506 4916 gedspvqat
574 4752 642 4834 IX
702 4752 866 4836 Primum
895 4751 1064 4835 omnium
1099 4777 1264 4867 quatuor
1297 4749 1536 4854 sacerdotes,
1568 4750 1634 4866 qui
1660 4749 1819 4862 praesint
1847 4746 1958 4834 rebus

325 4905 413 4965 auur
479 4860 732 4976 divinis‚et
692 4893 862 4958 etsacra
876 4893 1080 4989 procurent
1092 4929 1105 4978 ,
1122 4868 1277 4961 instituti
1301 4893 1413 4962 sunt:
1427 4868 1453 4963 ιι
1480 4811 1557 4961 bibi
1571 4865 1720 4984 singulis
1751 4864 1959 5071 ιιιιιιιοιιιᾶιίς
