4006 5850
289 456 332 482 .·
451 429 461 473 t
516 401 887 483 :suntante-
919 403 973 473 ’Πι
1089 406 1129 427 ’“
1165 404 1225 466 'ss
1466 420 1532 491 509

114 528 464 651 quidamvuenut
475 529 674 636 homines,
689 528 777 642 qui,
793 553 837 615 ut
852 537 1000 630 cetera,
1023 550 1220 613 nascentes
1230 521 1436 653 imperfecti
1455 553 1558 633 sunt,

106 681 195 756 cum
212 651 408 743 virtutibus
421 673 684 763 procreentur.
719 653 1005 760 Neque-tamen
1021 643 1220 730 inficiaseo
1237 653 1449 749 ,naturam
1483 646 1559 730 ho-

106 765 270 872 minibus?
281 768 533 860 adstantem
541 759 800 869 obtinendam·
818 762 1035 876 opitulati,
1050 762 1186 876 quihus
1198 770 1357 848 constat
1370 765 1559 877 quaedam

106 880 214 973 velut
231 885 379 991 sentina
389 886 587 977 virtutum.
598 911 690 987 curn
712 906 841 974 mente
858 882 1037 1001 ipsarum:
1049 883 1357 995 capacisnaturaeT
1370 881 1559 969 beneficio

106 998 366 1117 suppeditari,
391 1033 493 1118 quae
515 996 747 1101 si5.studiose
774 1015 983 1117 curentur,
1008 1024 1045 1085 et
1060 999 1530 1087 ‚accuratiusztexcolantur
1546 1037 1571 1106 ,¹

107 1118 381 1236 morefrugum
409 1120 653 1221 adolescunt,
675 1143 717 1209 et
733 1114 1145 1209 huetumuherrimum
1169 1114 1321 1204 ferunt:
1347 1119 1481 1204 eadem
1494 1147 1573 1223 ne·¹

109 1238 233 1354 gleetaj
251 1240 396 1352 iacent,
420 1238 610 1325 interdum
631 1236 745 1329 etiam
761 1232 931 1322 funditus
953 1235 1209 1349 exstirpantur.
1246 1238 1360 1328 Quae
1386 1236 1442 1324 vis
1458 1261 1561 1322 cete-

109 1356 157 1440 ris
175 1355 575 1472 animautibusnegata
601 1349 719 1458 facit,
744 1381 787 1439 ut
803 1354 951 1457 homo,
970 1353 1052 1440 licet
1068 1352 1234 1466 corporis
1254 1354 1399 1438 vitibus
1431 1385 1455 1438 a
1480 1355 1563 1468 ple·
1599 1440 1601 1443 ,

108 1473 231 1587 risjqno
239 1468 463 1570 animalibus
486 1498 680 1587 superetur
699 1530 712 1575 ,
735 1497 1016 1564 naturatamen
1034 1471 1281 1583 praestantior
1298 1473 1427 1557 ceretis
1441 1474 1565 1558 omni·

111 1590 182 1693 bus
197 1591 400 1697 habeatur,
421 1597 525 1676 Nam
546 1589 574 1675 si
591 1589 763 1677 homines
777 1618 864 1673 curn
890 1588 1085 1678 virtutibus
1103 1615 1343 1685 nascerentur
1357 1617 1461 1694 ‚aut
1488 1590 1576 1677 vir·x

113 1732 240 1809 tutum
266 1710 325 1794 illa
350 1710 490 1793 semina
508 1706 755 1793 crescentibus
779 1700 994 1797 hominibus
1019 1764 1034 1810 ,
1060 1708 1165 1792 etad
1193 1704 1459 1819 perfectionem
1476 1734 1581 1794 ten·-

115 1826 290 1922 dentibus
300 1826 410 1912 ultro
430 1849 703 1942 augescerent,
729 1844 873 1938 suaque
896 1822 1030 1939 sponte
1054 1826 1296 1937 provenirent
1329 1887 1341 1930 ,
1369 1852 1411 1910 ut
1440 1827 1567 1946 ingre·

118 1943 246 2029 diendi
271 1945 416 2048 robur,
444 1968 488 2028 ut
504 1943 662 2048 dentes,
684 1968 729 2026 ut
745 1943 888 2045 barba,
905 1967 944 2027 et
959 1966 1082 2027 cetera
1097 2001 1109 2044 ,
1127 1973 1226 2055 quae
1243 1941 1345 2027 nulla
1361 1971 1488 2030 nostra
1500 1972 1568 2031 tu·

116 2090 159 2146 ta
179 2092 250 2147 suo
266 2087 437 2176 tempore
454 2085 712 2174 pernatutam
732 2062 984 2179 contingunt:
1014 2057 1186 2173 profecto
1203 2060 1359 2148 virtutes
1387 2091 1468 2146 non
1485 2094 1571 2148 ma·
1609 2172 1610 2175 p

116 2177 227 2295 gisia
248 2178 524 2285 noblsessent,
547 2207 662 2292 quam
681 2175 854 2293 singula,
876 2206 979 2292 quae
997 2178 1117 2265 modo
1148 2178 1367 2265 memoravi.
1397 2185 1454 2264 Ira
1481 2182 1582 2297 pru?

119 2295 272 2400 dentia,
291 2295 550 2403 fortitudine,
577 2295 780 2408 ceterisque
799 2295 837 2378 id
862 2324 983 2410 genus
1013 2294 1212 2386 virtutibus
1241 2295 1415 2381 mortales
1438 2330 1583 2387 omnes·

119 2412 317 2518 omnino,
343 2413 405 2501 vel
435 2437 535 2497 cette
564 2409 704 2528 magna
730 2440 775 2496 ex
800 2437 905 2527 parte
928 2411 1084 2527 praediti
1115 2438 1261 2501 essent:
1293 2442 1362 2498 nec
1388 2414 1585 2526 laudibus,

119 2529 341 2644 vituperiis,
367 2528 570 2647 praeceptis
587 2540 600 2634 ,'
617 2529 945 2625 adhortationibus
970 2528 1073 2614 locus
1098 2530 1365 2644 relinqueretur
1385 2559 1395 2614 ε
1428 2563 1498 2619 nec
1514 2568 1574 2621 su-

121 2674 287 2763 peresset
303 2647 404 2734 aliud
423 2707 438 2754 ,
459 2677 586 2763 vquarn
604 2670 648 2732 ut
667 2646 850 2760 virtutum
868 2647 1102 2732 divinitatem
1119 2649 1417 2754 admiraremur,
1445 2677 1483 2737 et
1510 2655 1578 2741 has

119 2766 273 2852 sortitos
296 2763 417 2852 felices
433 2788 509 2852 esse
526 2764 743 2852 diceremus.
778 2764 852 2850 Sed
870 2763 960 2879 quia
985 2792 1041 2851 res
1057 2765 1173 2882 longe
1201 2767 1306 2854 aliter
1334 2767 1450 2854 habet
1468 2829 1482 2877 ,
1503 2802 1575 2872 ne·⁴

118 2911 196 2997 que
216 2884 391 2970 mortales
410 2884 567 2988 cuncti,
599 2881 661 2968 vel
678 2906 816 2999 magna
834 2912 880 2967 ex
897 2907 1002 2996 parte
1028 2878 1170 2998 (quod
1189 2886 1339 3000 signum
1371 2915 1448 2972 esse
1478 2890 1587 2980 solet.

120 3027 245 3085 retum
267 3030 334 3116 pet
356 3027 528 3106 naturam
558 2999 868 3114 suppetentium)
891 2999 1093 3089 virtutibus·
1107 3001 1316 3092 xinstructos
1345 3010 1573 3092 essecerni-

122 3147 208 3202 mus
226 3178 239 3225 ,
264 3120 330 3205 sed
348 3120 440 3205 boni
455 3118 709 3222 consulimus,
737 3116 766 3202 si
783 3145 902 3202 unum
919 3116 1081 3231 aliquem
1097 3119 1196 3203 nacti
1213 3149 1340 3205 sumus
1358 3180 1370 3223 ,
1387 3122 1453 3235 qui
1469 3155 1576 3238 prae·
1616 3164 1618 3168 ³

122 3234 295 3321 sidiuma
315 3237 557 3325 meditatione
574 3235 840 3351 disciplinaque
855 3258 1011 3347 petens,
1038 3235 1130 3321 dum
1154 3233 1265 3322 ferret
1294 3235 1479 3325 deficienti
1506 3273 1573 3329 na·
1615 3324 1620 3328 .
1686 3308 1698 3327 2

126 3376 233 3439 turae
260 3355 479 3470 suppetias,
506 3355 545 3441 id
561 3378 783 3438 consecutus
804 3349 946 3455 fuerit,
973 3377 1017 3445 ut
1032 3376 1218 3467 quantum
1248 3354 1378 3439 belluis
1405 3356 1576 3449 homines

130 3471 390 3579 antecellant,
417 3472 531 3587 possit
547 3500 624 3556 esse
650 3472 882 3569 documento
899 3500 908 3552 z
923 3468 1019 3563 ,satis
1045 3469 1255 3588 intelligitur
1287 3471 1441 3558 virtutes
1471 3505 1576 3564 com·

129 3617 290 3702 parare,
316 3590 426 3675 situm
444 3619 522 3674 esse
539 3589 720 3672 innostra
737 3610 921 3702 potestate
938 3647 950 3690 ,
982 3615 1051 3672 nec
1066 3587 1409 3676 immerito'laudari
1437 3594 1574 3706 bonos,

94 3781 97 3802 ,
132 3729 201 3790 aut
219 3705 373 3793 vitiosos
389 3704 520 3818 injuste
538 3704 763 3819 vituperari,
790 3733 861 3790 nec
876 3703 1154 3792 exhortationes
1174 3735 1251 3792 esse
1272 3736 1576 3823 supervacaneas,

127 3849 199 3909 aut
228 3825 488 3940 nequidquam
505 3825 605 3939 leges
635 3823 831 3927 adhiberi,
855 3845 948 3938 quas
966 3822 1015 3921 ad
1036 3848 1135 3909 recte
1161 3825 1347 3938 beateque
1369 3825 1576 3921 vivendum

122 3941 241 4027 duces
258 3940 475 4028 habeamus.
834 3948 838 4040 ζ
1419 4017 1421 4023 .
1572 4020 1575 4025 .

183 4061 338 4160 xx111.
367 4117 370 4123 ·
388 4064 527 4176 Neque
543 4088 637 4161 vero
654 4060 812 4157 virtutes
839 4083 878 4145 et
892 4059 982 4146 vitia
997 4059 1051 4144 ob
1065 4059 1104 4145 id
1119 4083 1270 4155 tantum
1285 4088 1371 4148 sunt
1388 4064 1426 4147 in
1441 4093 1571 4154 nostra

125 4199 343 4287 potestate,
363 4181 474 4295 quod
498 4205 704 4296 antequam
724 4177 841 4289 ¹nohis
858 4178 1164 4294 ingenerarentur
1184 4227 1209 4282 1,
1234 4179 1308 4267 hoc
1330 4181 1462 4295 ipsum
1491 4213 1572 4274 etat

126 4295 290 4403 optionis
306 4299 492 4413 studiique
510 4300 626 4384 nostri
643 4358 657 4403 ,
680 4324 811 4385 verum
828 4296 942 4390 etiam
958 4295 1047 4409 quia
1076 4295 1290 4406 huiusmodi
1307 4297 1493 4386 habitibus
1517 4305 1576 4390 in.

126 4411 340 4522 generatis,
369 4439 533 4530 superest
553 4416 761 4500 etiamnum
778 4410 931 4497 facultas
952 4413 992 4495 in
1008 4412 1115 4497 nobis
1132 4415 1285 4499 eosdem
1301 4416 1519 4528 abjiciendi,
1538 4449 1577 4511 et

127 4524 167 4608 in
198 4527 391 4642 oppositos
407 4563 472 4647 pet
501 4535 715 4648 oppositam
752 4529 1061 4616 consuetudinem
1078 4533 1352 4618 commutandi.
1386 4537 1576 4631 Quamvis

127 4643 229 4728 enim
246 4648 312 4760 qui
333 4644 437 4734 fortis
466 4674 521 4733 est
539 4662 566 4751 ,'
581 4651 610 4734 is
636 4649 786 4733 timidus
803 4647 910 4732 simul
936 4676 1013 4732 esse
1031 4676 1111 4733 non
1136 4649 1279 4765 possit,
1307 4677 1431 4765 potest
1448 4658 1577 4745 tamen

127 4754 389 4850 fortitudinem
406 4828 418 4874 ,
435 4795 552 4881 quam
570 4767 635 4851 sihi
673 4765 873 4851 subeundis
903 4766 1069 4880 periculis
1094 4771 1342 4857 assuescendo
1369 4800 1576 4886 pepererat,

129 4883 401 4973 consuetudine
424 4911 551 4974 terunt
576 4885 837 5001 oppositarum
853 4884 1035 4978 amittere.
1069 4889 1217 4980 Eadem
1234 4887 1331 4975 ratio
1356 4888 1578 4982 liberalitatis

827 5049 829 5052 ⁴
1538 5041 1577 5104 et
