4050 5858
681 369 742 440 LI
760 367 788 437 B
807 366 838 438 E
858 369 891 442 R
938 368 985 437 11.
1460 390 1528 463 275

101 500 338 620 ignoratione
366 496 421 586 sui
451 525 508 586 res
535 522 692 626 magnas
719 492 1026 632 aggrediuntur
1017 493 1116 582 ιιιῐιι
1139 523 1279 633 opera,
1296 521 1336 585 et
1362 496 1552 596 interdurn

103 621 255 708 laudem
270 643 433 754 pettmt,
450 618 554 704 unde
569 612 695 704 ferunt
714 617 827 702 etiam
842 613 1095 730 vituperium,
1111 617 1254 731 optime
1269 646 1435 733 namque
1449 649 1552 733 prae·

100 741 261 855 cipitur,
278 763 322 825 ut
334 766 400 854 qm
390 736 468 823 ad
491 764 572 822 rem
598 731 804 853 gerendam
831 734 1002 840 aceedit,
1023 761 1181 842 caveat,
1199 762 1248 821 ne
1263 735 1301 821 id
1314 736 1440 824 modo
1454 765 1546 825 con-

98 858 262 964 rideret,
282 855 464 975 quamsit
486 854 548 940 illa
565 883 621 940 res
637 854 828 957 honesta,
848 852 1042 940 sedetiam
1067 878 1111 941 ut
1134 796 1273 941 haibeat
1295 849 1548 944 efficiendifa·

96 976 299 1063 ettltatem.
318 982 454 1090 Itaque
463 996 699 1108 arrogantes
718 971 896 1060 vestitum
913 1000 1091 1087 quoque,
1109 973 1258 1059 vultum
1275 1034 1287 1078 ,
1305 997 1479 1089 gestum,
1496 1004 1548 1064 ce·

95 1118 300 1209 rerumque
324 1092 491 1228 corporis
522 1115 701 1177 ornatum
731 1089 897 1177 studiose
925 1115 1116 1205 quaerunt
1140 1115 1256 1207 atque
1284 1118 1547 1228 componunt,

98 1237 138 1299 et
153 1211 377 1347 quidquid
367 1235 461 1296 mest
485 1209 567 1323 opis
593 1209 727 1324 passim
755 1233 1013 1313 ostentantes,
1031 1206 1079 1293 de
1105 1239 1144 1295 se
1169 1238 1328 1326 quoque
1351 1211 1510 1298 multa
1499 1243 1547 1324 ιι·

95 1355 205 1418 ctant
228 1333 443 1446 importune
460 1390 472 1435 ,
489 1330 583 1415 dum
614 1353 757 1416 temere
781 1329 970 1414 honorem
1000 1270 1078 1413 hoc
1109 1329 1227 1446 magis
1254 1327 1501 1444 fugientem
1490 1360 1547 1419 ιιι·

96 1473 330 1581 sequuntur:
354 1447 493 1562 qulbus
520 1446 615 1533 vitiis
639 1445 736 1560 (seu
764 1447 886 1535 verius
915 1461 1060 1532 errores
1084 1445 1232 1534 dicendi
1265 1471 1381 1553 sunt,
1408 1477 1546 1535 nece

96 1564 175 1651 nint
198 1567 254 1651 his
277 1566 448 1653 homines
472 1566 560 1650 mali
588 1594 696 1671 esse,
712 1564 779 1651 sed
805 1567 975 1651 aberrare
1000 1564 1128 1679 potius
1153 1565 1457 1681 existimantur)
1448 1590 1544 1655 mter

99 1713 138 1771 sc
161 1684 385 1799 comparatis
401 1747 413 1789 ,
432 1681 709 1798 pusillanimitas
732 1684 850 1799 magis
880 1685 1134 1796 vituperatur.
1162 1688 1271 1769 Nam·
1297 1683 1461 1795 primum
1490 1715 1543 1772 re·

96 1801 198 1917 pellit
233 1827 273 1888 et
300 1801 398 1888 tollit
428 1830 473 1885 ea
500 1802 637 1907 bona,
667 1800 705 1884 in
739 1803 876 1936 quibus
905 1830 1047 1917 magna
1076 1825 1164 1886 sunt
1193 1801 1406 1892 illustrium
1418 1832 1544 1890 rerum

93 1922 349 2036 gerendarum
380 1918 626 2030 adjumenta,
661 1918 863 2005 deinde
828 1949 953 2037 prgros
986 1920 1159 2006 homines
1190 1920 1546 2037 cunctantioresque

94 2038 221 2123 reddit
241 2041 291 2124 ad
314 2035 501 2171 praeclara
517 2033 707 2140 facinora,
723 2036 855 2123 vitium
881 2037 976 2125 vel
968 2067 1006 2122 m
1031 2038 1157 2152 primis
1173 2040 1396 2126 damnatum
1414 2046 1542 2129 aPau·

94 2152 160 2240 lo:
189 2156 240 2240 ab
268 2154 346 2241 hoc
373 2154 475 2240 enim
504 2183 576 2239 nos
598 2153 637 2238 in
662 2153 881 2241 Corinthios
903 2155 1158 2262 dehortatur,
1185 2186 1275 2244 cum
1301 2157 1379 2243 air:
1412 2160 1543 2270 Adju-
1553 2247 1577 2285 ᾗ
1596 2233 1650 2287 0ae
1664 2237 1690 2287 α

93 2288 230 2357 vatter
255 2274 527 2378 exhortamur,
553 2299 598 2356 ae
628 2280 669 2355 in
697 2299 857 2357 vacuum
883 2281 1052 2383 gratim
1087 2277 1169 2357 Dei
1199 2283 1424 2384 recipiatis.
1451 2281 1542 2366 Una

93 2387 206 2505 igitur
227 2416 267 2476 et
288 2390 476 2506 perbrevis
497 2389 627 2476 cautio
646 2389 782 2475 tradita
799 2417 855 2476 ιιι
872 2451 884 2495 ,
901 2421 979 2507 qua
1002 2392 1208 2477 commode
1231 2418 1438 2507 utrumque
1463 2397 1543 2482 viti·

90 2534 162 2591 um
177 2508 428 2615 evitabimus,
454 2509 536 2594 siin
553 2538 601 2594 eo
618 2537 758 2643 genere
782 2537 907 2623 neque
934 2535 1074 2593 temere
1092 2509 1370 2623 desperabimus
1385 2533 1584 2628 propter

92 2622 312 2760 ignaviam,
338 2657 409 2715 nec
437 2655 562 2713 rursus
590 2625 697 2711 nimis
721 2624 955 2711 confidemus
986 2653 1141 2761 propter
1169 2628 1437 2743 cupiditatem.
1471 2637 1542 2720 Est

93 2740 208 2858 igitur
224 2747 482 2863 magnanimus
498 2804 510 2850 ,
527 2768 571 2829 ut
586 2743 743 2830 diximus
760 2744 854 2859 ,qui
871 2745 1016 2864 magnis
1042 2745 1152 2831 rebus
1182 2771 1221 2832 et
1250 2745 1386 2862 dignus
1401 2771 1484 2855 ιιι,
1501 2775 1542 2838 ιι

93 2889 135 2945 ιι
149 2863 225 2977 ipse
241 2864 438 3000 dignatur.
449 2868 554 2948 Nam
569 2862 636 2978 qui
651 2891 767 2995 parva
788 2886 980 2967 meretur,
997 2887 1037 2949 et
1049 2864 1172 2978 parvis
1192 2893 1270 2950 sese
1284 2864 1444 2982 dignum
1456 2894 1539 2954 cen·-

91 3002 182 3084 set,
199 3010 280 3067 non
304 3006 405 3069 caret
428 2981 457 3067 is
472 2979 680 3116 quidem
645 3003 813 3084 virtute,
829 2980 893 3066 sed
919 2981 1024 3096 quasi
1054 2980 1261 3069 modestiae
1288 2983 1444 3070 nomine
1459 2982 1539 3073 lau·

91 3038 269 3204 dabimr,
287 3129 368 3185 non
384 3097 697 3233 magnanimitatis
714 3156 727 3203 ,
742 3127 843 3212 quae
865 3097 942 3183 sine
964 3099 1224 3215 magnitudine
1246 3130 1327 3187 non
1352 3103 1537 3209 ιοιιιίιιιιι

88 3237 136 3299 ut
165 3216 406 3331 pulchritudo
427 3218 595 3332 corporis
626 3215 728 3301 nulla
758 3216 918 3301 estsine
944 3216 1194 3330 proceritate,
1223 3249 1459 3336 quamquam
1482 3221 1537 3308 in.-

89 3336 274 3420 terdum
264 3365 303 3420 ιιι
328 3336 435 3423 brevi
459 3359 599 3422 statura
623 3334 791 3448 corporis
820 3334 1006 3420 habitudo
1028 3335 1203 3421 membris
1226 3337 1343 3423 veluti
1370 3337 1421 3422 ad
1437 3368 1539 3424 men·-

88 3475 214 3538 suram
241 3455 539 3590 congruentibus
561 3452 879 3537 commendetur:
897 3481 979 3566 quo
1002 3450 1074 3559 fit,
1090 3477 1134 3538 ut
1162 3453 1240 3540 sine
1270 3454 1462 3543 cumulata
1493 3487 1536 3542 o·

89 3569 185 3657 mnis
214 3573 362 3709 generis
389 3572 529 3660 virtute
554 3569 815 3706 magnanimus
841 3598 918 3655 esse
944 3599 1027 3655 non
1058 3570 1194 3685 possit.
1226 3575 1332 3659 Nanr
1352 3602 1441 3658 cum
1465 3574 1536 3659 ho·

90 3710 165 3772 nor
191 3690 399 3803 praemium
423 3691 471 3778 sit
494 3689 642 3780 virtutis
670 3687 831 3773 maxime
858 3687 1082 3803 proprium,
1100 3713 1139 3775 et
1162 3719 1244 3804 quo
1270 3691 1429 3807 quisque
1457 3721 1536 3777 me·

86 3799 161 3890 lior
185 3831 271 3914 est,
294 3809 370 3896 hoc
394 3808 554 3923 majores
576 3808 743 3894 honores
765 3831 977 3912 mereatur,
994 3805 1081 3892 satis
1101 3807 1348 3943 intelligitur,
1375 3809 1442 3944 qui
1459 3821 1534 3896 ma·
1569 3833 1571 3837 ’

86 3921 192 4010 ximis
213 3926 424 4012 honoribus
447 3951 503 4012 est
526 3927 688 4044 dignus,
719 3954 807 4012 eum
796 3952 1015 4060 oportere
1031 3925 1071 4009 in
1093 3927 1198 4012 omni
1228 3957 1364 4043 genere
1390 3928 1536 4016 virtutis

87 4042 294 4149 excellere3
313 4070 357 4131 ut
376 4045 512 4132 merito
527 4046 684 4162 quidam
699 4073 722 4128 a
738 4042 824 4132 viris
843 4042 1089 4159 prudentibus
1111 4043 1322 4152 rideantur,
1340 4047 1429 4161 qui,
1437 4075 1533 4132 cum

88 4154 212 4246 absint
236 4163 286 4249 ab
309 4165 419 4251 omni
441 4165 607 4271 virtute,
623 4186 663 4250 et
691 4163 762 4249 sint
785 4186 954 4249 monstra
973 4162 1188 4277 pravitatis,
1207 4189 1335 4249 tamen
1351 4167 1404 4251 ob
1420 4193 1534 4281 gene·

86 4272 138 4359 ris
160 4274 391 4370 nobilitatem
422 4308 461 4369 et
492 4313 584 4398 opes
600 4345 613 4418 .’
628 4282 774 4418 quibus
794 4282 844 4368 ad
870 4311 1026 4399 magnas
1050 4280 1265 4366 tenuiorum
1292 4281 1438 4395 injurias
1464 4285 1533 4369 ab·

85 4415 279 4504 utuntur,
302 4429 340 4486 se
367 4401 408 4487 in
433 4400 679 4535 magnanimis
707 4399 794 4487 viris
819 4425 857 4486 et
883 4401 1031 4486 honore
1063 4398 1279 4515 dignissimis
1306 4401 1434 4488 haberi
1458 4434 1537 4490 vo·

82 4508 195 4599 lunt:
211 4516 373 4630 quod
343 4547 393 4604 ers
416 4518 580 4627 accidit,
596 4518 731 4606 dum
704 4542 858 4605 timores
882 4515 1193 4624 imbecilliorum,
1209 4543 1248 4604 et
1263 4519 1532 4607 levissimorum

82 4633 357 4721 assentationes
375 4638 426 4723 sie
454 4639 748 4754 interpretantur
766 4695 779 4742 ,
795 4661 840 4723 ut
855 4666 916 4724 eas
932 4659 1067 4751 putent
1087 4637 1138 4724 ad
1162 4667 1269 4723 suam
1297 4636 1447 4724 laudem
1465 4701 1477 4746 ,
1495 4662 1534 4724 et

80 4777 241 4835 suorum
267 4755 486 4845 meritorum
512 4755 773 4845 testimonium
804 4754 1015 4957 pertinlere:
1041 4755 1108 4872 qui
1139 4782 1233 4842 tune
1261 4783 1300 4840 se
1328 4756 1441 4843 etiam
1472 4782 1533 4844 at·

79 4892 161 4984 que
185 4869 300 4961 etiam
323 4902 447 4967 errare
468 4904 558 4965 cum
585 4905 657 4966 suo
680 4903 824 4993 magno
855 4873 1249 5079 mfficognostunt,
1267 4901 1356 4961 cum
1382 4904 1446 4962 eos
1471 4902 1534 4960 co

994 5024 1018 5078 2
1482 4995 1538 5113 git
