4034 5858
492 403 504 487 Γ
537 392 620 481 396,
802 387 886 488 DfE
901 397 1125 470 RATIONE
1151 398 1358 473 DICENDI
1378 401 1640 473 TESTIMON.

474 565 480 574 ·
507 514 637 602 sedne
653 543 735 605 tum
756 508 939 639 quidem,
965 554 1053 612 cum
1068 521 1217 644 tempus
1241 526 1397 636 incidit,
1422 527 1752 646 quemadmodum
1784 533 1948 646 saepein

509 661 648 752 magna
665 666 787 725 rerum
809 645 1042 762 agendarum
1073 647 1253 734 varietate
1281 645 1408 754 solet,
1432 672 1477 734 ut
1492 647 1607 735 altera
1630 649 1764 766 suscipi
1798 649 1950 766 aliquid,

509 755 569 842 vel
585 757 706 844 omitti
725 757 888 873 jubere,
919 765 1034 852 altera
1051 790 1178 854 vetare
1192 766 1388 854 videatur.
1422 765 1713 885 Intelligendum
1745 792 1804 854 est
1834 770 1948 876 enim,

477 936 480 945 -
508 876 678 962 omnium
695 878 875 999 cujusque
890 886 1032 1001 generis
1045 884 1201 1004 legum,
1223 886 1360 1001 quibus
1380 885 1550 972 humana
1564 888 1642 974 vita
1656 885 1847 1003 dirigitur,
1864 919 1946 974 mo·

506 992 745 1105 deratricem,
762 1001 837 1088 hoc
853 1029 921 1110 est,
939 1004 1178 1120 interpretem
1195 1029 1431 1091 esserectam
1448 1005 1661 1112 rationem,
1685 1033 1791 1121 quae
1808 1007 1873 1090 Dei
1885 1006 1942 1092 le·

477 1167 483 1187 ‹
502 1141 590 1228 gem
604 1142 795 1206 aeternam
818 1147 1046 1230 assectatur,
1068 1153 1092 1209 a
1113 1148 1191 1240 qua
1218 1123 1302 1241 lege
1325 1150 1478 1210 aeterna
1491 1125 1614 1210 omnis
1634 1124 1692 1209 lex
1715 1122 1816 1236 justa
1837 1123 1939 1239 prod

501 1232 657 1321 ciscitur.
688 1244 758 1326 Est
772 1241 873 1326 enim
894 1241 952 1328 lex
968 1267 1120 1329 aeterna
1134 1271 1283 1329 summa
1299 1241 1425 1349 ratio,
1451 1242 1513 1327 cui
1545 1271 1691 1359 semper
1715 1267 1776 1329 est
1801 1242 1942 1331 obtem-

309 1387 488 1502 ¹¹paratam
501 1355 739 1467 perandum,
758 1361 1087 1474 quemadmodum
1110 1360 1226 1457 tradit
1250 1358 1507 1479 Augustinus,
1528 1362 1634 1447 simul
1651 1358 1845 1448 affirmans
1861 1363 1944 1475 ciue

348 1467 380 1502 '¹‘
478 1471 591 1557 dem
607 1473 697 1592 legis
713 1480 910 1566 notionem
927 1481 1100 1597 scriptam
1126 1509 1204 1567 esse
1219 1481 1258 1564 in
1273 1480 1461 1566 mentibus
1477 1480 1636 1567 nostris.
1668 1484 1753 1566 Cur
1768 1480 1871 1566 enim
1885 1483 1946 1599 qui

379 1674 388 1690 ‚
439 1621 441 1626 ·
502 1585 604 1677 fame
631 1593 828 1684 conficitur
849 1657 864 1704 ,
892 1624 1135 1716 extremaque
1165 1598 1291 1715 inopia
1322 1599 1497 1704 laborat,
1525 1600 1554 1686 si
1590 1629 1670 1685 rem
1703 1599 1869 1686 alienam
1897 1602 1943 1690 ad

502 1709 628 1796 cibum
645 1713 744 1802 vitae
766 1718 1011 1805 necessatium
1040 1714 1186 1805 auferat
1209 1718 1328 1805 invito
1354 1717 1543 1823 domino,
1573 1719 1601 1806 is
1620 1747 1700 1803 non
1717 1742 1872 1805 tenetur
1886 1719 1941 1805 di·

500 1828 589 1915 vina
612 1829 724 1950 lege,
747 1864 827 1953 qua
853 1831 953 1923 furta
974 1866 1101 1926 severe
1132 1836 1397 1924 vindicantur?
1438 1864 1575 1952 nempe
1605 1836 1698 1954 quia
1727 1862 1832 1923 tecta
1857 1836 1941 1924 ratio

500 1945 550 2031 sic
564 1949 655 2037 illud
672 1954 745 2038 Dei
765 1979 1006 2071 praeceptum
1023 1955 1305 2071 interpretando
1327 1957 1366 2040 in
1380 1955 1445 2040 tali
1459 1983 1570 2042 causa
1595 1954 1818 2041 moderatur
1834 1985 1941 2073 ,qua-

498 2066 738 2159 sinecessitas
751 2073 880 2159 omnia
898 2069 1008 2162 faciat
1022 2075 1198 2161 omnibus
1211 2074 1455 2180 communia,
1479 2070 1645 2188 furtique
1674 2073 1862 2159 tationem
1886 2103 1940 2161 ex·

497 2183 655 2273 cludat:
682 2191 811 2279 melius
826 2219 882 2280 cst
898 2194 998 2280 enim
1014 2219 1059 2281 ut
1073 2195 1247 2308 copiosus
1268 2191 1492 2310 supellectile
1518 2220 1595 2278 una
1620 2191 1812 2307 privetur,
1829 2222 1938 2307 quam

347 2333 350 2342 ¹
424 2376 427 2379 .
496 2329 541 2390 ut
557 2335 698 2425 egenus
714 2305 814 2396 fame
829 2338 983 2428 pereat:
1008 2337 1047 2398 et
1060 2311 1150 2427 quia
1166 2312 1216 2397 sic
1233 2311 1372 2424 judicat
1394 2336 1436 2397 et
1469 2311 1739 2425 interpretatur
1772 2335 1869 2396 tecta
1880 2339 1938 2394 ra·

495 2423 576 2530 tio,
605 2426 742 2515 idcirco
754 2430 817 2516 sic
837 2435 925 2517 Deo
941 2431 1085 2546 placere
1107 2429 1288 2546 dicimus,
1312 2429 1380 2548 qui
1394 2453 1451 2518 est
1472 2429 1646 2517 omnium
1663 2455 1703 2517 et
1720 2457 1850 2516 rerum
1875 2428 1936 2516 do·

407 2554 411 2560 ’
496 2544 652 2657 minus,
677 2571 716 2634 et
728 2545 857 2667 legum
872 2580 1041 2638 summus
1056 2544 1289 2636 moderator.

1006 2787 1293 2872 CAPUT
1350 2786 1429 2871 lx.

1083 2983 1351 3070 Summarium.
1410 3001 1415 3013 '

532 3178 561 3236 t.
620 3177 738 3241 Samma
750 3181 869 3239 amnium
878 3180 975 3262 legam
987 3190 1054 3255 eet,
1070 3191 1102 3239 at
1116 3193 1228 3263 seraper
1235 3177 1294 3256 fiat
1308 3179 1665 3258 qaoajasrameraeqaam
1676 3178 1721 3241 tit
1730 3220 1743 3257 ,
1753 3190 1812 3258 pro
1823 3194 1911 3244 rem

652 3277 688 3319 ac
701 3273 856 3335 temporum
872 3267 987 3322 ratione
1000 3272 1030 3322 et
1036 3259 1217 3338 facultate,
1345 3258 1348 3267 ’

529 3340 576 3398 11.
617 3345 784 3416 Praecepta
798 3342 934 3422 decalogi
950 3362 1002 3401 aaa
1016 3344 1171 3400 admittant
1190 3358 1293 3399 nouam
1307 3340 1590 3416 interpretationem.

424 3471 425 3477 ,
528 3420 594 3484 ΙΙΙ.·
616 3422 802 3497 Comparatio
815 3434 978 3484 ceterarum
991 3422 1090 3504 legam
1105 3420 1283 3482 naturalium
1299 3438 1361 3480 curn
1370 3422 1543 3498 praeceptis
1558 3417 1710 3503 decalogi.

435 3700 439 3713 .
515 3620 547 3705 1.
578 3540 779 3710 HAEC
805 3622 917 3741 igitur
932 3653 1078 3709 summa
1100 3649 1156 3711 est
1179 3622 1353 3709 omniunt
1374 3620 1554 3735 justarum
1582 3619 1714 3740 legum
1749 3620 1802 3709 de
1833 3619 1936 3708 rebus

485 3739 670 3854 agendis,
695 3743 770 3829 hoc
785 3743 1016 3858 potissimnm
1032 3741 1117 3854 juris
1142 3767 1197 3830 est
1214 3768 1298 3853 tum
1313 3739 1428 3830 divini
1445 3803 1457 3847 ,
1473 3767 1558 3828 tum
1586 3743 1700 3826 etiam
1728 3736 1932 3844 naturalis,

485 3879 530 3942 ut
545 3886 690 3974 semper
718 3860 886 3949 vitentur
907 3860 1081 3980 grauiora
1107 3861 1239 3969 mala,
1269 3888 1414 3977 semper
1430 3858 1498 3946 liat
1518 3860 1628 3977 quod
1645 3858 1788 3973 justum
1812 3885 1850 3944 et
1875 3883 1931 3940 ae·

483 4003 604 4093 quum
622 3979 666 4064 sit
683 4041 696 4086 ,
712 3986 858 4096 semper
873 4006 996 4067 rectae
1017 3978 1152 4066 rationi
1167 4003 1353 4096 pareatur.
1386 3983 1500 4065 Hanc
1516 3977 1617 4065 enim
1645 4008 1819 4065 normam
1845 3997 1926 4065 csse

481 4096 666 4186 virtutum
683 4124 721 4185 et
738 4099 916 4186 vitiorum
933 4162 946 4207 ,
963 4099 1103 4186 docent
1119 4130 1200 4188 non
1217 4100 1338 4187 modo
1355 4099 1489 4186 theolo
1515 4097 1525 4117 ‘
1544 4160 1558 4206 ,
1591 4096 1791 4185 sedetiam
1809 4092 1932 4211 philo·

325 4238 392 4294 aat
409 4257 430 4297 t.
480 4218 715 4420 sophi,pui,
730 4247 819 4304 cum
836 4249 891 4307 res
913 4249 1030 4338 quam
1047 4215 1455 4336 optimefieripotest,
1536 4217 1862 4333 citurprorerum
1879 4211 1931 4300 vi·

476 4332 611 4423 delicet
649 4338 840 4447 acultate,
869 4364 962 4426 tunc
987 4337 1122 4425 eadem
1151 4362 1288 4424 natura
1318 4337 1415 4425 duce
1441 4364 1481 4424 et
1500 4359 1655 4423 auctore
1683 4335 1765 4422 lieri
1800 4329 1930 4422 confir·

474 4479 607 4562 mant,
633 4457 805 4574 quamvis
820 4459 997 4574 scriptum
1014 4480 1053 4544 et
1069 4453 1232 4544 formula
1252 4455 1457 4573 cujuspiam
1478 4457 1569 4574 legis
1585 4455 1766 4543 aliorsum
1794 4476 1928 4544 vocare

472 4573 664 4661 videatur:
688 4575 811 4663 omnis
839 4580 938 4664 enim
955 4577 1012 4662 lex
1036 4576 1149 4662 etiam
1182 4576 1388 4683 naturalis,
1419 4577 1469 4662 sic
1484 4601 1542 4662 est
1568 4574 1788 4690 accipienda
1816 4598 1857 4660 et
1881 4570 1929 4657 iu·

468 4696 721 4809 terpretanda,
738 4719 782 4780 ut
797 4693 826 4780 si
841 4698 934 4813 quid
944 4695 1117 4782 acciderit
1137 4695 1176 4780 in
1194 4721 1300 4782 tanta
1318 4723 1446 4781 rerum
1460 4695 1640 4785 varietate
1656 4719 1696 4779 et
1712 4694 1926 4780 inconstan-

466 4809 547 4916 tia,
571 4816 678 4931 quol
695 4815 798 4900 aliter
821 4813 925 4922 lieri,
956 4843 1075 4930 quam
1113 4812 1426 4931 lege'cavetur,
1464 4812 1596 4900 melius
1625 4841 1705 4899 esse
1741 4832 1928 4900 monstret

462 4955 563 5018 tecta
577 4932 701 5042 ratio,
733 4961 815 5022 nou
838 4959 1015 5053 putemus
1044 4960 1130 5022 eam
1167 4933 1291 5051 legem
1309 4931 1414 5023 aliter
1443 4929 1621 5059 faciendo
1639 4930 1781 5025 ‚violari
1799 4964 1808 5019 ε
1827 4927 1927 5018 forsi-

879 5098 884 5103 „
1862 5075 1928 5138 tan
