4050 5858
514 431 586 499 n4
758 392 827 462 ω’
1043 401 1400 476 consutus

474 533 558 620 bus
582 533 751 619 versatur
780 524 963 613 ambitio:
992 556 1093 641 quae
1130 557 1252 645 saepe.
1277 525 1438 646 indignis
1464 520 1574 611 trullo
1596 551 1668 612 suo
1690 522 1858 634 merito,
1882 557 1954 620 aur

489 648 735 766 praestantia,
753 648 818 733 sed
843 643 1042 762 largitione
1058 646 1121 735 vel
1135 645 1268 735 favore
1284 646 1515 764 principum,
1529 668 1596 730 aut
1619 641 1748 759 aliquo
1770 674 1854 733 non
1870 647 1950 737 lau·

491 770 603 856 dabili
624 765 779 854 artificio
795 825 808 870 ,
825 794 1121 882 nonnumquam
1149 767 1262 854 etiam
1285 764 1441 855 fortuna
1472 762 1730 881 contingunt.
1759 766 1947 863 Quorum

489 889 675 1003 appetitus
700 875 739 969 in
761 883 988 1000 quibusdam
1019 885 1071 971 ad
1094 886 1335 1001 tyrannidem
1363 907 1506 1002 spectat
1521 883 1617 998 ,qui
1640 907 1797 999 percos
1813 888 1864 974 ad
1879 918 1946 976 re-

475 1037 606 1123 gnum
635 1004 798 1122 gradum
823 999 951 1087 facere
975 1003 1206 1091 moliuntur.
1237 1008 1290 1092 Et
1312 1032 1394 1122 quo
1423 1003 1482 1089 alii
1511 1000 1650 1117 patriae
1678 1000 1786 1117 saluti
1801 1010 1944 1124 prospi-

475 1126 614 1230 ciunt,
630 1125 706 1210 hoc
713 1120 788 1235 ipsi
806 1182 818 1224 ,
835 1120 993 1206 libertati
1006 1120 1429 1232 ejusdemsinsidiantur.
1451 1128 1496 1209 ln
1511 1120 1588 1206 aliis
1603 1120 1653 1207 ab
1668 1125 1883 1240 arrogantia
1899 1152 1943 1216 et

483 1244 659 1361 superbia
673 1236 831 1327 'initium
856 1239 972 1325 habet
990 1269 1000 1324 ε
1017 1242 1085 1358 qui
1104 1267 1197 1328 tunc
1222 1242 1289 1329 sibi
1318 1243 1479 1328 maxime
1494 1241 1647 1355 placent
1662 1296 1677 1346 ,
1692 1263 1733 1327 et
1748 1242 1943 1333 beatiesse

483 1362 689 1466 videntur,
716 1364 805 1443 cum
822 1356 897 1443 aliis
922 1359 1163 1472 imperitant,
1181 1387 1220 1448 et
1235 1359 1405 1447 facienda
1421 1358 1699 1476 praescribunt,
1712 1388 1836 1478 eaque
1849 1362 1941 1481 glo-

482 1481 563 1585 ria,
589 1480 617 1565 si
641 1476 760 1597 gloria
783 1477 914 1564 vocari
930 1478 1071 1584 debet,
1092 1503 1248 1595 turgent
1275 1503 1314 1566 et
1335 1479 1522 1594 pueriliter
1547 1477 1827 1566 intumescunt.
1853 1486 1941 1570 Hu-

482 1597 647 1713 iusmodi
672 1593 813 1714 gloriae
829 1595 1039 1710 appetitum
1054 1598 1211 1684 damnat
1227 1594 1590 1714 Christianareligio
1605 1595 1729 1681 :hanc
1750 1597 1944 1691 caducam

479 1743 523 1803 et
552 1718 686 1802 merito
715 1714 869 1799 inanem
897 1713 1090 1828 appellat,
1113 1741 1214 1831 quae
1236 1716 1381 1834 ignavis
1409 1713 1626 1836 btoerdum,
1643 1714 1708 1801 sed
1731 1717 1945 1810 ambitiosis

482 1863 567 1921 non
594 1835 716 1920 minus
733 1893 746 1937 ,
763 1861 882 1947 quam
905 1831 1056 1944 optimis
1076 1833 1165 1920 viris
1180 1858 1310 1951 patere
1335 1833 1455 1922 solet‘:
1482 1858 1564 1919 non
1586 1832 1688 1918 illam
1703 1892 1716 1938 ,
1731 1862 1832 1953 quae
1847 1863 1942 1926 cum

481 1954 683 2040 virtutibus
709 1950 929 2064 implicitam
949 1948 1065 2035 habet
1088 1953 1334 2067 societatem.
1360 1957 1465 2037 Nam
1479 1951 1547 2067 qui
1559 1951 1734 2038 'honores
1759 1954 1872 2040 bonis
1887 1985 1942 2043 ar·

482 2071 585 2156 tibus
615 2072 687 2156 hac
718 2092 846 2153 mente
867 2092 1030 2180 petunt,
1046 2092 1091 2155 ut
1110 2069 1333 2187 reipublicae
1358 2069 1584 2176 consulant,
1610 2069 1749 2156 miseris
1771 2070 1944 2186 injuriam

480 2185 619 2278 inferri,
637 2216 688 2273 ne
700 2185 919 2302 pariantur,
941 2186 1082 2299 patriae
1111 2218 1223 2274 utum
1252 2181 1440 2304 praestent
1464 2184 1666 2293 officium,
1694 2213 1736 2275 et
1760 2216 1804 2276 ex
1822 2192 1942 2282 tantis

482 2306 684 2394 uirtutibus
703 2304 868 2421 :gloriam
885 2302 1050 2420 petunt,
1070 2302 1265 2423 iiquidem
1291 2307 1331 2392 in
1361 2305 1529 2394 maximis
1550 2328 1592 2393 et
1618 2304 1752 2393 divinis
1774 2309 1858 2396 viris
1872 2309 1942 2398 ba·

482 2425 597 2513 bendi
618 2446 731 2509 sunt:
756 2446 907 2507 tanturn
934 2422 1067 2529 abest,
1082 2448 1127 2509 ut
1158 2449 1356 2540 tamquam
1380 2418 1570 2542 irreligiosi·
1596 2423 1801 2540 vituperari
1824 2426 1940 2515 debe·

482 2568 572 2632 ant.
599 2546 850 2656 Quamquam
875 2538 994 2656 gloria
1017 2567 1098 2627 non
1112 2543 1260 2631 cunctis
1286 2569 1365 2630 una
1385 2544 1597 2659 eademque
1626 2541 1689 2630 via
1719 2546 1942 2660 quaerenda·

371 2664 372 2667 ‘
482 2688 559 2748 est.
588 2666 728 2778 Neque
753 2657 853 2744 enim
880 2657 1055 2744 omnibus
1079 2661 1213 2748 eadem
1236 2660 1299 2750 v'el
1317 2662 1441 2778 turpia
1465 2659 1527 2751 vel
1549 2660 1711 2748 honesta
1736 2687 1851 2750 sunt.
1875 2670 1941 2752 Er·

485 2810 540 2899 go
562 2809 681 2895 quam
714 2776 781 2861 sibi
810 2774 971 2891 quisque
993 2803 1191 2895 personam
1224 2778 1414 2886 induerit,
1430 2780 1530 2865 hane
1558 2806 1649 2863 cum
1673 2777 1874 2871 honestate
1897 2805 1938 2868 et

482 2895 698 3008 constantia
724 2893 901 2980 stutineat
918 2924 937 2979 :x
956 2893 1008 2980 sic
1037 2921 1167 2983 veram
1199 2896 1358 3014 gloriam
1384 2896 1633 3012 adipiscente:
1658 2894 1708 2982 sic
1735 2896 1868 2985 divinis
1891 2895 1940 2983 si·

484 3015 568 3101 rnul
595 3021 641 3100 ac
666 3012 839 3099 humanis
861 3010 1004 3128 legbus
1027 3014 1190 3101 serviet.
1217 3014 1332 3103 Aliud
1357 3013 1461 3101 enirn
1488 3012 1643 3099 militem
1676 3011 1813 3127 decet,
1839 3014 1940 3106 aliud

487 3132 719 3218 monachum
737 3154 748 3215 t
783 3125 956 3247 perferet
971 3128 1033 3215 hic
1061 3130 1285 3248 ignominias
1307 3130 1598 3249 patientissime:
1616 3128 1788 3245 injuriam
1803 3133 1873 3220 sibi
1888 3131 1939 3220 fa·

396 3308 398 3311 -
483 3251 625 3339 tientes
649 3278 700 3335 ne
722 3250 841 3336 verbo
857 3247 1012 3363 quidem
1035 3248 1229 3337 ulciscetur
1245 3281 1255 3338 :
1272 3251 1429 3339 vulnera
1458 3251 1710 3336 intentantem
1735 3247 1861 3369 fugiet
1875 3281 1940 3340 so·

261 3353 274 3359 ‘⁸
394 3448 396 3454 .
486 3368 595 3476 lum,
624 3394 708 3454 non
739 3365 851 3451 armis
880 3389 1015 3452 contra
1039 3369 1248 3485 pugnabit:
1279 3369 1356 3455 hoc
1381 3367 1573 3455 monacho
1605 3365 1811 3455 honestum
1844 3369 1938 3476 erit,

488 3485 565 3573 hoc
587 3485 794 3605 gloriosum
811 3545 823 3591 ,
839 3482 915 3569 hoc
930 3483 1141 3572 laudabile.
1169 3484 1273 3572 Idem
1287 3487 1327 3573 in
1343 3487 1458 3574 milite
1484 3482 1573 3572 forti
1588 3484 1703 3599 ,quis
1719 3476 1847 3573 bonus
1859 3487 1938 3572 lau-

486 3603 553 3690 det
568 3609 804 3719 Imperator?
833 3607 956 3688 Immo
970 3630 1065 3690 vero
1079 3605 1163 3720 quis
1186 3629 1267 3691 non
1279 3606 1468 3721 vimperet
1484 3627 1551 3710 ,er
1574 3626 1707 3709 contra
1723 3604 1846 3693 militis
1861 3602 1940 3693 offi·

485 3723 588 3807 cium
613 3745 654 3808 et
682 3722 797 3809 decus
826 3748 903 3806 esse
928 3720 1163 3835 proclamet?
1199 3727 1254 3810 At
1286 3723 1391 3839 pium
1421 3747 1477 3810 est
1502 3745 1542 3807 et
1572 3722 1834 3838 evangelicum
1860 3751 1941 3811 nou

488 3838 652 3927 resistere
673 3838 776 3926 malo
793 3869 803 3925 ε
828 3835 950 3924 fateor
965 3898 978 3944 ,
1003 3863 1120 3956 atque
1134 3838 1174 3925 id
1189 3842 1378 3955 optimum
1402 3868 1480 3928 esse
1495 3837 1584 3925 dico
1598 3861 1638 3923 et
1658 3836 1845 3954 perfectae
1856 3843 1942 3954 pie·

488 3956 574 4043 tatis
588 3983 601 4061 3
616 3956 682 4044 sed
704 3957 797 4043 haec
813 3952 992 4072 perfectio
1014 3955 1054 4041 in
1076 3956 1185 4044 'nullo
1210 3956 1334 4047 nrirr'us
1350 3955 1547 4046 desiderari
1572 3955 1747 4066 videtur,
1762 3986 1881 4075 quarn
1895 3958 1939 4045 in

489 4072 631 4161 milite:
658 4077 700 4160 in
722 4104 804 4192 quo
824 4072 933 4161 ferox
959 4073 1000 4160 in
1022 4075 1174 4191 primis,
1190 4077 1352 4164 excelsus
1369 4077 1603 4191 invictusque
1624 4100 1760 4164 contra
1779 4098 1939 4163 omnem

489 4191 708 4278 violentiam
724 4194 870 4279 anianus
886 4193 1119 4307 exposcitur.
1148 4189 1389 4311 ltaque-boni
1404 4190 1679 4283 consulendum
1695 4220 1776 4302 est,
1793 4194 1824 4282 si
1837 4224 1939 4284 corn·

285 4322 292 4335 '
490 4310 666 4396 munibus
690 4310 837 4429 legibus
864 4311 1096 4397 Christianae
1121 4312 1290 4429 religioni
1311 4309 1519 4401 satisfaciat.

549 4428 727 4512 XXXIII.
784 4433 896 4514 Certe
917 4430 1084 4541 Joannes
1099 4432 1294 4545 baptista,
1310 4433 1532 4551 rogantibus
1556 4432 1731 4520 militibus
1748 4431 1874 4550 ,quid
1887 4429 1942 4520 si-

490 4541 530 4630 bi
544 4542 595 4630 ad
616 4569 724 4632 recte
748 4543 956 4633 vivendum
979 4573 1074 4635 esset
1101 4546 1327 4664 opus‘facto
1344 4612 1357 4656 ,
1372 4550 1463 4637 nihil
1487 4552 1591 4640 aliud
1621 4550 1849 4669 respondit,
1872 4574 1943 4637 aut

489 4662 705 4777 praecepit,
729 4690 848 4778 quarn
874 4690 923 4748 ne
952 4667 1012 4752 cui
1044 4665 1122 4755 vim
1147 4691 1216 4754 aut
1237 4668 1463 4755 calumniam
1491 4667 1703 4778 inferrent,
1736 4693 1943 4786 essentque

488 4781 659 4867 contenti
671 4780 743 4866 suis
769 4780 975 4898 stipendiis.
1005 4784 1193 4897 Joannem
1210 4781 1445 4875 Belalcazaris
1476 4788 1671 4877 Comitem
1688 4788 1814 4876 vium
1831 4815 1942 4904 prae·

488 4895 632 4987 clarum
650 4959 664 5012 ,
679 4925 720 4990 ct
744 4902 849 5018 cujus
874 4900 1123 4992 sanctimonia
1146 4904 1279 4996 merito
1297 4905 1533 5019 celebratur,
1551 4931 1756 5028 postquam
1777 4905 1948 5028 imperio

1232 5050 1234 5053 ’
1904 5054 1951 5116 sc
