4034 5858
415 376 417 380 ’
494 375 546 452 IN
571 375 730 452 CAUSIS
755 374 967 450 OCCULT.
995 378 1186 456 CRIMIN.
1451 383 1520 479 383'

93 524 281 593 errantem
298 506 562 593 conscientiam
580 566 592 612 ,
608 531 722 622 quae,
737 505 803 589 ubi
819 502 964 589 nullum
978 531 1061 612 est,
1082 507 1131 592 ibi
1141 506 1239 625 solet
1254 499 1442 594 interdum
1455 537 1546 623 pec·
1649 556 1653 559 Δ

92 649 219 711 catum
236 655 392 739 parere,
422 652 466 712 ut
481 649 637 711 testatur
650 623 805 710 Paulus.
840 624 1038 710 Doctiores
1050 635 1179 712 autem
1208 626 1455 742 scrupulosa,
1482 628 1545 714 vel
1596 611 1717 680 m*

94 746 268 857 prudenti
284 748 409 860 potius
438 745 669 862 cogitatione
685 744 852 859 rogantis
876 744 992 830 verba
1009 745 1309 860 perpendentes,
1342 747 1546 861 quomodo

91 887 250 976 possunt
267 893 347 950 non
378 892 610 981 magnopere
635 863 838 968 dubitate,
868 892 962 947 num
986 862 1052 948 sibi
1081 864 1187 950 liceat
1215 863 1254 947 in
1282 892 1370 948 eum
1395 894 1545 950 sensum

91 982 210 1066 verba
225 980 355 1091 judicis
384 983 593 1098 simpliciter
610 980 801 1097 loquentis
829 983 1090 1096 interpretari?
1123 981 1188 1068 Ad
1209 981 1312 1091 cujus
1340 982 1546 1099 intelligen-

89 1097 184 1182 tiam
199 1099 339 1186 debent
357 1132 467 1187 suum
499 1131 720 1216 responsum
750 1101 1068 1206 accommodare,
1092 1130 1180 1186 cum
1198 1099 1327 1185 animis
1352 1128 1433 1186 non
1462 1130 1545 1216 per·

89 1217 222 1330 spectis
237 1278 249 1320 ,
266 1218 322 1330 jus
344 1220 388 1306 sit
416 1252 438 1305 a
464 1221 585 1307 verbis
602 1249 681 1304 non
712 1220 935 1324 discedere,
959 1242 999 1304 et
1029 1219 1165 1330 judices
1188 1218 1378 1305 interdum
1408 1220 1457 1306 de
1480 1249 1544 1308 oc·
1572 1266 1734 1341 sesamae.

88 1332 197 1419 cultis
214 1335 325 1422 etiam
345 1339 556 1424 criminibus
573 1339 652 1450 jure
669 1361 708 1425 et
732 1337 862 1451 injuria
888 1338 1082 1423 videamus
1106 1338 1318 1456 inquirere?
1345 1342 1449 1422 Puu.
1475 1339 1545 1426 Vir
1558 1331 1703 1382 ‘⁸¹¹²“¹¹⁸·

91 1451 228 1539 doctus
270 1485 340 1540 nec
368 1459 638 1573 superstitiosus
657 1458 772 1542 verba
788 1455 933 1568 judicis,
945 1458 1099 1570 perinde
1116 1486 1160 1541 ac
1176 1457 1258 1573 lege
1273 1482 1427 1542 cavetur
1446 1518 1458 1562 ,
1487 1458 1544 1543 in-

86 1573 374 1685 terpretabitur:
403 1605 474 1662 nec
490 1577 558 1662 etit
589 1576 779 1680 solicitus,
797 1605 845 1661 ne
868 1574 961 1690 quid
978 1575 1091 1661 lateat
1115 1577 1153 1659 in
1175 1575 1300 1688 judicis
1328 1574 1456 1660 animo
1473 1574 1543 1687 juti

85 1712 204 1803 atque
221 1690 365 1806 legibus
382 1695 596 1782 adversum.
632 1698 688 1779 Ut
705 1693 912 1780 sacerdotes
940 1693 1061 1780 solent
1078 1756 1090 1801 ,
1108 1723 1196 1779 cum
1213 1722 1252 1779 εε
1280 1692 1369 1778 scite
1400 1719 1543 1812 negant

86 1833 240 1921 peccata
257 1869 270 1913 ,
287 1840 390 1926 quae
414 1842 634 1928 pet'sacram
652 1810 930 1899 confessionem
948 1839 1154 1901 noverunt.

148 1929 201 2012 V;
260 1933 430 2015 Turonis.
458 1930 666 2017 Sacerdotis
685 1931 799 2048 longe
826 1932 895 2015 alia
913 1933 1007 2018 ratio
1038 1957 1119 2017 est.
1170 1937 1274 2017 Deus
1294 1930 1395 2017 enim
1421 1955 1460 2018 et
1483 1959 1544 2019 ec⁴

86 2039 195 2128 clesia
211 2045 393 2164 ,ipsaque
439 2051 536 2137 ratio
565 2049 740 2135 naturalis
767 2078 945 2135 arcanum
980 2079 1103 2136 sacrae
1130 2047 1370 2136 confessionis
1397 2110 1409 2154 ,
1432 2051 1543 2166 quod

85 2160 212 2247 multis
228 2167 367 2282 scriptis
385 2168 527 2285 legibus
547 2170 769 2255 nominatim
787 2193 842 2254 est
857 2169 1039 2255 sancitum
1060 2195 1167 2274 ,tam
1193 2195 1364 2255 sanctum
1381 2196 1458 2254 esse
1474 2200 1542 2256 vo·

86 2275 268 2389 luerunt,
293 2310 338 2370 ut
364 2287 402 2369 in
430 2288 531 2371 nulla
558 2349 570 2391 ,
598 2287 776 2403 prudenti
809 2290 928 2374 modo
959 2313 997 2373 et
1022 2312 1189 2391 coacta,
1218 2288 1268 2371 sic
1299 2287 1542 2402 cognitorum

85 2423 328 2510 peccatorum
354 2402 579 2491 inficiatione
613 2406 727 2519 possit
750 2433 827 2491 esse
853 2407 913 2494 vel
943 2405 1176 2520 perjurium,
1207 2404 1269 2490 vel
1303 2403 1540 2492 mendacium

84 2540 240 2630 propter
259 2526 478 2607 sacramenti
494 2523 603 2631 hujus
625 2517 853 2633 majestatem
872 2588 884 2630 ,
911 2550 951 2610 et
967 2524 1170 2610 maximam
1186 2522 1449 2637 publicamque
1481 2553 1538 2610 re·

84 2629 230 2748 ligionis
246 2638 481 2726 Christianae
502 2642 851 2756 perturbationem,
876 2672 993 2758 quam
1013 2643 1182 2728 exsistere
1208 2660 1353 2725 necesse
1368 2666 1488 2746 esset,
1509 2642 1539 2728 si

83 2779 167 2865 quo
185 2776 385 2869 tempore,
416 2759 445 2842 si
474 2788 603 2873 quave
619 2760 765 2846 ratione
792 2761 959 2877 religiose
981 2758 1194 2845 confessum
1225 2760 1384 2873 prodere
1400 2759 1537 2846 liceret.
1644 2817 1646 2821 ,

84 2872 199 2954 Tunc
214 2872 314 2957 enim
331 2875 414 2990 quis
441 2905 522 2961 non
553 2877 683 2963 timide
700 2904 817 2993 atque
845 2903 1063 2964 cunctanter
1088 2878 1137 2964 ad
1163 2877 1237 2960 hoc
1262 2902 1537 2963 sacramentum

84 2988 279 3075 accederet
297 3000 309 3075 ἓ
342 2999 467 3079 lmmo
485 3024 578 3082 vero
594 2996 677 3109 quis
694 3025 774 3079 non
796 2998 1038 3084 vehementer
1055 3027 1077 3078 a
1093 3025 1195 3081 sacra
1211 2993 1444 3081 confessione
1471 2997 1536 3082 de·

80 3128 314 3208 terreretur,
343 3111 547 3226 qui-modo
562 3113 629 3198 sibi
645 3114 813 3199 conscius
831 3141 924 3201 esset
938 3114 1097 3201 criminis
1124 3112 1304 3226 alicuju-s,
1335 3143 1417 3228 quo
1432 3139 1536 3228 pate·

75 3217 188 3308 'facto
215 3252 341 3339 posset
367 3227 564 3337 infamiae,
581 3258 620 3317 ει
636 3228 792 3317 fortasse
808 3226 931 3319 salutis
950 3235 1062 3319 eriam
1080 3232 1283 3347 periculum
1300 3233 1429 3316 adire?
1463 3238 1535 3318 lta·

86 3368 163 3456 que
179 3344 351 3431 Thomas
375 3375 616 3463 peccatorum
648 3351 687 3435 in
707 3348 940 3437 confessione
969 3353 1211 3469 cognitorum
1243 3349 1533 3437 occultationem
1560 3407 1585 3451 ⁴.
1608 3396 1668 3446 aa,
1684 3409 1726 3452 m.

83 3487 161 3546 esse
179 3462 266 3549 dicit
282 3465 332 3550 dc
355 3468 561 3553 substantia
589 3472 807 3554 sacramenti
824 3500 836 3572 3
862 3471 969 3586 quod
986 3500 1101 3555 nemo
1129 3466 1256 3554 tribuit
1272 3467 1375 3553 alteri
1403 3469 1531 3583 cogni·
1547 3466 1682 3516 ΝΜ·

82 3577 205 3685 tioni,
236 3581 266 3666 si
280 3583 362 3697 quis
377 3614 480 3671 secus
496 3587 644 3672 noverit
659 3588 866 3702 quamlibet
895 3589 1044 3674 occulta
1067 3586 1220 3674 crimina
1238 3619 1247 3671 ε
1273 3586 1415 3702 quippe
1431 3615 1530 3700 quae

83 3695 320 3784 multifariam
337 3701 423 3789 licet
437 3704 628 3790 interdum
646 3705 821 3792 indicare·
856 3711 1053 3792 Praeterea
1068 3704 1239 3793 sacerdos
1262 3707 1370 3788 aliam
1401 3733 1530 3815 perso·

81 3840 172 3900 nam
201 3816 321 3905 induit
346 3881 358 3925 ,
384 3822 476 3907 dum
495 3851 768 3911 sacramentum
784 3825 1046 3930 administrat,
1069 3825 1177 3910 aliam
1201 3822 1293 3907 dum
1325 3822 1424 3907 testis
1442 3853 1529 3936 pro·

84 3933 234 4020 ducitur
263 3938 424 4025 invitus.
469 3941 542 4026 Hic
572 3942 672 4027 enim
706 3944 889 4059 privatam
921 3944 1268 4062 magistratibusque
1298 3932 1723 4052 subjectam·;„lff,¹f,¹1'}‚¹}{³:

70 4050 153 4135 illic
169 4054 306 4142 Christi
323 4086 521 4170 personam
538 4062 632 4176 gerit
650 4123 662 4168 ,
684 4063 789 4174 cujus
804 4091 859 4149 εει
875 4063 1087 4149 administer
1105 4121 1119 4167 ,
1143 4059 1272 4164 nullo,
1289 4088 1336 4143 ne
1348 4057 1529 4144 Pontihce
1543 4066 1603 4113 Μ·

83 4169 237 4283 quidem
254 4176 445 4283 maximo,
461 4175 694 4265 inferiorem.
729 4186 785 4267 Ut
816 4207 948 4266 autem
980 4211 1080 4296 quae
1110 4175 1172 4264 vel
1207 4176 1344 4286 juratus
1371 4176 1531 4292 quisque

75 4287 288 4402 promiserit
316 4319 359 4381 ut
384 4297 534 4411 publica
552 4328 741 4414 persona,
768 4330 813 4384 ea
831 4301 995 4412 privatus
1010 4361 1022 4403 ,
1038 4328 1125 4382 cum
1141 4293 1269 4379 abierit
1297 4295 1530 4410 magistratu,
1593 4316 1597 4321 ’

81 4429 268 4519 praestare
296 4440 377 4498 non
405 4440 584 4521 tenetur,
618 4439 688 4502 nec
703 4439 901 4531 propterea
926 4416 1035 4532 quod
1068 4441 1147 4499 non
1179 4405 1333 4516 fecerit,
1364 4411 1533 4525 periurus

68 4522 283 4610 ¹habebitur
301 4559 310 4612 :
338 4532 387 4615 sic
401 4535 597 4651 quinegat
614 4565 651 4620 se
667 4536 755 4620 scire
771 4535 935 4648 privatus
953 4596 965 4638 ,
979 4563 1078 4647 quae
1096 4529 1204 4619 novit
1220 4557 1264 4615 ut
1280 4533 1441 4617 minister
1458 4532 1533 4615 Dei

81 4669 128 4725 ac
144 4648 392 4751 sacramenti,
418 4681 498 4736 non
514 4654 717 4756 mentitur,
742 4683 811 4739 nec
841 4652 1040 4766 perjurium
1066 4647 1233 4736 incurrit.
1259 4652 1373 4744 Quae
1406 4678 1533 4763 perso·

78 4787 217 4847 natum
235 4763 425 4851 diversitas
443 4770 543 4856 nulla
560 4773 669 4858 estin
687 4797 804 4872 teste,
835 4772 902 4887 qui
918 4796 1075 4887 rogatur
1099 4768 1151 4854 de
1181 4767 1391 4851 criminibus
1406 4764 1532 4852 octul-

81 4878 139 4965 tis.
171 4885 228 4968 Ut
244 4882 345 4971 enim
361 4885 528 5003 privatus
543 4891 677 4999 novit,
702 4891 752 4976 sic
768 4889 933 5008 privatus
951 4888 1200 5007 producitur,
1236 4910 1279 4972 ut
1303 4884 1402 4972 dicat
1426 4883 1534 4973 testi·

1452 5030 1535 5088 mo·
1559 5080 1564 5091 .
