4034 5858
514 409 576 482 372
867 389 935 463 DE
960 391 1112 463 BELLO
1135 390 1343 466 CONTRA
1366 388 1559 468 umens

491 516 560 604 viis
584 514 812 603 mentionem
837 509 960 604 facio?
990 519 1099 607 Nolo
1127 543 1192 627 te,
1207 523 1376 624 Caesar,
1408 515 1457 606 de
1481 519 1633 606 militari
1661 551 1727 611 aut
1762 527 1944 615 castrensi

495 633 663 751 praeda,
685 636 858 753 quamvis
881 638 1026 754 ingenti
1040 664 1079 725 et
1102 665 1191 724 tuos
1215 638 1344 725 milites
1361 579 1525 724 ditatura
1538 640 1742 758 cogitare,
1766 646 1877 730 sed
1859 677 1944 758 ram

419 818 422 822 ι
497 754 652 841 nuncin
682 754 839 869 plurima
853 759 1066 894 eademque
1093 755 1387 872 opulentissima
1384 785 1507 885 regna
1529 760 1699 846 animum
1730 761 1943 852 intendere.

498 872 617 960 Non
608 903 681 983 yam
700 873 747 960 de
763 877 872 960 unius
894 875 1049 964 civitatis
1079 875 1234 991 imperio
1256 874 1434 961 exercitus
1452 901 1548 962 tuus
1573 879 1837 996 depugnabit,
1858 915 1942 972 non

498 992 547 1078 de
569 997 706 1110 Regno
737 994 1014 1107 Neapolitano,
1044 1019 1110 1081 aut
1142 1001 1297 1082 Ducatu
1329 994 1631 1103 Mediolanensi,
1662 998 1789 1084 ltaliae
1825 1029 1940 1140 atque

384 1121 388 1128 '
425 1197 450 1216 ‚
493 1108 642 1196 Galliae
671 1026 880 1249 Cisalpinae
895 1114 1059 1227 partibus
1073 1139 1262 1200 certamen
1277 1113 1346 1199 etit
1364 1171 1378 1218 ,
1398 1114 1447 1199 ad
1465 1120 1566 1230 quas
1582 1059 1759 1203 tritanum
1792 1121 1944 1209 minime

498 1225 710 1316 sufficiunt
702 1256 866 1345 ipsorum
883 1231 1104 1348 vectigalia,
1129 1257 1167 1316 et
1191 1262 1261 1346 pto
1278 1232 1438 1346 quibus
1430 1263 1504 1344 yarn
1519 1235 1684 1372 pridem
1675 1260 1773 1321 rnter
1804 1241 1939 1326 Princi-

496 1365 563 1465 pes
578 1349 808 1442 Christianos
823 1375 928 1439 tanta
944 1351 1189 1436 contentione
1205 1350 1427 1456 dimicatur,
1443 1377 1487 1437 ιιι
1503 1352 1633 1439 attritis
1658 1380 1798 1441 mutua
1827 1360 1942 1473 perni

497 1469 554 1555 cie
572 1495 787 1556 nostrorum
804 1471 975 1575 viribus,
1003 1495 1048 1555 et
1048 1466 1252 1556 exhaustis
1274 1470 1434 1605 opibus,
1458 1467 1635 1559 affectum
1666 1474 1812 1560 bellurn
1837 1507 1946 1564 corn·

403 1689 406 1694 ι
500 1619 606 1675 mum
595 1588 750 1695 hosti,
779 1620 844 1674 ntsr
833 1585 1022 1676 reditum
1041 1585 1150 1675 fuent
1165 1591 1216 1712 ιιι
1232 1589 1427 1678 sanitatem
1444 1652 1456 1695 ,
1475 1593 1643 1679 tradituri
1657 1592 1946 1703 videamur,cui

499 1738 547 1796 cx
570 1734 696 1796 nostra
712 1702 894 1819 discordia
911 1705 1027 1827 magis
1046 1742 1184 1831 ,quam
1203 1742 1248 1800 ex
1265 1713 1338 1799 suis
1354 1712 1490 1801 viribus
1502 1712 1657 1798 audacia
1672 1714 1806 1801 crevit.
1825 1718 1943 1810 Quod

501 1829 582 1915 siin
601 1831 704 1916 hunc
723 1856 762 1918 et
786 1856 929 1916 ceteros
947 1852 1094 1918 nostrae
1120 1832 1303 1969 religionis
1333 1832 1459 1918 hostes
1474 1859 1579 1916 arma
1593 1832 1727 1917 eadem
1753 1835 1873 1920 nostri
1901 1864 1945 1921 ιιι

501 1966 634 2074 mutua
649 1951 763 2036 caede
778 1949 917 2036 collaris
933 1949 1067 2037 viribus
1082 1952 1383 2067 convertissent,
1410 1947 1568 2034 facile
1532 1949 1708 2035 nimirum
1734 1976 1845 2058 erat,
1861 1983 1948 2038 san·

391 2096 395 2103 ’
501 2063 616 2186 ‘guine
647 2055 954 2156 Christianorum
968 2070 1033 2156 his
1056 2070 1181 2186 paucis
1215 2070 1323 2155 annis
1341 2069 1404 2154 in
1416 2062 1519 2153 ltalia
1540 2091 1590 2153 et·
1614 2069 1780 2153 Insubn'a
1810 2069 1949 2158 mutuis

344 2280 347 2285 .
503 2189 718 2279 vulneribus
735 2172 885 2292 effitso,
907 2185 1056 2303 Africae
1082 2214 1197 2305 atque
1224 2182 1357 2277 Asiae
1349 2186 1545 2301 imperium
1564 2183 1698 2271 ditioni
1719 2188 1949 2275 Ειιιιιιιιιιο-

308 2316 489 2446 Sgtigngm
504 2335 590 2393 tum
607 2309 806 2422 adjecisse.
850 2309 982 2394 Non
954 2308 1086 2425 igitur
1111 2307 1268 2422 posthac
1285 2309 1330 2390 de
1348 2324 1547 2441 paupere,
1568 2329 1610 2390 ut
1636 2305 1743 2389 ille
1713 2330 1800 2411 art,
1832 2335 1950 2418 regno

497 2445 631 2539 pugna
646 2429 735 2533 etit,
751 2429 817 2515 sed
832 2427 1039 2544 praemium
1050 2426 1116 2512 tibi
1134 2424 1243 2534 hujus
1259 2423 1470 2512 sanctissimi
1486 2452 1530 2507 ac
1541 2424 1772 2509 sacratissimi
1788 2368 1928 2510 belli
1892 2458 1949 2514 vr-

503 2572 598 2632 cton
588 2545 816 2632 multotum
833 2575 1067 2662 regnorum,
1083 2569 1122 2630 et
1140 2545 1321 2629 maximae
1335 2570 1379 2626 ac
1393 2541 1694 2658 opulentissimae
1710 2542 1826 2656 partis
1851 2546 1949 2631 orbis

504 2661 700 2778 imperium
717 2665 953 2779 proponitur
986 2668 1044 2747 Te
1062 2689 1227 2776 namque
1253 2660 1440 2766 Graecia,
1457 2660 1647 2745 Thessalia
1663 2661 1948 2788 ,Macedonia,

427 2775 432 2789 ”
505 2781 682 2889 Thracia,
696 2782 994 2867 Christianorum
1012 2778 1339 2913 nupentegiones,
1366 2777 1430 2863 sed
1451 2802 1537 2893 post
1553 2778 1606 2863 ob
1634 2804 1852 2866 nostrorum
1877 2782 1951 2867 dis·

504 2899 701 2986 cordiam
691 2901 847 3036 rmperio
879 2906 1091 3011 Tuscorum
1108 2896 1308 2984 submissae
1325 2958 1337 3002 ,
1364 2897 1490 2981 adhuc
1505 2922 1635 2983 tamen
1626 2900 1815 3033 integras
1838 2900 1949 2986 Chri-

506 3015 714 3104 stianorum
730 3018 893 3106 civitates
911 3019 1137 3124 retinentes,
1152 3044 1241 3101 cum
1260 3015 1422 3103 maxima
1437 3014 1714 3131 exspectatione
1729 3018 1950 3125 desiderant,

459 3226 462 3232 ,
507 3160 553 3221 ut
568 3166 606 3222 se
622 3166 757 3223 asseras
772 3136 810 3220 in
838 3135 1043 3221 hbertatem
1067 3163 1090 3219 a
1119 3134 1260 3221 crudeli
1289 3135 1488 3221 dominatu
1510 3134 1782 3220 barbarorum.
1806 3138 1951 3233 Quibus

424 3287 426 3289 ’
507 3246 656 3370 populis
680 3285 758 3341 nou
776 3255 896 3339 modo
928 3253 1018 3338 nihil
1035 3251 1363 3386 repugnantibus,
1386 3253 1460 3338 sed
1476 3253 1648 3390 gnaviter
1672 3254 1787 3339 etiam
1817 3255 1949 3343 vindici

507 3396 597 3459 suae
613 3372 786 3459 libertatis
800 3371 1097 3486 opitulantibus,
1120 3369 1251 3485 quanti
1272 3371 1426 3457 demum
1450 3372 1591 3489 negoti
1580 3369 1749 3478 fuerit,
1771 3374 1951 3460 transmis·

509 3521 554 3578 so
569 3491 789 3579 brevissimo
802 3486 922 3596 freto,
937 3494 1103 3575 Pontum
1121 3489 1378 3623 ,Phrygiam,
1395 3488 1637 3625 bithyniam,
1655 3492 1952 3627 Cappadociam,

508 3611 695 3724 Lyciam,
720 3608 931 3712 Ciliciam,
954 3633 994 3693 et
1020 3631 1160 3722 ceteras
1190 3608 1312 3692 Asiae
1327 3606 1479 3694 minoris
1500 3609 1758 3723 provincias,
1786 3640 1953 3726 cumque

507 3730 649 3816 Arabia
665 3728 874 3815 universam
890 3725 1061 3837 Syriam,
1099 3722 1204 3838 cujus
1219 3754 1303 3840 pars
1321 3724 1468 3838 Judaea
1484 3751 1569 3833 est,
1591 3753 1630 3813 et
1645 3729 1733 3814 urbs
1751 3758 1855 3814 sacra
1870 3731 1954 3815 Hie

508 3847 698 3952 nmlem,
725 3844 910 3961 usquead
933 3848 1155 3958 Aegyptum
1172 3843 1408 3959 subjugare,
1438 3869 1568 3961 gentes
1592 3870 1636 3931 ut
1662 3847 1931 3982 ditissimas,
1905 3873 1954 3932 stc

508 3965 642 4051 molles
655 3989 694 4051 et
714 3962 903 4067 imbelles,
931 3990 974 4051 ac
993 3988 1041 4045 ne
1068 3985 1339 4078 repugnaturos
1360 3961 1515 4096 quidem
1543 3963 1638 4070 tibi,
1667 3965 1695 4050 si
1726 3966 1852 4051 semel
1861 3993 1884 4047 a
1912 3992 1954 4052 te

401 4146 403 4149 ·
507 4085 652 4172 uictum
668 4111 796 4202 regem
809 4107 918 4167 suum
948 4078 1221 4186 intellexerint,
1250 4079 1318 4194 qui
1341 4079 1529 4167 universas
1555 4082 1682 4220 regni
1675 4085 1774 4171 nites
1787 4084 1954 4171 contule·

507 4203 556 4291 rit
573 4206 622 4290 ad
640 4201 893 4289 difficillimum
908 4197 1049 4282 bellum
1065 4193 1320 4332 profecturus?
1345 4197 1496 4296 Quibus
1516 4202 1713 4337 provinciis
1731 4232 1822 4288 cum
1850 4200 1953 4289 fueris
1995 4274 2001 4287 .

510 4322 679 4437 potitus,
706 4320 815 4437 quod
845 4343 1032 4434 regnum,
1065 4343 1165 4431 quae
1201 4318 1307 4401 natio
1336 4318 1451 4432 possit
1480 4319 1552 4404 tuis
1583 4319 1736 4406 viribus
1751 4323 1952 4428 obsistere,

511 4439 715 4556 quominus
740 4440 842 4525 hunc
857 4437 989 4522 orbem
1009 4434 1252 4570 'tripartitum'
1259 4464 1346 4520 curn
1363 4464 1437 4542 eo,
1463 4465 1579 4551 quem
1610 4439 1955 4526 Antichthoneste·

478 4584 601 4644 -nere
618 4583 817 4673 putantur,
837 4551 1021 4640 Fernandi
1035 4554 1097 4641 avi
1123 4552 1178 4638 tui
1200 4553 1347 4690 tuisque
1361 4554 1533 4690 auspiciis
1557 4555 1819 4672 Hispanorum
1832 4557 1956 4647 ιιιιιιιιι

458 4704 550 4809 et
565 4677 731 4795 religioni
755 4666 987 4761 Christianae
1004 4670 1136 4786 nuper
1142 4652 1324 4757 addito
1286 4701 1471 4787 rmpeno
1483 4672 1654 4760 valeas
1623 4676 1896 4801 continuare,
1908 4673 1957 4760 A·

462 4747 707 4884 cultatibus
733 4792 885 4880 abunde
902 4790 968 4877 tibi
984 4791 1272 4904 suppetentibus
1281 4734 1349 4877 ιιι
1346 4792 1471 4907 copias
1488 4818 1571 4877 ιιιιι
1601 4793 1678 4881 veh
1692 4793 1838 4883 inulto
1838 4826 1958 4910 mayo-

509 4946 565 5005 tes
580 4943 767 5023 numero,
791 4940 909 5030 quam
924 4907 1110 5020 ducimus,
1124 4909 1531 5025 liberalitetalendas?
1546 4912 1653 5000 Ut
1617 4912 1743 5029 euim
1738 4916 1954 5038 Aegypti,

1919 5058 1956 5124 et
