4034 5858
345 696 413 752 Beli.
428 710 453 759 3.

528 366 600 436 400
809 344 876 414 ns
896 344 1121 417 narrent
1144 342 1354 415 nicrum
1379 346 1643 420 Tesrrmorc.
1677 317 1678 320 ‘

505 470 577 557 tius
594 473 675 577 est,
698 494 742 555 ut
758 468 877 554 modo
894 466 1061 552 dicebam
1081 528 1093 572 ,
1124 497 1242 582 quam
1258 496 1297 552 se
1312 468 1446 555 talibus
1462 469 1675 556 criminibus
1702 470 1944 592 obstringere.

504 618 574 674 nec
590 614 715 702 potest
739 589 814 673 ulla
845 586 1039 671 necessitas
1068 586 1350 703 delinquentem
1376 617 1400 672 a
1421 614 1579 703 peccato
1604 590 1797 678 vindicare
1823 655 1835 697 ,
1860 624 1944 681 cum

501 707 573 794 sint
602 738 647 793 ex
669 737 801 793 eorum
830 710 999 824 genere,
1022 705 1157 820 quibus
1186 705 1298 790 etiam
1329 708 1545 794 Aristoteles
1578 732 1742 794 mortem
1775 710 1944 825 praeferri
1993 783 1997 791 .

500 852 676 942 oportere
692 825 832 912 docet:
859 824 1052 911 occultum
1070 850 1198 910 autem
1227 825 1365 910 crimen
1396 825 1545 933 celare,
1575 825 1686 943 quod
1709 823 1866 915 refertur
1889 832 1941 920 ad

499 972 740 1062 praeceptum
754 943 940 1050 caritatis,
966 972 1012 1028 ex
1027 971 1160 1029 eorum
1192 972 1383 1049 numero,
1408 973 1508 1060 quae
1536 941 1763 1034 affirmativa
1798 977 1940 1036 nuncu·

498 1090 674 1180 pantura
699 1061 913 1181 theologis,
935 1085 974 1148 et
994 1061 1172 1177 temporis
1188 1060 1495 1150 intermissionem
1519 1063 1725 1151 admittunt
1751 1125 1765 1169 ,
1793 1091 1934 1155 tantum

498 1184 628 1292 abest,
660 1208 704 1271 ut
720 1211 864 1299 semper
880 1181 925 1267 sit
950 1181 1176 1288 honestum,
1201 1204 1244 1266 ut
1259 1178 1448 1266 interdum
1474 1205 1584 1298 turpe
1610 1183 1724 1268 etiam
1743 1183 1929 1292 habeatur,

496 1303 672 1390 nimirum
701 1332 789 1389 cum
805 1303 946 1388 crimen
966 1323 1108 1414 spectat
1124 1300 1162 1384 in
1183 1297 1331 1385 alterius
1345 1299 1544 1415 perniciem
1575 1362 1588 1405 ,
1612 1300 1675 1388 vel
1696 1300 1832 1388 saltem
1864 1334 1937 1391 me·

497 1420 624 1510 diocte
640 1421 807 1527 malum,
833 1420 872 1505 in
895 1417 1059 1535 periculo
1082 1417 1333 1531 reipublicae,
1366 1447 1445 1533 qua
1472 1418 1601 1534 religio
1628 1448 1793 1536 quoque
1819 1423 1935 1509 conti·

495 1567 637 1648 netur,
662 1539 784 1627 multo
799 1539 911 1624 etiam
939 1536 1083 1654 magis,
1100 1537 1168 1621 nisi
1182 1536 1286 1623 aliter
1303 1598 1316 1643 ,
1331 1566 1450 1655 quam
1466 1536 1685 1643 indicando,
1703 1540 1837 1626 obsisti
1859 1573 1941 1656 pos·

496 1659 542 1745 sit
556 1658 855 1777 impendentibus
870 1656 986 1744 malis.
1019 1661 1125 1772 Ergo
1141 1655 1170 1741 si
1190 1656 1330 1741 crimen
1346 1654 1539 1742 occultum
1553 1655 1718 1742 indicare
1746 1656 1823 1770 jam
1847 1659 1946 1767 licet,

495 1776 571 1891 jam
593 1808 725 1885 secus,
753 1772 1024 1864 consideranda
1040 1799 1095 1859 est
1121 1774 1216 1860 ratio
1232 1771 1341 1886 hujus
1357 1774 1574 1865 diversitatis
1592 1835 1606 1882 ,
1633 1799 1673 1861 et
1694 1804 1785 1860 eam
1804 1806 1941 1893 semper

494 1920 623 1986 tenere
650 1897 807 2013 justitiae
832 1893 943 1982 fuerit
964 1917 1080 2009 atque
1100 1893 1347 2008 prudentiae:
1378 1918 1434 1980 est
1458 1916 1588 1979 autem
1617 1893 1827 2009 utrobique
1853 1897 1941 1982 ratio

494 2017 654 2103 caritatis
679 2017 719 2102 in
746 2013 919 2118 socium,
942 2036 1095 2128 quaere
1122 2012 1255 2124 jubet,
1280 2035 1325 2096 ut
1342 2012 1513 2098 consulas
1531 2012 1640 2127 ipsius
1665 2014 1940 2101 commoditati-

495 2135 577 2220 bus.
607 2135 716 2221 Celas
731 2133 924 2219 occultum
939 2132 1030 2216 socii
1051 2128 1211 2215 crimen:
1243 2155 1342 2216 recte
1357 2126 1474 2237 facis,
1498 2131 1587 2248 quia
1601 2156 1640 2217 te
1656 2130 1792 2217 caritas
1806 2133 1938 2221 adhor-

494 2275 624 2362 tatur,
654 2282 703 2339 ne
719 2252 862 2339 socium
878 2249 1014 2336 laedas.
1047 2250 1230 2335 Enuntias
1255 2248 1394 2334 crimen
1422 2248 1463 2333 in
1482 2250 1632 2338 alterius
1661 2248 1832 2365 pericrslo
1858 2312 1871 2357 ,
1899 2278 1942 2341 ut

493 2373 608 2460 evites
625 2371 741 2487 majus
758 2371 920 2456 malum:
951 2369 1085 2454 rectius
1099 2363 1217 2474 facis,
1247 2397 1365 2486 quam
1383 2366 1412 2454 si
1428 2392 1563 2455 taceas.
1594 2371 1686 2454 Hoc
1702 2367 1809 2453 enim
1837 2370 1940 2489 exigit

491 2491 587 2578 ratio
615 2490 800 2597 caritatis,
825 2515 869 2577 ut
897 2490 927 2574 si
944 2513 1150 2602 utrumque
1165 2486 1242 2572 fieri
1258 2516 1339 2572 non
1356 2510 1482 2601 potest
1502 2548 1514 2592 ,
1538 2487 1736 2573 innocenti
1751 2486 1881 2602 potius
1893 2491 1936 2577 de

490 2611 632 2723 majore
660 2609 721 2699 vel
747 2608 825 2725 pari
847 2605 949 2692 malo
977 2605 1196 2722 periclitanti
1221 2605 1419 2721 prospicias
1445 2667 1458 2712 ,
1490 2635 1608 2721 quam
1630 2605 1751 2692 sontis
1774 2632 1817 2693 et
1846 2609 1935 2694 male

488 2729 686 2846 cogitantis
701 2725 924 2842 impunitati.
954 2723 1072 2809 Sitibi
1088 2753 1180 2842 ergo
1195 2725 1326 2809 caritas
1347 2724 1525 2840 praecipit
1544 2723 1633 2811 socii
1654 2723 1801 2811 crimen
1826 2755 1937 2813 enun-

490 2847 587 2933 ciare
603 2848 642 2933 in
657 2845 804 2934 alterius
821 2841 1011 2960 pericul0,
1040 2870 1107 2927 cur
1124 2842 1257 2928 eadem
1281 2842 1348 2927 tibi
1369 2841 1413 2929 id
1439 2846 1562 2960 ipsum
1582 2872 1664 2932 non
1692 2842 1939 2958 permittatin

492 2989 563 3052 tuo
582 2965 660 3082 pari
685 2964 915 3052 discrimine?
947 2966 1054 3046 Num
1081 2961 1291 3046 Christiana
1317 2962 1449 3047 caritas
1469 2962 1606 3075 probat
1635 2961 1817 3047 ordinem
1841 2993 1942 3080 prae·

376 3082 381 3092 ’
492 3109 686 3200 posterum
703 3081 934 3185 dilectionis,
957 3104 1000 3167 ut
1016 3079 1100 3195 quis
1116 3080 1273 3166 alterum
1291 3081 1409 3197 magis
1427 3079 1584 3197 diligat,
1604 3109 1725 3195 quam
1743 3108 1795 3216 se·
1810 3113 1939 3219 rpsum,

494 3225 730 3321 repugnante
748 3207 908 3287 natural
931 3199 968 3284 Si
981 3197 1064 3314 quis
1096 3198 1207 3316 igitur
1238 3222 1421 3314 tyrannus
1452 3223 1666 3315 perspectae
1692 3199 1939 3307 saevniae,1d

494 3322 561 3409 tibi
578 3321 742 3426 malum,
769 3319 836 3406 nisi
852 3319 991 3405 crimen
1007 3316 1255 3422 indicaveris,
1280 3318 1441 3403 intentet
1459 3378 1472 3421 ,
1497 3342 1652 3433 propter
1671 3317 1789 3431 quod
1806 3318 1938 3405 malum

494 3439 533 3528 in
551 3442 669 3528 altero
693 3438 889 3527 vitandum
906 3436 990 3520 licet
1011 3435 1202 3541 indicare,
1225 3433 1318 3521 nihil
1335 3434 1503 3551 peccabis
1518 3435 1745 3541 indicando,
1767 3439 1836 3526 sed
1859 3435 1938 3524 lun·

493 3561 588 3679 geris
613 3557 738 3675 potius
753 3553 881 3643 officio
898 3553 1087 3672 religiosae
1103 3553 1291 3661 caritatis,
1315 3582 1415 3671 quae
1428 3548 1574 3671 semper
1599 3578 1656 3641 est
1670 3557 1836 3642 naturali
1849 3585 1940 3644 con-

494 3704 701 3784 sentanea,
727 3672 868 3763 etfacit
890 3673 1031 3779 etiam,
1061 3697 1107 3760 ut
1130 3672 1320 3789 quaedam
1350 3672 1675 3789 permittanturin
1708 3702 1780 3758 sua
1808 3701 1939 3780 cauta,

495 3796 646 3914 quaein
661 3794 781 3884 aliena
795 3817 884 3882 sunt
898 3789 1108 3879 criminosa.
1142 3794 1247 3878 Nam
1264 3789 1386 3880 civem
1413 3789 1679 3879 indemnatum
1706 3787 1848 3903 injussa
1867 3822 1942 3880 ma·

496 3915 670 4034 gistratus
685 3913 924 4017 interimere,
945 3908 1086 3997 crimen
1103 3936 1181 4018 est,
1196 3907 1405 4026 etquidem
1423 3937 1608 4028 magnum
1627 3941 1639 3998 t
1656 3909 1726 3995 sed
1742 3911 1773 3996 si
1788 3914 1859 3999 hoc
1880 3909 1942 3996 fa-

495 4035 570 4121 cias
586 4056 768 4137 coactus,
788 4030 958 4137 injuriam
983 4028 1155 4116 videlicet
1176 4028 1393 4145 repellendo
1417 4055 1506 4116 cum
1537 4029 1798 4118 moderamine
1826 4029 1944 4116 incul·

496 4177 607 4270 patae
623 4150 787 4257 tutelae,
807 4151 900 4265 juste
915 4143 1054 4254 facias,
1084 4149 1169 4236 licet
1184 4147 1244 4234 lex
1258 4148 1450 4263 quaedam
1467 4148 1644 4237 namralis
1664 4172 1705 4236 et
1734 4149 1866 4240 divina
1891 4149 1943 4261 iu·

496 4273 587 4359 beat
604 4334 616 4380 ,
646 4296 690 4358 ut
706 4270 805 4359 vitae
822 4267 982 4355 hominis
994 4294 1123 4382 parcas
1138 4329 1152 4375 ,
1167 4268 1280 4355 etiam
1297 4264 1459 4355 male-de
1473 4293 1514 4356 te
1535 4265 1721 4356 merentis.
1757 4271 1869 4365 Quid
1883 4268 1940 4358 ira’

497 4391 675 4478 nimitum
689 4387 873 4507 quoniam
894 4387 923 4476 si
948 4385 1049 4503 leges
1078 4387 1117 4472 in
1138 4386 1421 4473 contentionem
1443 4386 1645 4495 venerint,
1666 4383 1733 4495 illa
1772 4389 1843 4477 tibi
1864 4417 1939 4477 san·

498 4509 594 4597 ctior
609 4537 687 4597 esse
718 4509 860 4615 deber,
890 4529 1044 4623 quaere
1072 4531 1180 4592 tuam
1201 4505 1317 4595 vitam
1335 4506 1430 4593 tueri
1461 4506 1595 4622 jubet,
1624 4503 1735 4623 quod
1753 4535 1938 4628 praestare

498 4629 656 4739 scilicet,
679 4651 723 4717 ur
739 4624 913 4745 fingimus
928 4688 941 4736 ,
957 4652 1040 4716 non
1056 4651 1193 4745 potes,
1223 4625 1290 4713 nisi
1305 4625 1561 4744 aggressorrm
1575 4627 1739 4754 occidas.
