4140 5872
203 396 204 399 ‘
275 427 350 500 nn
373 424 588 501 naono
616 427 692 496 nr
720 420 909 498 nnots
936 423 1191 496 orrrcto
1218 423 1318 494 tta.
1335 426 1399 495 ιιι.
1485 441 1553 519 ¹47

123 558 339 660 mendans,
365 579 466 670 quae
483 555 572 635 Deo
588 547 742 633 Christo
758 543 963 665 gratissima
985 575 1063 633 esse
1078 546 1311 637 testificatur.
1330 549 1477 637 Eadem
1494 581 1578 640 cau·
1612 577 1721 648 nonant
1737 592 1769 628 u

123 707 169 764 sa
192 675 375 764 veteribus
391 668 574 758 Romanis
588 691 744 752 auctore
769 665 987 870 Augustino
1002 665 1255 785 suffragatur,
1285 693 1329 756 ut
1356 671 1435 783 jure
1452 696 1572 759 terra·
1587 640 1766 760 iiiiiiriiioe

124 825 211 884 tum
233 795 367 881 orbern
395 791 434 876 in
450 818 558 875 suam
576 786 757 872 ditionem
780 814 821 870 re
849 783 966 902 egisse
990 783 1217 895 videantur,
1249 794 1303 871 ad
1320 799 1465 900 grawu
1482 800 1571 879 mul

121 930 249 1002 tarum
275 919 472 1026 gentium,
497 931 541 992 ut
557 904 657 991 idem
682 904 913 1021 Augustinus
935 903 1015 1009 ait,
1032 910 1211 990 domanda
1231 914 1308 990 mal
1339 963 1350 991 .

141 1072 145 1079 ·
184 1036 275 1119 XV.
336 1026 576 1115 russeriam
600 1024 684 1138 justi
706 1022 791 1108 belli
818 1052 972 1108 causam
1001 1023 1108 1110 addit
1134 1024 1409 1140 philosophus,
1433 1053 1477 1115 ut
1505 1030 1570 1118 he-

123 1151 182 1240 rili
196 1148 385 1267 imperio,
409 1146 476 1263 qui
492 1174 537 1230 ea
561 1142 782 1229 conditione
810 1143 915 1259 digni
933 1165 1050 1248 sunt,
1078 1143 1346 1258 subjiciantur,
1377 1147 1481 1260 cujus
1505 1177 1572 1265 ge·

121 1273 224 1356 neris
251 1291 340 1355 sunt
362 1268 561 1369 nationes,
592 1261 658 1347 ubi
674 1260 846 1348 homines
862 1260 1024 1375 improbi
1041 1285 1176 1349 natura
1194 1263 1423 1379 proveniunt
1436 1328 1451 1377 ,
1467 1290 1505 1351 et
1521 1267 1573 1354 ad

119 1385 307 1473 maleficia
322 1384 501 1499 proclives
518 1442 531 1487 ,
548 1383 615 1495 qui
630 1380 736 1499 virga
751 1376 870 1465 ferrea
886 1379 1041 1497 regendi
1054 1405 1166 1485 sunt,
1181 1407 1221 1468 et
1244 1383 1293 1466 ab
1309 1383 1444 1496 injuriis
1459 1391 1573 1471 co'e'r-

119 1505 266 1609 cendi,
288 1503 349 1591 vel
363 1502 483 1606 tales,
508 1522 553 1585 ut
567 1499 681 1587 herile
707 1499 904 1613 imperium
930 1526 1056 1613 aequo
1072 1500 1200 1585 animo
1229 1499 1350 1586 ferant
1368 1527 1381 1603 3
1399 1526 1443 1587 ut
1457 1531 1572 1618 quae·
1650 1585 1657 1635 Ι

123 1625 217 1710 darn
233 1646 363 1740 gentes
380 1623 420 1707 in
437 1626 623 1735 Europa,
642 1618 710 1704 sed
737 1616 860 1703 multo
888 1615 1010 1732 plures
1035 1617 1074 1701 in
1091 1619 1180 1704 Asia
1196 1680 1208 1724 ,
1224 1649 1386 1736 quarum
1412 1623 1572 1735 popula·
1586 1589 1770 1718 iihid'iiquii

76 1739 79 1743 ’
124 1771 186 1827 res
208 1770 288 1826 non
315 1732 489 1826 recusant
509 1795 524 1843 ,
541 1736 746 1850 quominus
769 1735 960 1822 honorum
987 1764 1154 1851 expertes
1182 1766 1205 1822 a
1231 1740 1377 1857 regibus
1400 1763 1439 1823 et
1467 1742 1572 1825 nobi·
1586 1712 1695 1828 hl?
1715 1709 1765 1757 Μ’

127 1859 233 1946 litate
247 1860 338 1946 loco
358 1885 554 1945 servorum
575 1856 811 1942 habeantur:
835 1864 858 1938 a
883 1885 961 1969 qua
984 1854 1205 1942 demissione
1233 1855 1344 1942 animi
1359 1855 1573 1974 longissime

121 1979 248 2064 nostri
280 1977 453 2063 homines
476 1972 714 2080 abhorrent,
738 1974 874 2089 quibus
889 1974 1061 2090 gentibus
1091 1975 1166 2060 hoc
1197 1974 1319 2089 ipsum
1347 1975 1436 2061 utile
1462 2000 1574 2064 estet

120 2097 298 2213 justum,
328 2117 372 2178 ut
398 2123 478 2178 non
510 2090 695 2198 vicissim,
719 2091 783 2177 sed
812 2120 956 2204 semper
987 2091 1199 2178 melioribus
1220 2119 1259 2182 et
1294 2093 1574 2181 humanioribus

124 2239 287 2331 pareant
301 2274 315 2320 ,
331 2237 376 2298 ut
398 2213 537 2297 horum
565 2214 704 2299 uirtute
733 2237 849 2326 atque
872 2209 1070 2326 prudentia
1092 2241 1157 2327 per
1191 2211 1268 2298 vim
1299 2238 1339 2298 et
1367 2213 1573 2320 timorem,

126 2333 283 2418 sialiter
304 2360 384 2418 non
411 2331 555 2433 datur,
581 2332 749 2449 ipsorum
779 2330 997 2443 improbitas
1020 2336 1239 2416 co‘e‘rceatur
1256 2392 1268 2437 ,
1284 2327 1406 2415 feritas
1439 2331 1476 2414 in
1504 2332 1576 2416 hu·

125 2451 338 2536 maniorem
364 2450 508 2535 cultum
537 2472 577 2533 et
607 2477 737 2537 veram
768 2448 988 2564 religionem
1010 2473 1239 2553 revocetur,
1263 2472 1303 2533 et
1334 2449 1412 2534 vita
1431 2478 1575 2564 ,quam

128 2569 287 2684 quidam
311 2564 472 2654 ferarum
501 2566 656 2652 similem
687 2565 863 2684 degunt,
886 2595 910 2648 a
935 2564 1072 2650 desidia
1103 2566 1165 2654 vel
1195 2565 1330 2677 injuriis
1355 2567 1406 2652 ad
1435 2568 1574 2679 justum

129 2711 172 2772 et
191 2688 356 2801 utrisque
380 2687 510 2772 utilem
531 2686 701 2771 laborem
718 2684 950 2770 retrahatur.
979 2684 1095 2779 Quae
1122 2714 1233 2769 causa
1249 2684 1431 2769 Lusitanis
1447 2683 1573 2770 suffia·
1607 2708 1720 2798 nutant
1736 2722 1768 2760 ιιι

130 2806 212 2920 gari
235 2805 353 2900 videri
382 2828 533 2922 potest,
550 2829 594 2891 ut
614 2834 660 2889 ex
684 2801 837 2918 Nigritis
859 2801 1208 2919 Aethiopibusque,
1231 2827 1271 2888 et
1293 2804 1421 2889 ceteris
1450 2803 1501 2890 ad
1530 2837 1572 2891 o
1586 2771 1768 2902 ii‘s‘idiiiii'·

129 2950 212 3008 ram
229 2921 404 3029 Africae,
434 2952 551 3038 quam
571 2920 788 3039 longissimo
803 2920 958 3005 circuitu
974 2921 1105 3035 legunt
1122 2983 1134 3026 ,
1161 2920 1324 3007 barbaris
1341 2983 1353 3026 ,
1370 2923 1574 3039 agrestibus
1588 2903 1669 3013 lilim
1698 2891 1767 2940 ‘²⁶²‘

129 3065 171 3126 et
196 3040 341 3126 incultis
363 3070 504 3147 ,verae
530 3040 714 3159 religionis
739 3067 783 3123 ac
809 3066 928 3153 paene
943 3038 1183 3125 humanitatis
1209 3040 1417 3155 expertibus
1435 3041 1575 3128 multos

128 3156 257 3264 bello,
274 3159 335 3248 vel
350 3189 417 3274 per
440 3158 550 3244 aliam
574 3158 811 3246 occasionem
839 3185 920 3243 non
943 3155 1073 3269 injuria
1100 3157 1139 3241 in
1165 3159 1382 3244 servitutem
1399 3159 1577 3246 Christia-

129 3304 271 3362 norum
285 3278 503 3365 abstrahant
518 3338 531 3383 ,
548 3281 618 3364 sub
632 3306 798 3393 quorum
822 3276 934 3360 etiarn
964 3274 1066 3360 herili
1093 3273 1250 3390 irnperio
1285 3301 1368 3361 tum
1403 3278 1441 3359 in
1470 3307 1576 3392 prae·

130 3421 240 3502 sens,
264 3419 346 3503 tum
374 3395 411 3480 in
437 3394 606 3481 futurum
624 3457 636 3501 ,
653 3396 730 3482 sive
746 3395 939 3508 corporis,
956 3391 1034 3480 sive
1059 3392 1173 3479 animi
1188 3395 1479 3482 commoditates
1495 3427 1576 3511 spe·

130 3536 234 3619 ctes,
260 3514 378 3601 vitam
398 3516 545 3632 degunt
574 3513 697 3599 multo
726 3511 1018 3627 optabiliorem,
1049 3544 1165 3628 quam
1197 3513 1234 3598 in
1266 3514 1415 3629 patria,
1446 3539 1575 3600 exusta

132 3629 218 3712 solis
241 3633 436 3720 ardoribus
455 3634 637 3750 regione,
662 3630 726 3716 ubi
745 3630 838 3716 nudi
853 3691 866 3735 ,
879 3630 929 3715 ab
951 3630 1058 3715 omni
1072 3633 1210 3720 virtute
1229 3657 1269 3728 et
1283 3632 1517 3716 humanitate
1534 3661 1574 3715 a·

129 3744 218 3832 lieni
233 3749 303 3833 ritu
317 3750 524 3836 belluarum
541 3774 727 3867 vagantur
742 3810 755 3855 ,
773 3772 816 3833 ut
833 3777 913 3834 non
929 3747 1097 3859 injuriam
1118 3778 1141 3833 a
1157 3751 1410 3864 capientibus,
1432 3749 1496 3835 sed
1518 3749 1577 3835 be·

131 3862 308 3952 neficium
331 3868 497 3985 accipere
516 3867 738 3954 videantur:
768 3867 877 3983 quod
905 3866 1129 3952 beneficium
1159 3869 1243 3953 licet
1257 3867 1388 3954 invitis
1407 3864 1571 3952 confera-

132 4003 222 4091 tur,
248 4009 331 4071 tum
356 3985 443 4098 jure
459 3987 589 4093 divino
605 4011 656 4073 et
681 3984 840 4070 naturali
865 3983 1026 4070 conlerri
1059 3986 1149 4071 mihi
1179 3986 1328 4073 videtur
1358 3984 1408 4071 ad
1425 3985 1523 4071 illud
1540 4016 1575 4071 e·
1629 4037 1632 4043 ,
1681 4043 1682 4046 κ

130 4104 367 4220 vangelieum
384 4106 575 4222 'idemque
590 4212 594 4219 g
608 4104 776 4191 naturale
808 4127 1049 4218 praeceptum
1079 4105 1263 4190 inruenti:
1296 4104 1432 4224 Omnia
1464 4131 1575 4211 quae·
1669 4202 1677 4233 .
1779 4102 1782 4109 ’

129 4247 281 4327 cumque
305 4230 427 4308 vultis
446 4225 651 4328 ,ut·vobr‘s
664 4224 824 4332 faciant
851 4225 1012 4307 homines
1028 4281 1041 4326 ,
1060 4225 1150 4307 haec
1167 4239 1205 4304 et
1230 4249 1300 4306 vos
1320 4221 1450 4326 finite
1473 4228 1589 4307 illis,

131 4341 229 4421 Non
256 4341 354 4424 enirn
384 4342 478 4458 quid
501 4343 672 4430 homines
699 4370 895 4458 perperam
918 4342 1067 4447 velint,
1092 4341 1157 4426 sed
1183 4340 1275 4455 quid
1300 4365 1400 4426 recta
1430 4341 1592 4427 ratione

133 4453 230 4541 velle
244 4453 435 4564 debeant,
455 4461 590 4547 intueri
612 4482 796 4576 oportet,
813 4483 858 4543 ut
873 4460 1044 4578 theologi
1060 4459 1271 4545 declarant.
1304 4464 1407 4544 Nam
1426 4461 1519 4545 velle
1536 4461 1667 4585 erge'g
1674 4485 1701 4582 ἐξ
1714 4476 1770 4524 ¹¹0¹·

131 4571 396 4687 nollesaepe,
428 4603 472 4662 ut
497 4579 606 4695 apud·
626 4579 824 4664 historicos
852 4601 891 4663 et
909 4606 1052 4665 ceteros
1072 4572 1254 4692 profanos
1280 4578 1473 4692 scriptores
1491 4614 1512 4683 ,¹
1527 4578 1575 4661 sic
1591 4595 1682 4645 ratem·
1703 4535 1770 4655 “iii

131 4689 173 4775 in
189 4693 370 4807 scriptura
386 4719 487 4777 sacra
501 4697 551 4780 ad
567 4697 801 4812 approbandi
816 4715 855 4781 et
874 4694 1111 4813 improbandi
1128 4726 1276 4782 sensum
1293 4692 1577 4783 transferuntur.
1592 4658 1772 4775 idiiiheuefi

133 4810 226 4892 Non
241 4815 339 4916 quod
349 4818 466 4918 volo,
478 4813 603 4928 inquit
623 4814 786 4919 Paulus,
802 4816 950 4922 bonum,
968 4817 1033 4901 hoc
1047 4813 1187 4922 facim
1215 4818 1284 4897 sed
1297 4818 1393 4922 quod
1408 4821 1484 4898 nolo
1501 4843 1574 4896 ma
1622 4839 1691 4886 nm.
1706 4846 1732 4895 a·
1784 4884 1786 4889 .

132 4932 209 5012 lum
227 4958 237 5013 t
255 4927 394 5040 idest,
412 4959 493 5018 non
507 4932 653 5025 bonum
670 4994 682 5041 ,
699 4932 808 5050 quod
824 4937 996 5050 approbo
1017 4964 1029 5040 3
1051 4935 1119 5022 sed
1134 4933 1275 5019 malurn
1290 4994 1302 5040 ,
1318 4933 1426 5049 quod
1443 4933 1582 5046 impro-
1718 4957 1728 4970 ¹·

909 5055 986 5141 Ta
1517 5049 1586 5159 bo,
