4034 5858
510 376 562 449 tu
579 371 739 447 causrs
762 364 974 442 occurs.
1002 372 1192 446 carum.
1461 373 1524 465 381

629 504 666 587 C
682 504 719 588 A
736 505 766 585 Ρ
782 503 821 586 U
837 505 874 585 T
933 503 1022 587 111.

693 737 957 828 Summanum.

142 981 171 1045 1.
226 969 491 1069 ,Quidfaciendum
499 987 545 1044 ‚tt
539 967 646 1040 judee
661 962 918 1041 pianeinquirat
904 980 936 1020 tn
945 960 1063 1037 penitus
1072 958 1188 1022 occulta
1203 959 1341 1037 crimino,
1347 960 1510 1038 propontis

266 1057 399 1117 censuris
412 1064 441 1113 et
454 1048 754 1112 excommunicatione.

143 1140 190 1202 11
228 1136 335 1199 Celare
348 1152 449 1193 verum
464 1144 550 1204 saepe
561 1128 637 1187 licet
652 1125 810 1201 ,inficiari
821 1142 992 1200 numquam,
1007 1141 1058 1182 nec
1068 1137 1125 1198 pro
1141 1141 1173 1180 ra
1173 1120 1235 1181 tute
1255 1123 1387 1181 bominis.

143 1220 209 1281 111.
231 1222 280 1279 De
298 1216 421 1273 usitatis
437 1211 627 1290 collegiorum
640 1218 670 1266 et
683 1206 876 1266 coenobiorum
895 1205 1132 1281 inquisitionibus
1145 1222 1194 1263 seu
1208 1203 1431 1264 visitationibus
1443 1243 1455 1279 ,
1478 1215 1510 1268 er

257 1294 396 1375 formula
409 1293 536 1371 rogandi
556 1291 673 1360 juratos
687 1297 786 1346 testes.

144 1379 207 1439 IV.
229 1375 406 1437 Incommode
419 1388 490 1448 qnae
503 1379 677 1446 sequentur,
686 1384 713 1424 ra
708 1363 863 1442 formula
872 1364 1146 1439 praetermittatur

145 1461 189 1519 V.
231 1457 329 1550 Quam
346 1457 467 1512 diuersa
481 1453 561 1508 ratio
574 1450 617 1506 sit
630 1448 795 1508 sacerdotis
804 1455 871 1504 noto
880 1459 937 1520 per
950 1441 1160 1519 comessionem
1176 1444 1301 1507 crimina
1314 1447 1468 1528 negantis,
1477 1455 1508 1510 ei

267 1537 330 1608 ejus
350 1551 398 1610 qut
393 1531 505 1590 aliter
520 1531 611 1588 nouit.

143 1619 207 1678 Vl.
228 1615 380 1692 Inficiotio
396 1612 531 1673 criminis
550 1607 659 1670 occulti
678 1607 812 1686 quomodo
827 1603 1058 1682 interpretando.

133 1820 162 1901 1.
192 1741 324 1910 SED
339 1811 516 1900 faciamus
533 1841 612 1899 non
638 1810 758 1898 modo
785 1833 1010 1948 auctorem,
1034 1835 1168 1899 verum
1193 1806 1307 1898 etiam
1331 1810 1471 1899 crimen
1500 1809 1552 1900 ab'

104 1933 309 2041 omnibus,
338 1960 601 2068 praeterquam
615 1961 638 2015 a
652 1959 744 2036 me,
770 1957 808 2016 et
824 1959 872 2015 eo
891 1930 958 2046 qui
984 1930 1169 2014 commisit
1183 1930 1403 2047 ,ignorariz
1424 1958 1551 2017 exem-

102 2052 155 2167 pli
183 2080 315 2139 causa:
342 2048 558 2138 faciamus
549 2073 724 2167 ignotum
753 2047 986 2184 quemdam
977 2073 1016 2133 et
1041 2047 1281 2164 peregrinum
1309 2046 1551 2135 hominemb
1595 2154 1597 2158 ᾗ

102 2170 208 2255 Titio
228 2171 303 2256 ruri
319 2200 389 2256 suo
412 2167 552 2275 fuisse,
577 2198 638 2255 me
662 2193 743 2253 uno
767 2167 948 2273 conscio,
977 2167 1217 2252 interemtum
1252 2189 1291 2251 et
1323 2166 1522 2255 humatum
1537 2228 1569 2276 „

104 2317 223 2425 quem
240 2318 356 2375 nemo
373 2317 565 2424 umquam
584 2310 715 2402 postea
730 2287 769 2371 in
798 2287 892 2372 urbe
920 2281 1178 2402 requisiverit,
1209 2284 1385 2372 omnibus
1409 2288 1554 2376 Titium

103 2405 228 2493 virum
252 2436 330 2493 esse
345 2407 494 2493 bonam
510 2405 828 2510 existimantibus,
856 2430 896 2491 et
910 2405 1175 2491 abhorrentem
1193 2433 1216 2487 a
1233 2403 1367 2491 talibus
1389 2405 1554 2516 crimini·-

103 2523 204 2610 bus:
237 2549 278 2611 at
293 2553 496 2631 severum,
513 2552 557 2608 ac
574 2524 698 2658 potius
714 2523 974 2658 importunum
992 2523 1152 2638 judicem
1165 2522 1292 2608 edictis
1309 2552 1464 2610 monere
1481 2557 1554 2643 po·

102 2641 276 2759 pulares,
302 2668 347 2729 ut
362 2644 413 2730 ad
431 2672 469 2729 se
487 2641 616 2729 omnia
639 2671 830 2777 cujusque·
833 2642 977 2758 generis
1006 2640 1244 2727 homicidia
1233 2670 1272 2725 ιιι
1288 2641 1380 2727 urbe
1408 2667 1556 2756 patrata

105 2757 277 2848 deferant
294 2762 480 2878 ,magnis
496 2759 626 2876 poenis
652 2760 874 2875 propositis,
903 2760 933 2844 si
955 2759 1039 2874 quis
1062 2758 1233 2846 conscius
1260 2787 1341 2843 non
1361 2759 1556 2851 indicave-

103 2879 176 2967 rit:
203 2903 295 2967 tunc
312 2909 372 2966 me
388 2877 598 3024 profiteor,
625 2906 695 2963 nec
711 2877 822 2992 judici
838 2878 1074 2991 pariturum,
1101 2905 1200 2984 nec,
1219 2903 1265 2964 ut
1282 2908 1338 2964 res
1355 2878 1499 2988 habet,
1525 2883 1555 2968 si

103 3028 167 3082 me
196 2995 379 3085 testificari
407 2998 603 3114 coegerit,
632 3024 928 3110 responsurum,
953 3024 1002 3078 ne
1028 2996 1170 3081 socium
1188 2938 1372 3082 infamem
1398 3023 1438 3085 et
1465 3029 1555 3113 per-

105 3114 196 3200 dam
212 3115 367 3201 occulto
391 3116 542 3201 crimine
569 3113 784 3230 prodendo.
816 3118 913 3196 Τιιι.
932 3113 1107 3198 Etiamne
1138 3114 1334 3229 proposito
1362 3144 1555 3207 sacrorum

102 3233 304 3320 interdicto
331 3230 493 3348 (quod,
512 3263 540 3317 si
529 3232 704 3347 placet,
725 3254 884 3320 vocetur
900 3230 1011 3316 etiam
1030 3260 1053 3315 a
1072 3231 1210 3337 nobis,
1227 3257 1272 3318 ut
1284 3233 1406 3350 vulgo
1438 3236 1555 3344 solet,

104 3350 511 3469 excommunicatio)
500 3350 696 3466 imperium
715 3348 961 3436 detrectabit?
987 3345 1228 3486 Affingamus
1243 3351 1344 3436 enim
1371 3382 1451 3438 rem
1479 3356 1559 3470 geri

103 3472 337 3577 Bononiae,
370 3471 434 3556 ubi
470 3498 615 3583 praeses
648 3468 763 3555 habet
792 3492 997 3605 utrumque
1030 3467 1184 3583 justitiae
1225 3470 1331 3586 quasi
1373 3471 1625 3586 gladium

102 3590 207 3673 Ριιιι.
209 3596 315 3726 Ego
330 3617 424 3676 vero
451 3587 568 3674 nihilo
585 3584 717 3672 minus
736 3588 864 3670 Nam
855 3615 894 3672 tn
919 3615 1002 3702 quo
1019 3587 1110 3672 mihi
1125 3587 1275 3700 judex
1266 3617 1446 3702 imperare
1467 3587 1555 3701 jure

103 3707 268 3823 nequit,
300 3709 340 3794 in
356 3707 431 3793 hoc
446 3736 575 3793 meum
601 3704 746 3791 nullum
778 3705 848 3791 erit
868 3730 1096 3841 peccatum,
1128 3708 1156 3792 si
1185 3731 1326 3792 temere
1355 3705 1556 3825 imperioso

101 3852 185 3911 non
203 3855 390 3941 paruero:
423 3825 641 3913 interdicere
671 3849 827 3931 autem,
857 3824 965 3931 sive,
988 3852 1032 3910 ut
1045 3854 1146 3911 nunc
1162 3824 1380 3941 loquimur,
1408 3854 1555 3911 excom

100 3954 320 4051 manicare,
347 3944 536 4030 neminem
552 3943 689 4029 licet
654 3947 720 4031 nisi
736 3968 889 4059 propter
905 3942 1061 4057 capitale
1083 3969 1287 4058 peccatum
1287 3942 1435 4059 ,quale
1461 3945 1553 4032 illud

105 4062 267 4150 hominis
287 4063 501 4170 Corinthii,
528 4063 577 4149 de
582 4092 676 4199 quo
691 4061 852 4148 Paulus
842 4092 882 4147 tn
901 4060 1067 4176 epistola.
1095 4068 1189 4146 Τιιι.
1208 4064 1304 4157 Quo
1328 4089 1499 4177 tempore
1515 4090 1555 4152 et
1600 4087 1715 4153 aar,

103 4208 289 4314 quatenus
315 4184 437 4270 minae
455 4182 584 4298 judicis
612 4206 650 4268 et
666 4182 847 4298 imperata
864 4179 1089 4297 negligenda
1111 4208 1189 4264 esse
1202 4179 1401 4267 videantur
1417 4208 1630 4314 ,vpost,d
1632 4268 1717 4318 m.

103 4326 132 4381 st
122 4297 217 4383 tibi
240 4301 453 4406 videbitur,
468 4303 714 4389 disseremus:
743 4329 814 4385 nec
849 4299 918 4385 erit
947 4294 1100 4382 fortasse
1125 4298 1233 4383 nobis
1265 4299 1337 4383 hac
1365 4299 1414 4385 de
1444 4264 1640 4435 persequi}
1657 4280 1743 4435 2:1²3}

103 4421 383 4505 controversia:
411 4450 501 4505 nam
516 4420 583 4506 tibi
612 4418 716 4505 facile
741 4418 918 4534 equidem
949 4416 1149 4522 assentiar,
1181 4416 1266 4501 talia
1282 4416 1447 4529 judicum
1474 4423 1549 4507 edi·
1566 4389 1599 4436 “d
1614 4398 1689 4447 ⁵⁸⁸⁸

102 4559 165 4620 cta
183 4561 221 4620 et
237 4536 416 4649 imperata
431 4539 481 4624 sic
505 4568 583 4625 esse
608 4538 851 4655 accipienda,
881 4560 925 4620 ut
952 4556 1125 4646 putemus
1148 4561 1215 4621 aut
1244 4536 1343 4649 ipsos
1370 4536 1470 4621 nolle
1501 4540 1551 4624 de

101 4653 317 4739 criminibus
341 4656 527 4743 occultis
517 4658 728 4794 mquirere,
761 4679 827 4741 aut
851 4684 880 4739 st
869 4652 1054 4761 velint,
1071 4682 1152 4740 non
1177 4679 1305 4740 tamen
1321 4683 1398 4742 esse
1414 4683 1551 4770 paren-

103 4772 241 4859 dum
232 4771 370 4885 injustis
390 4804 522 4861 cotum
539 4776 738 4892 imperatis.

162 4897 210 4979 ss
271 4898 387 4986 Nunc
403 4893 493 4988 iilud
508 4895 732 5006 videamus,
756 4893 914 5013 quod
881 4924 961 5005 ars,
987 4919 1056 5002 te,
1067 4894 1095 4980 si
1119 4916 1272 4981 coactus
1288 4887 1398 4980 fueris
1431 4892 1552 4980 dicere

1497 5039 1553 5100 te·
