4020 5864
434 408 468 455 ‘i‘
620 393 876 466 'LIBER
925 394 1002 461 111:
1153 390 1208 413 '⁴³
1431 410 1499 483 533¹

97 525 370 644 assequamur,
395 546 525 608 tamen
540 518 606 604 nisi
619 515 694 602 Dei
708 513 898 630 peculiaris
922 514 1018 599 adsit
1044 513 1192 629 gratia,
1223 509 1360 598 frustra
1378 514 1537 602 nitemur

96 628 146 732 ad
177 645 418 745 felicitatem:
452 667 533 724 non
554 636 667 752 quod
695 662 811 748 opera
830 658 958 718 nostra
987 632 1077 716 nihil
1099 629 1236 715 faciant
1266 633 1317 716 ad
1347 633 1535 718 summum

93 765 240 858 bonum
255 757 529 874 assequendum
545 816 557 860 ,
576 754 641 840 sed
658 750 839 866 quoniam
853 810 867 854 ,
881 750 957 834 hoc
971 750 1092 864 ipsum
1120 774 1163 833 ut
1187 745 1354 852 faciant,
1377 751 1449 834 Dei
1480 775 1537 838 est

95 879 345 982 liberalitatis,
369 876 435 989 qui
448 873 622 962 volentes
639 870 822 982 adjuvat,
845 894 945 953 recte
969 892 1122 983 agentes
1146 867 1312 980 praemio
1329 868 1464 951 meritis
1480 868 1538 952 in·

93 995 204 1083 litsito
231 994 371 1108 majore
399 991 669 1108 prosequitur,
693 1015 792 1101 quae
808 1013 856 1071 ne
871 986 1001 1071 merita
1022 984 1178 1099 quidem
1199 982 1350 1089 forent,
1381 985 1447 1092 nisi
1462 987 1535 1074 Dei

94 1112 350 1199 munificentia
368 1111 576 1225 praemium
591 1107 640 1192 eis
657 1105 918 1219 proposuisset.
954 1105 1019 1189 Ad
1036 1108 1222 1187 summam
1239 1102 1328 1218 quia
1345 1131 1459 1189 nemo
1475 1104 1536 1190 vi-

94 1232 152 1319 vit
176 1232 254 1317 sine
284 1229 459 1315 crimine:
489 1229 592 1310 Nam
619 1232 656 1306 si
685 1227 894 1307 dixerimus
924 1225 1020 1326 quad
1032 1236 1227 1329 peccatum
1244 1247 1313 1304 nort
1339 1222 1537 1327 habemas,
1583 1308 1594 1319 ,,

94 1358 174 1458 ipsi
189 1376 253 1433 tros
268 1352 508 1450 seducimus,
533 1359 571 1427 et
585 1349 734 1426 vetitas
749 1366 817 1425 non
833 1354 891 1421 est
903 1348 942 1421 ia
959 1344 1075 1422 nobis.
1103 1340 1176 1422 Sed
1194 1339 1260 1452 qui
1276 1338 1363 1423 dicit
1379 1368 1534 1424 omnem
1562 1327 1680 1391 ''⁷⁰⁰⁰“
1694 1335 1726 1381 ·¹·'

32 1514 40 1520 „
95 1467 291 1552 hominem
307 1493 384 1550 esse
400 1462 541 1547 malunt
558 1521 571 1565 ,
593 1460 623 1545 is
640 1487 721 1543 non
738 1455 901 1546 affirmat
916 1485 1073 1542 omnem
1089 1456 1285 1541 hominem
1313 1485 1391 1541 esse
1414 1459 1537 1543 omnis

96 1582 272 1670 bonitatis
288 1607 504 1698 expertem,
529 1578 621 1665 sicut
637 1605 708 1662 nec
735 1574 858 1662 omnis
886 1574 1167 1690 improbitatis,
1191 1574 1257 1689 qui
1273 1576 1432 1659 bonum.
1461 1576 1536 1664 Sed

96 1701 185 1816 quia
199 1730 314 1786 nemo
329 1724 385 1785 est
399 1698 570 1812 undique
598 1691 806 1811 perlectus,
823 1695 969 1778 bonum
985 1691 1234 1807 appellamus,
1263 1691 1329 1807 qui
1345 1693 1429 1778 licet
1444 1724 1537 1808 pau·

96 1818 146 1904 cis
162 1819 349 1904 interdum
369 1842 436 1903 aut
452 1817 575 1932 parvis
590 1811 800 1901 criminibus
823 1810 1036 1926 obligetur,
1058 1835 1180 1894 cetera
1195 1834 1323 1894 tamen
1348 1812 1536 1900 studiosus

94 1961 151 2021 est
164 1962 281 2052 atque
297 1936 465 2050 probus:
491 1931 635 2017 malum
651 1992 664 2037 ,
681 1931 748 2044 qui
765 1953 807 2014 ut
824 1952 922 2016 recte
942 1955 1232 2040 nonnumquam
1250 1952 1367 2043 agat,
1396 1959 1536 2048 magna

95 2075 224 2149 tamen
245 2083 291 2138 ex
313 2077 419 2167 parte
431 2074 599 2139 versatur
614 2049 653 2132 in
670 2046 851 2162 peccatis:
887 2071 926 2131 et
949 2046 1025 2131 hoc
1040 2070 1124 2148 est,
1145 2072 1194 2128 ne
1211 2045 1338 2130 videar
1361 2048 1440 2132 sine
1465 2078 1532 2134 au·

93 2195 199 2257 ctore
215 2172 348 2285 loqui,
374 2169 484 2285 quod
500 2168 758 2277 Hieronymus
773 2164 824 2249 ait
844 2164 883 2246 in
900 2163 994 2248 libro'
1022 2186 1154 2246 contra
1179 2161 1318 2278 Pelagii
1333 2164 1535 2275 haeresim,
1589 2216 1642 2280 ,g
1663 2240 1688 2281 ,ὅ

94 2288 198 2399 cu'tus
214 2290 308 2373 haec
324 2291 439 2373 verba
466 2311 580 2372 sunt:
609 2283 815 2364 Possibilia
840 2287 1035 2388 praecipit
1045 2284 1185 2382 Deus,
1212 2286 1280 2360 sed
1301 2277 1393 2366 baec
1405 2295 1537 2390 passi-

96 2404 191 2489 bilia
213 2413 339 2489 cuacti
354 2408 468 2487 simul
494 2402 630 2485 habere
660 2422 728 2481 non
752 2415 978 2506 possumus,
1000 2423 1069 2479 aaa
1097 2399 1348 2480 imbecillitate
1365 2416 1537 2511 naturae,
1602 2409 1605 2412 ⁴

98 2527 171 2606 sed
181 2530 296 2607 animi
312 2525 561 2625 lassitudine,
578 2523 643 2623 qai
657 2530 810 2602 cunctas
824 2519 935 2602 simul
958 2531 995 2598 et
1013 2528 1157 2630 semper
1181 2541 1248 2602 aaa
1273 2525 1401 2625 possit
1427 2521 1537 2607 bade·
1576 2604 1578 2608 Α

95 2667 140 2727 re
166 2649 347 2726 virtutes.

4 2866 8 2871 .
155 2761 278 2856 XXII.
336 2758 412 2844 Sed
430 2757 562 2844 redibit
576 2756 625 2843 ad
643 2752 798 2872 ineptias
813 2753 1031 2861 Martinus,
1060 2782 1099 2843 et
1112 2755 1210 2842 hanc
1232 2755 1415 2875 loquendi
1438 2786 1537 2846 con·

95 2878 332 2964 suetudinem
355 2876 554 2963 hominurn
581 2904 687 2980 esse,
709 2875 890 2961 dictabit:
921 2875 1083 2959 insacris
1114 2876 1238 2961 litteris
1253 2877 1319 2990 qui
1351 2877 1534 2994 loquitur,
1642 2892 1646 2937 ὲ

94 2997 222 3080 Deum
254 3022 360 3098 esse,
386 3022 466 3079 non
499 2992 706 3080 hominem.
738 2993 904 3096 Scimus,
932 2993 1136 3100 Luthere,
1170 2994 1313 3080 divinas
1339 2997 1534 3112 scripturas

92 3137 177 3197 non
205 3141 281 3198 esse
304 3111 503 3206 hominum
526 3138 670 3216 voces,
698 3134 766 3195 aut
788 3109 1002 3195 mortalium
1031 3111 1212 3196 inventa:
1245 3137 1285 3197 at
1315 3112 1405 3199 illud
1435 3144 1532 3230 quo·
1558 3141 1628 3193 neus
1641 3147 1724 3198 nomi.

1545 3216 1589 3252 nes
1613 3205 1722 3259 hnmano

92 3257 170 3342 que
186 3230 346 3334 scimus,
371 3231 480 3344 quod
497 3255 539 3316 nt
555 3257 636 3315 non
653 3228 766 3313 debes
795 3228 966 3343 ignorare
984 3288 997 3330 ,
1024 3227 1109 3312 licet
1125 3227 1446 3343 impudentissime
1474 3263 1532 3318 so
1544 3275 1615 3332 mare
1657 3270 1724 3318 2110·

91 3344 166 3432 leas
181 3347 440 3465 tergiversari,
463 3353 589 3433 Deum
606 3345 780 3431 mortales
795 3369 841 3429 ut
861 3343 1061 3450 mortales,
1086 3374 1167 3429 non
1182 3370 1226 3431 ut
1242 3346 1362 3452 deos,
1392 3348 1533 3464 alloqui
1544 3335 1638 3383 ω

89 3464 272 3571 solitum,
298 3477 337 3551 et
363 3494 451 3550 cum
481 3464 695 3551 hominibus
713 3462 879 3547 nonnisi
899 3464 1070 3547 humano
1086 3492 1192 3549 more
1222 3464 1421 3550 disserere:
1450 3471 1531 3582 qui,
1559 3554 1561 3559 ,
1651 3542 1653 3547 .
1716 3548 1719 3555 .

91 3607 180 3666 cum
196 3583 382 3669 mundum
392 3607 517 3697 posset
533 3579 616 3667 solo
631 3582 751 3669 verbo
766 3608 986 3670 conservare
1002 3641 1016 3687 ,
1039 3610 1120 3667 non
1136 3608 1190 3668 est
1206 3605 1334 3669 tamen
1351 3583 1533 3700 dedigna-

92 3721 152 3796 tus
177 3696 242 3784 sibi
258 3699 451 3785 hominem
466 3699 622 3785 induere
648 3759 661 3801 ,
686 3723 732 3782 ut
760 3699 931 3803 homines
965 3758 980 3804 ,
1006 3700 1073 3813 qui
1103 3706 1231 3785 Deum
1256 3702 1383 3790 divina
1409 3701 1530 3792 forma
1646 3751 1650 3759 ²

91 3844 141 3900 ne
157 3815 358 3933 intelligere
374 3816 528 3932 quidem
544 3817 629 3902 satis
644 3841 804 3929 possunt
820 3877 832 3922 ,
851 3816 992 3901 nedum
1008 3845 1166 3932 corpore
1183 3819 1315 3904 sentire
1331 3883 1344 3927 ,
1369 3850 1450 3906 non
1467 3853 1530 3912 so-¹

90 3930 169 4018 lum
186 3935 308 4021 verbis
328 3961 367 4020 et
381 3963 488 4020 more
503 3934 732 4039 hominum,
762 3933 828 4018 sed
854 3933 965 4020 etiam
982 3931 1100 4019 faetus
1129 3936 1250 4023 homo
1270 3937 1348 4051 ipse
1372 3940 1527 4027 doceret

90 4050 340 4169 evangelium,
354 4078 392 4139 et
408 4077 605 4168 praecepta
621 4051 752 4153 daret3
768 4053 876 4167 quod
893 4052 990 4165 prius
1004 4081 1069 4166 per
1086 4055 1237 4139 Mosem
1253 4080 1292 4139 et
1309 4057 1522 4170 prophetas,

90 4164 165 4253 hoc
181 4194 257 4276 est,
273 4200 339 4286 per
355 4172 527 4258 homines
546 4167 732 4257 effecerat.
753 4174 808 4256 Ut
824 4170 965 4284 pudeat
989 4170 1193 4284 aliquando
1223 4172 1433 4258 Matrinum
1449 4175 1520 4260 suis

88 4310 159 4370 nos
175 4291 373 4405 praestigiis
388 4290 537 4375 eludere
552 4314 696 4376 tentare
715 4347 730 4393 ,
760 4311 952 4375 vetantem
969 4315 1086 4371 sacras
1113 4289 1308 4403 scripturas
1324 4291 1403 4378 sive
1418 4279 1523 4407 prae-

87 4428 195 4516 cepta
205 4406 325 4511 dent,
347 4407 430 4496 sive
446 4407 695 4493 adhortentur
711 4406 881 4493 homines
899 4466 911 4510 ,
935 4433 1004 4520 seu
1025 4404 1132 4489 minis
1161 4431 1199 4492 et
1223 4410 1521 4523 exprobrationi·

88 4519 157 4604 bus
178 4548 416 4610 conterreant
437 4586 450 4630 ,
476 4554 548 4640 pro
564 4549 778 4610 sanctorum
804 4547 843 4607 et
859 4520 1099 4637 prudentium
1117 4522 1316 4609 hominum
1344 4557 1452 4613 sensu
1474 4557 1519 4614 ac

85 4635 274 4724 intellecnt
289 4641 545 4756 interpretari,
571 4667 610 4728 et
628 4671 697 4724 nos
712 4641 762 4726 ad
788 4668 854 4724 sua
880 4639 1054 4744 somnia,
1073 4669 1172 4756 quae
1200 4645 1366 4730 Bacchus
1382 4674 1519 4761 sugge-

84 4754 132 4841 rit
158 4755 351 4874 vigilanti,
383 4787 574 4845 revocare.
604 4762 706 4841 Cum
729 4757 840 4872 igitur
863 4756 1034 4843 homines
1049 4757 1151 4846 docti
1165 4761 1355 4876 pariteret
1377 4763 1520 4850 indocti

83 4871 132 4961 sic
146 4873 381 4998 loquantur,
405 4900 452 4967 ut
480 4876 597 4971 malm
622 4899 662 4967 et
677 4875 809 4998 impios
828 4874 954 5002 dicant
983 4906 1048 4969 eos
1060 4939 1086 4994 ,v
1100 4909 1182 4983 uon
1207 4879 1276 4996 qui
1291 4909 1519 4999 numquam,

1455 5001 1521 5090 sed
