4020 5864
515 359 587 451 528
833 364 899 435 oa
927 359 1065 436 anto*
1081 356 1350 440 nr‘ttntno
1375 363 1616 441 anantio

486 513 545 574 sas
570 490 690 573 homo
706 485 842 574 habeat
862 482 911 575 εἰ
937 483 1065 607 aequo
1081 485 1336 605 potestatem,
1366 484 1475 605 quod
1494 489 1570 603 ipse
1593 487 1634 573 in
1659 483 1777 573 robus
1791 483 1934 577 *homin

486 604 659 716 subjectis
679 608 878 693 immemor
903 610 987 716 sui,
1017 637 1220 724 secumque
1248 635 1429 725 pugnans
1449 605 1684 710 confitetur,
1712 631 1843 692 tamen
1868 635 1934 695 an·

360 839 371 848 .
487 729 642 840 tequam
667 725 744 834 ejus
764 740 986 842 argumenta
999 723 1129 812 refello
1144 787 1156 832 ,
1174 728 1232 813 ¹de
1252 726 1375 814 libero·
1385 721 1540 812 arbitrio
1555 726 1649 840 quid
1671 720 1861 811 affirmate
1874 757 1933 811 sa·

374 851 382 861 ”
486 869 634 928 crarum
649 843 853 928 litterarum
870 846 1086 930 testimoniis
1113 850 1411 931 consentaneum
1428 840 1517 929 mihi
1538 872 1616 928 esse
1638 842 1841 949 videatur,
1855 844 1928 954 jam

489 962 614 1074 paucis
630 962 848 1076 explicabo:
878 962 1052 1049 simulne
1069 964 1250 1050 nostrain
1270 959 1414 1049 incerto
1436 985 1595 1080 vagentr
1611 960 1739 1047 oratio
1759 1021 1774 1067 ,
1800 962 1826 1045 si
1850 993 1927 1077 quo

489 1073 657 1185 feratur,
683 1108 721 1166 et
736 1103 884 1196 spectet
895 1080 965 1165 hac
979 1082 1017 1166 in
1033 1107 1139 1195 parte
1155 1106 1234 1167 non
1248 1081 1419 1187 lrabeat,
1449 1080 1557 1165 simul
1582 1107 1631 1163 ne
1656 1079 1927 1194 Lutheruspu·

489 1219 568 1303 tet,
591 1198 802 1313 quidquam
826 1227 864 1284 se
881 1223 961 1284 tam
976 1200 1088 1286 stulta
1103 1200 1317 1317 garrulitate
1341 1195 1549 1315 profecisse.
1571 1202 1724 1312 Neque
1749 1198 1852 1282 enim
1867 1200 1929 1284 du·

490 1314 622 1402 bitabo
641 1317 762 1402 multo
788 1317 870 1432 plus
885 1319 998 1403 etiarn
1014 1319 1132 1404 libero
1147 1317 1334 1421 arbitrio,
1351 1345 1468 1434 quam
1485 1321 1663 1400 Erasmus
1680 1376 1692 1419 ,
1726 1344 1847 1430 quem
1862 1316 1930 1430 ipse

480 1428 585 1541 -fette
602 1462 682 1520 non
697 1459 851 1547 potest,
883 1436 1093 1523 attribuere.
1116 1430 1226 1522 'Dico
1248 1436 1360 1553 igitur
1385 1435 1543 1520 liberum
1564 1432 1769 1518 ‘arbitrium
1798 1435 1931 1549 absqtn

478 1551 562 1636 Dei
593 1551 765 1668 peculiari
783 1553 913 1670 gratia
943 1583 1023 1639 non
1047 1554 1168 1641 solum
1197 1551 1326 1641 conari
1340 1554 1378 1638 in
1400 1550 1545 1639 bonum
1563 1579 1703 1665 posse,
1730 1550 1798 1638 scd
1823 1552 1931 1665 etiarn

483 1665 634 1755 efficere
650 1671 807 1756 bonum.
824 1676 886 1755 Ne
899 1696 945 1756 'tu
960 1671 1130 1778 interim,
1148 1668 1343 1776 Martiae,
1369 1671 1460 1758 illud
1474 1670 1583 1756 nobis
1607 1699 1816 1784 opponas,
1847 1679 1928 1785 quo

477 1788 600 1874 ⁴toties
614 1793 820 1874 Erasmum
837 1788 1019 1895 eludere,
1045 1786 1231 1907 ipsiusque
1247 1784 1470 1907 argumenta
1501 1785 1667 1874 frustrati
1683 1787 1866 1874 malitbsa
1891 1789 1930 1874 in

477 1907 612 2041 primis
634 1906 869 2018 cavillatione
897 1908 1042 1994 conaris
1073 1970 1086 2016 ,
1113 1902 1209 1995 dum
1235 1909 1319 1996 loca
1341 1935 1528 1994 sacrarum
1553 1905 1770 1994 litterarum
1793 1972 1807 2006 ,
1833 1935 1926 2022 quae

482 2024 548 2109 rlle
563 2025 754 2131 citaverit,
779 2027 968 2127 utjconari
995 2026 1032 2110 in
1050 2025 1222 2133 bontun,
1239 2028 1403 2144 positum
1419 2054 1497 2113 esse
1513 2023 1732 2111 concludat
1756 2023 1928 2112 mnostta

486 2167 710 2256 potestate,
735 2167 802 2229 aut
822 2141 911 2227 nihl
925 2144 1076 2231 arbitrio
1098 2169 1232 2232 nostro
1259 2143 1419 2231 tribuere
1447 2140 1721 2246 calumniaris,
1749 2168 1817 2228 aut
1844 2143 1919 2257 plur

483 2260 600 2346 etiam
615 2289 731 2376 quarn
748 2286 943 2347 conatum.
980 2257 1099 2360 Quasi
1126 2258 1221 2350 vero
1234 2265 1300 2379 qui
1318 2261 1400 2378 plus
1425 2259 1615 2366 effecerit,
1639 2260 1668 2346 is
1692 2288 1785 2346 non
1812 2260 1919 2346 ninus

485 2377 598 2464 etiam
613 2378 773 2466 effecisse
789 2403 997 2467 censeatur.
1029 2380 1093 2465 llla
1119 2380 1232 2498 igitur
1253 2408 1437 2469 sacrarum
1462 2378 1668 2466 linerantm
1698 2377 1791 2464 loca
1820 2378 1927 2467 libero

409 2604 413 2621 Ι
485 2497 638 2583 arbitrio
654 2527 734 2599 non
750 2496 914 2583 conandi
933 2497 1085 2605 solum,
1108 2503 1174 2594 sed
1191 2498 1304 2587 etiam
1320 2495 1479 2584 faciendi
1504 2521 1740 2612 potestatem
1773 2495 1924 2614 largiun-

485 2637 560 2699 tur.
592 2614 690 2703 Illud
706 2616 805 2702 enim
830 2613 936 2702 furor
951 2610 1233 2724 estaffirmare,
1251 2611 1478 2735 praecepta,
1503 2613 1796 2703 adhortationes
1810 2674 1824 2720 ,
1837 2615 1930 2730 pue

485 2732 643 2839 mium,
677 2734 842 2849 poenam
886 2732 1054 2848 cuipiam
1091 2730 1254 2852 proponi
1278 2794 1305 2842 ,-
1326 2732 1389 2819 cui
1421 2729 1575 2820 facultas
1603 2732 1703 2820 absit
1740 2729 1925 2820 efficiendi.

486 2851 597 2951 Quid¹
610 2863 730 2968 ergo?
759 2853 983 2940 volumusne
1013 2852 1222 2972 Pelagianis
1238 2849 1460 2970 sulliagari,
1482 2853 1551 2970 qui
1566 2848 1731 2938 liberum
1746 2849 1930 2937 arbitritum

293 3023 413 3073 nsum
435 3032 473 3070 2..
486 2997 554 3082 per
569 2998 633 3074 se,
649 2970 833 3087 quidquid
857 2970 971 3076 velit,
1000 2967 1145 3089 efficere
1162 3001 1269 3089 posse
1285 2970 1585 3090 contendebant?
1617 2968 1729 3054 Nihil
1760 2965 1927 3086 prolecto

294 3084 474 3199 ῗέξῖἰῖεῗῗεὲἴζῖ
487 3087 637 3192 minus,
658 3089 899 3204 nequeenim
915 3091 1035 3203 ipsum
1052 3118 1121 3204 per
1146 3113 1185 3176 ‘se
1206 3093 1348 3207 absque
1365 3090 1438 3175 Dei
1462 3084 1638 3204 peculiari
1670 3087 1797 3204 gratia
1814 3086 1930 3172 valeat

293 3204 685 3321 :taegffiaggnominem
702 3208 751 3294 ad
771 3204 983 3293 felicitatem
1008 3208 1237 3321 perducere:
1268 3210 1436 3296 sedeam
1451 3206 1685 3297 ..sententiam
1712 3206 1927 3318 probamus,

296 3320 457 3372 ¹²⁰¹¹¹¹²““¹·
482 3322 527 3408 -in
542 3354 619 3440 qua
643 3323 808 3442 plerique
825 3323 977 3412 fuerunt
996 3327 1068 3414 viri
1089 3318 1395 3444 ingeniosissimi,
1410 3349 1462 3413 -et
1479 3326 1529 3411 in
1553 3323 1661 3411 sactis
1692 3321 1826 3409 litteris
1851 3349 1924 3436 pcr-

487 3441 746 3556 spicacissimi‚
773 3472 878 3558 posse
893 3443 1065 3530 homines
1080 3464 1151 3564 per
1170 3445 1334 3533 liberum
1361 3443 1553 3531 arbitrium
1583 3470 1664 3528 non
1689 3440 1821 3527 solum
1843 3439 1926 3528 velle

487 3585 528 3646 et
542 3561 667 3667 nolle,
698 3562 764 3648 sed
781 3562 892 3647 etiam
907 3558 1055 3650 efficere
1082 3589 1123 3650 et
1150 3593 1231 3649 non
1256 3561 1430 3666 efficere,
1462 3589 1563 3678 quae
1577 3558 1714 3647 divinis
1732 3558 1929 3674 praeceptis

487 3678 743 3793 impetantur,
771 3679 857 3766 licet
875 3705 918 3767 ut
932 3677 1153 3794 perficiant,
1179 3707 1219 3769 et
1247 3682 1297 3769 sic
1324 3679 1492 3797 praemio
1521 3702 1697 3763 aeternae
1732 3677 1833 3764 vitae
1861 3679 1930 3791 po-

487 3795 642 3903 tiantur,
658 3796 741 3911 ipsis
755 3826 834 3883 ase
848 3826 928 3884 non
945 3825 1142 3914 suppetat,
1169 3801 1234 3887 sed
1246 3829 1275 3884 a
1291 3799 1419 3886 divina
1435 3795 1680 3901 liberalitate,
1699 3823 1823 3910 quam
1854 3824 1931 3911 gra·

487 3914 577 3998 tiam
605 3915 826 4029 peculiarem
856 3945 1147 4033 nuncupamus:
1181 3943 1290 4033 posse
1313 3916 1478 4031 denique
1510 3911 1654 4001 fortiter
1682 3973 1698 4019 ‚
1727 3913 1926 4015 liberaliter,

481 4057 740 4147 temperanter
754 4063 866 4152 agere
883 4098 895 4140 ,
913 4061 952 4122 et
967 4063 1073 4123 secus
1087 4094 1101 4141 ,
1113 4037 1190 4123 lroc
1204 4061 1276 4144 est,
1293 4034 1509 4122 muneribus
1522 4027 1629 4149 fungi
1645 4059 1780 4147 ,quae
1814 4059 1931 4118 mota·

486 4147 568 4236 liter
584 4152 687 4237 bona
702 4152 763 4240 vel
786 4153 882 4238 mala
899 4181 1179 4271 nuncupantur.
1915 4219 1918 4225 „

548 4272 652 4355 XIX.
715 4276 937 4386 Numquam
954 4303 1028 4390 ego
1058 4273 1334 4378 committam,
1356 4274 1401 4359 t'rt
1414 4277 1605 4360 Socratem
1618 4278 1621 4285 ’
1636 4266 1700 4356 vel
1731 4269 1931 4357 Aristidem

486 4386 765 4493 Athenienses,
789 4391 947 4476 Curium
964 4418 1029 4477 aut
1053 4396 1243 4478 Catonem
1274 4396 1501 4497 Romanos,
1522 4393 1755 4487 Senecamve
1785 4389 1932 4474 Cordo

489 4504 672 4611 bensem,
695 4535 782 4593 eum
811 4508 899 4595 vitia
926 4510 1123 4597 hominum
1148 4510 1425 4623 insectabantur
1455 4570 1468 4614 ,
1499 4537 1588 4593 cum
1617 4533 1642 4588 a
1670 4505 1928 4620 voluptatibus

481 4623 754 4726 abstinebant,
778 4628 877 4711 icum
902 4624 1073 4736 justitiam
1112 4654 1165 4715 et‘
1181 4624 1319 4715 ceteras
1350 4622 1696 4733 virtutes-studiose
1729 4624 1922 4726 colebant,

474 4754 572 4828 :non
594 4767 691 4827 recte
707 4739 830 4831 fecisse
846 4742 1011 4853 jactem,
1031 4747 1243 4862 quitamen
1271 4772 1395 4862 neque
1424 4744 1560 4860 Judaei
1585 4739 1774 4847 fluerunt,
1811 4767 1923 4856 neque

488 4860 716 4974 Christiani,
741 4862 807 4952 sed
834 4864 992 4959 nauatae
1018 4865 1139 4984 legem
1169 4868 1431 4985 sequebantur.
1463 4866 1566 4960 Cum
1591 4885 1725 4949 autent
1756 4861 1925 5066 hmo?
