4140 5872
517 453 584 526 130
701 436 702 439 ‘
764 416 974 517 tonsu.
1008 418 1263 492 oauusss
1293 419 1701 497 sunutvsors

299 559 327 606 ¹¹¹
341 563 419 614 “³¹¹⁰
440 560 479 600 ⁸²·
495 584 579 647 tum
599 549 709 642 fucrit
725 612 738 658 ,
755 545 926 635 facillime
952 568 1079 631 sumto
1104 544 1153 631 de
1174 542 1373 659 conjuratis
1388 543 1568 681 supplicio
1586 577 1653 663 per
1668 576 1798 667 regem
1814 611 1828 657 ,
1844 552 1959 668 apud

301 616 411 664 ditiones
424 611 480 660 ciri·

299 689 331 725 ¹¹⁵
354 672 482 732 ΜΨ·
499 707 615 797 quem
632 671 734 759 nulla
749 695 804 756 est
828 664 1098 804 tergiversandi
1114 661 1295 771 facultas,
1312 665 1576 782 exstinguitur.
1609 673 1652 753 In
1681 670 1873 785 republica
1889 703 1956 761 ve·

300 748 387 787 unilfr-

500 829 545 888 ro
566 796 679 885 etiam
694 787 857 878 convictt
882 812 1178 899 nonnumquam
1206 784 1361 900 impune
1388 786 1617 872 reluctantur
1635 848 1648 894 ,
1664 787 1818 875 summis
1834 791 1954 879 etiam

503 913 776 1033 magistratibus
791 904 973 996 invidiam
987 929 1026 990 ct
1047 902 1273 989 calumniam
1291 963 1302 1008 ‚
1320 901 1349 987 si
1365 902 1458 1019 quid
1478 902 1517 987 in
1542 933 1626 991 reos
1648 907 1798 1024 gravius
1816 934 1953 998 statue-

501 1036 604 1141 n'nt,
635 1026 888 1118 memenribus
903 1049 1057 1142 propter
1075 1053 1232 1141 magnas
1251 1020 1386 1108 scilcet
1406 1051 1540 1108 eorum
1558 1026 1807 1142 cognationes
1832 1055 1873 1115 et
1887 1030 1951 1115 cli-

502 1152 671 1256 entelas,
698 1176 863 1265 quarum
886 1144 1022 1260 iniuriis
1053 1168 1094 1229 et
1117 1140 1309 1228 fraudibus
1339 1169 1388 1226 ne
1418 1171 1498 1227 non
1526 1138 1631 1228 facile
1645 1206 1657 1252 ,
1673 1174 1762 1231 cum
1792 1147 1956 1238 abierint

457 1265 460 1271 ’
504 1271 754 1388 magistratu,
784 1263 918 1380 privari
949 1260 1125 1348 obsistere
1151 1260 1320 1375 possint,
1352 1257 1626 1348 reformidant:
1654 1289 1698 1350 ut
1722 1290 1778 1352 est
1808 1297 1952 1386 magno

310 1471 337 1509 ,t
361 1394 488 1507 ⁵0⁰0}ng
503 1393 740 1481 documento
756 1382 959 1487 Catilinae,
977 1380 1125 1467 Lentuli
1143 1442 1155 1486 ‚
1171 1379 1332 1497 Cethegi
1346 1402 1386 1466 et
1408 1381 1596 1468 sociorum
1611 1382 1838 1500 conspiratio
1857 1449 1869 1492 ,
1887 1417 1955 1502 qut

310 1517 463 1578 ⁶⁰⁰i¹¹1³¹³0·
506 1510 555 1596 de
586 1503 800 1593 consulibus
831 1526 869 1587 ct
898 1524 1031 1586 senatu
1058 1499 1263 1606 necandis,
1283 1523 1322 1583 et
1353 1500 1446 1586 urbe
1472 1499 1714 1591 incendenda
1740 1503 1955 1616 conjurasse

507 1621 745 1714 multifariam
777 1650 866 1706 cum
896 1646 1019 1706 essent
1044 1616 1235 1705 convicti:
1260 1642 1390 1703 tamen
1414 1619 1567 1735 impune
1592 1642 1632 1706 et
1651 1621 1889 1737 impudenter
1911 1623 1953 1719 in

508 1745 649 1830 curiam
666 1740 903 1831 ventitabant
921 1799 933 1845 ,
950 1760 990 1825 et
1016 1736 1232 1823 reclamanti
1247 1739 1385 1823 Marco
1403 1739 1531 1825 Tullio
1547 1740 1718 1846 consuli,
1742 1747 1953 1856 eorumque

506 1862 643 1950 scelera
664 1890 794 1947 coram
818 1880 950 1944 senatu
973 1855 1131 1973 ipsisque
1149 1855 1376 1971 praedicanti
1401 1857 1570 1973 princeps
1599 1857 1864 1972 conjurationis
1878 1863 1953 1943 Ca-

506 1981 610 2069 tilina
638 2007 718 2064 non
752 1978 829 2062 sine
852 1970 1029 2064 conviciis
1053 2000 1092 2061 et
1120 1972 1323 2060 maledictis
1351 1973 1586 2091 impudenter
1614 1977 1855 2093 obstrepebat
1871 1975 1954 2083 ,id-

511 2128 589 2214 que
615 2097 769 2214 impune
788 2096 827 2180 in
849 2122 992 2212 magno
1008 2123 1088 2200 non
1110 2093 1234 2179 solum
1256 2117 1407 2209 patrum
1425 2154 1437 2200 ,
1453 2095 1519 2180 sed
1545 2094 1661 2182 totius
1686 2096 1800 2183 etiam
1827 2094 1954 2183 civita·

513 2219 559 2305 tis
585 2217 720 2302 timore
748 2239 788 2300 et
815 2213 1064 2327 trepidatione
1081 2207 1240 2298 faciebat
1257 2272 1269 2318 ,
1286 2213 1410 2299 donec
1430 2212 1508 2328 ipse
1535 2242 1616 2300 non
1641 2214 1680 2302 vi
1708 2216 1866 2332 pulsus,
1888 2212 1954 2301 sed

513 2365 580 2423 sua
607 2333 807 2422 voluntate
839 2330 1122 2417 minitabundus
1141 2331 1235 2415 urbe
1261 2331 1311 2416 ad
1335 2354 1454 2415 castra
1477 2332 1760 2446 conjuratorum
1776 2394 1788 2440 ,
1803 2332 1955 2448 quaciu

510 2453 671 2570 patriam
697 2452 796 2537 duce
813 2447 965 2535 Manlio
980 2450 1251 2563 comparabant
1266 2509 1278 2553 ,
1295 2477 1461 2566 egressus
1487 2475 1563 2538 est.
1591 2455 1675 2537 Nec
1706 2451 1762 2537 his
1791 2449 1958 2537 maximis

514 2572 618 2658 malis
635 2594 674 2655 et
695 2567 846 2685 publico
869 2568 995 2654 timori
1015 2565 1097 2652 finis
1114 2592 1202 2653 ante
1225 2566 1419 2682 impositus
1434 2565 1504 2654 fuit
1520 2630 1533 2676 ,
1549 2594 1588 2655 et
1612 2571 1701 2655 urbs
1724 2595 1841 2685 atque
1857 2568 1958 2655 Italia

516 2718 661 2805 magno
688 2713 794 2773 metu
809 2685 964 2772 liberata
981 2747 994 2793 ,
1011 2715 1127 2800 quam
1144 2684 1232 2772 socii
1254 2683 1520 2797 coniurationis
1538 2687 1632 2792 ,viri
1649 2717 1785 2805 genere
1812 2686 1959 2774 nobilis·

409 2894 414 2911 ,
515 2806 596 2894 simi
615 2868 627 2914 ,
646 2807 685 2891 in
707 2806 801 2891 urbe
818 2805 868 2890 ad
893 2803 970 2916 eius
996 2803 1212 2889 incendium
1239 2802 1382 2911 relicti,
1406 2805 1562 2891 tandem
1585 2804 1791 2921 aliquando
1822 2805 1965 2891 incar-

512 2954 641 3013 cerem
666 2922 826 3035 conjecti
841 2984 852 3029 ‚
868 2921 995 3037 ibique
1009 2921 1229 3039 strangulati
1254 2951 1397 3038 poenas
1423 2923 1577 3040 cogitati
1593 2925 1733 3010 sceleris
1749 2922 1962 3033 dederunt,

516 3071 556 3130 et
573 3043 736 3129 Catilina
763 3043 840 3156 ipse
855 3102 867 3146 ,
883 3040 950 3155 qui
970 3065 1092 3127 totam
1114 3040 1259 3127 ltaliam
1288 3070 1409 3156 usque
1436 3041 1476 3126 in
1506 3042 1670 3128 Galliam
1697 3040 1972 3156 transalpinam

515 3185 556 3246 et
581 3159 808 3277 Allobroges
835 3158 1112 3264 solicitaverat,
1144 3155 1282 3245 difficili
1309 3159 1410 3244 bello
1434 3159 1650 3277 praelioque
1675 3190 1701 3246 a
1722 3164 1772 3246 C.
1788 3160 1972 3247 Antonio

514 3280 673 3365 consule
688 3277 808 3364 altero
825 3276 1036 3364 vinceretur
1056 3338 1069 3383 ,
1086 3302 1125 3362 et
1140 3277 1288 3395 egregie
1305 3306 1383 3363 sese
1406 3278 1506 3363 ultus
1521 3279 1784 3366 occumberet.

321 3437 391 3487 sen.
414 3433 504 3488 crenis
574 3400 666 3485 XV.
728 3397 877 3482 Verum
905 3395 977 3480 hae
1000 3420 1221 3512 ceteraeque
1246 3419 1308 3482 tot
1328 3420 1536 3514 tantaeque
1559 3397 1788 3485 calamitates
1806 3423 1922 3512 supra
1945 3425 1985 3483 a

321 3498 429 3552 nome.
515 3516 625 3604 nobis
651 3539 884 3601 memoratae
901 3575 914 3620 ,
929 3512 1041 3600 ludus
1066 3511 1244 3631 jocusque
1260 3512 1378 3602 videti
1401 3540 1561 3632 possunt
1577 3517 1637 3625 ,ci
1651 3546 1741 3604 cum
1756 3514 1859 3602 bellis
1875 3515 1985 3602 civi.-

504 3636 613 3722 libus
635 3631 905 3738 conferantur,
922 3660 1021 3747 quae
1038 3661 1118 3717 non
1149 3632 1272 3719 solum
1299 3636 1432 3720 urbem
1449 3635 1614 3721 Romam
1631 3697 1644 3743 ,
1661 3637 1726 3723 sed
1755 3659 1882 3721 totam
1913 3658 1983 3720 et·

517 3755 593 3839 iam
618 3751 761 3838 ltaliam
787 3750 999 3866 multasque
1027 3741 1246 3866 provincias
1262 3750 1484 3866 reipublicae
1512 3780 1684 3871 tempore
1700 3775 1996 3840 concusserunt

464 3919 467 3925 ·
518 3897 557 3957 et
587 3867 824 3956 afflixerunt:
848 3897 1014 3983 quorum
1043 3868 1204 3985 primum
1221 3870 1351 3955 Mario
1375 3895 1414 3955 ct
1430 3870 1531 3985 Sylla
1546 3901 1558 3976 3
1584 3873 1792 3957 secundum
1808 3870 2000 3957 Caesare:

518 4014 558 4075 et
574 3988 758 4102 Pompejo
790 3987 997 4072 factionum
1027 3987 1250 4103 principibus
1275 3987 1509 4103 ducibusque
1541 4017 1690 4106 gestum
1715 4014 1771 4075 est
1789 4017 1801 4091 3
1818 3988 1999 4073 tertium

519 4109 601 4193 duo
631 4106 801 4192 consules
816 4103 966 4190 Hircius
993 4130 1031 4191 et
1046 4111 1192 4210 Pansa,
1217 4106 1283 4223 qui
1308 4107 1444 4193 eodem
1462 4109 1601 4222 praelio
1626 4106 1910 4211 conciderunt,
1936 4129 1998 4221 et:

519 4230 717 4341 Augustus
739 4255 828 4310 cum
853 4227 995 4309 Marco
1016 4226 1187 4312 Antonio
1203 4252 1215 4328 3
1230 4250 1410 4341 quartum
1436 4225 1549 4310 iidem
1573 4232 1766 4343 Augustus
1791 4250 1832 4311 et
1848 4229 1998 4311 Anto»

521 4342 604 4427 nius
630 4371 719 4426 cum
744 4348 865 4427 Bruto
898 4368 938 4429 et
963 4344 1038 4429 aliis
1054 4343 1220 4429 Caesaris
1242 4340 1539 4431 interfectoribus
1557 4368 1777 4463 gessenutt.
1807 4344 1883 4430 Sed
1907 4344 1990 4431 ho⁶

521 4489 607 4545 rum
640 4459 813 4546 omnium
845 4462 1050 4548 maximum
1079 4457 1150 4548 fuit
1167 4523 1180 4569 ‚
1195 4464 1304 4580 quod
1335 4466 1473 4550 Caesar
1502 4493 1569 4580 per
1601 4493 1639 4550 se
1665 4489 1705 4551 et
1728 4459 1984 4580 praefectos,

522 4607 610 4666 curn
638 4579 821 4693 Pompeio
845 4579 997 4696 ejusque
1027 4580 1183 4668 ducibus
1205 4607 1243 4669 et
1272 4580 1351 4668 filiis
1379 4583 1417 4667 in
1445 4583 1572 4689 ltalia,
1591 4581 1714 4670 Gallia
1731 4644 1744 4690 ,
1761 4580 1982 4694 Hispania,

522 4698 704 4803 Graecia,
721 4697 949 4782 Macedonia
971 4759 982 4804 ,
999 4698 1141 4806 Sicilia,
1164 4697 1288 4789 Africa
1305 4763 1318 4808 ,
1334 4729 1535 4834 rursusque
1564 4701 1603 4786 in
1632 4700 1811 4818 Hispania
1832 4701 1978 4816 gessit.

327 4803 506 4936 illm
522 4816 748 4920 Mediocre,
765 4816 874 4931 quod
905 4815 1050 4903 Marius
1077 4847 1166 4904 cum
1199 4820 1299 4935 Sylla
1316 4848 1328 4923 3
1347 4848 1393 4905 ex
1423 4848 1527 4933 cujus
1556 4819 1641 4906 belli
1665 4819 1973 4923 calamitatibus,

326 4923 379 5031 lli
413 4927 504 4984 '⁰⁶¹⁰'
521 4963 620 5052 quae
643 4934 776 5026 certius
803 4935 961 5027 traditae
987 4961 1074 5027 sunt
1091 4999 1104 5048 ,
1119 4963 1260 5029 ceteras
1285 4937 1477 5032 auumatc
1500 4938 1626 5030 licebit
1637 4997 1656 5048 ⁴·
1681 4943 1791 5032 Haec
1807 4940 1910 5029 enim
1927 4937 1973 5024 ci·

1916 5088 1973 5152 γι.
