4006 5850
475 454 477 460 s
509 451 578 522 412
777 433 844 500 oe
867 430 1090 502 untione
1114 432 1323 503 urceum
1347 433 1612 505 τεετιιιοιι.

299 607 478 669 mmm.
491 585 562 643 nus
578 619 590 655 ,
607 551 696 666 qui,
711 551 739 635 si
753 553 835 666 quis
859 551 1112 666 iusiurandum
1130 554 1232 640 socio
1257 553 1404 640 dederit
1422 612 1436 661 ,
1459 553 1549 638 nulli
1566 581 1605 639 se
1621 579 1801 639 arcanum
1820 551 1872 639 ab
1885 582 1932 642 eo

299 673 558 793 {¹g{2;{},ssf,f1{¹‚‚sibi
573 671 810 756 commissum
824 669 1095 782 indicaturum,
1124 673 1212 758 huic
1224 674 1492 791 literenegant
1509 723 1531 778 ,ι
1550 695 1597 758 ut
1622 671 1765 786 juratus
1781 701 1820 756 se
1844 670 1933 758 nibil

493 793 581 877 scire
596 789 841 904 respondeat:
868 790 917 876 de
933 821 1041 907 quo,
1058 793 1085 877 si
1099 790 1272 904 quaeris,
1300 795 1433 879 eadem
1450 789 1540 876 mihi
1572 788 1837 906 praecipienda
1857 819 1935 877 esse

428 945 435 958 ³
492 910 689 1013 videntur,
714 933 830 1023 atque
845 910 884 993 in
897 938 1010 995 causa
1022 908 1179 995 criminis
1205 912 1343 996 occulti
1358 911 1460 995 aliter
1487 909 1658 1026 cogniti:
1687 908 1931 995 standumest

319 1061 409 1143 rator·
427 1071 481 1118 cn·
493 1029 592 1114 enim
610 1027 794 1142 promissis
811 1088 827 1133 „
857 1028 1069 1142 praesertim
1100 1029 1192 1114 dato
1223 1027 1484 1142 jurejurando,
1514 1053 1557 1112 et
1567 1026 1814 1130 commissum
1836 1054 1935 1112 arca·

307 1121 481 1242 llsszlnlff
493 1178 584 1235 num
604 1209 615 1251 ,
633 1145 776 1232 sirecte
793 1144 925 1232 idfieri
944 1172 1099 1264 potest,
1118 1145 1310 1262 diligenter
1325 1144 1606 1232 occultandum.

408 1288 411 1294 '
554 1270 604 1349 11.
661 1266 734 1350 Sed
750 1264 778 1348 si
794 1293 969 1350 arcanum
986 1265 1224 1349 commissum
1237 1266 1287 1349 ab
1312 1265 1439 1379 aliquo
1462 1289 1604 1376 spectet
1628 1263 1667 1348 in
1695 1261 1850 1348 alterius
1872 1290 1931 1350 aut
1980 1258 1982 1267 ’

497 1382 717 1498 reipublicae
731 1384 871 1466 malum
890 1414 900 1466 :
925 1381 1086 1468 fraterna
1106 1384 1293 1496 correptio
1308 1445 1319 1488 ,
1333 1383 1435 1489 cujus
1459 1383 1651 1465 Christum
1667 1381 1857 1465 habemus
1872 1410 1934 1464 au·

497 1529 641 1590 ctorem
656 1499 851 1606 ,adbiberi
867 1501 1009 1605 debet,
1033 1527 1074 1587 et
1099 1499 1196 1584 male
1211 1500 1405 1617 cogitantis
1423 1498 1644 1618 pertinaciae
1659 1498 1828 1582 criminis
1841 1499 1936 1584 dela·-

499 1621 632 1724 tione,
647 1619 701 1704 uti
715 1619 892 1739 diximus,
908 1618 1037 1704 obsisti
1053 1649 1067 1704 t
1082 1620 1356 1733 atqueeodem
1373 1616 1522 1722 modo,
1541 1617 1575 1701 si·
1594 1616 1766 1703 conscius
1800 1615 1850 1700 ad
1878 1616 1933 1702 di·

327 1806 358 1854 ,n
366 1803 442 1863 epm.
458 1802 489 1851 ‚a
499 1740 663 1823 cendum
685 1735 944 1822 testimonium.
970 1736 1049 1850 iure
1078 1761 1249 1823 vocetur.
1278 1735 1381 1822 Nam
1411 1735 1575 1821 moribus
1600 1760 1666 1819 aut
1692 1735 1842 1850 legibus
1856 1731 1929 1818 olfi-

311 1867 453 1975 {3532}
463 1855 600 1982 {fciunt
612 1853 724 1939 ‘suum
741 1854 897 1939 obeunti
913 1855 1022 1968 judici
1036 1854 1244 1967 parendum
1260 1880 1344 1960 est,
1369 1881 1445 1938 nec
1471 1850 1728 1965 jusjurandum
1745 1850 1936 1938 uinculum

312 1999 338 2045 ⁴⁹
355 1981 422 2035 Μ
438 1995 489 2032 0‘1·
503 2003 582 2060 esse
596 1973 710 2057 debet
724 1971 956 2086 iniquitatis,
969 1994 1012 2055 ut
1027 1971 1078 2055 ait
1094 1970 1353 2086 Augustinus,
1376 1972 1426 2055 ad
1440 1966 1610 2055 fraudem
1621 1995 1692 2054 aut
1709 1968 1934 2082 iniustitiam,⁴

501 2120 573 2176 nec
588 2091 717 2173 obesse
728 2147 742 2193 ,
752 2118 837 2202 quo
850 2089 970 2172 minus
985 2114 1115 2174 sontes-
1126 2090 1298 2202 ,inquot
1310 2088 1387 2201 jure
1404 2087 1613 2202 inquiritur,
1630 2087 1794 2175 veritate
1810 2086 1933 2201 cogni·

502 2235 547 2292 ta
560 2206 800 2322 plectantur,
822 2208 930 2320 quod
951 2205 1108 2292 interest
1121 2205 1339 2318 reipublicae
1354 2206 1610 2321 ,qaue-longe
1628 2199 1867 2320 praeferenda
1879 2229 1937 2288 est

503 2327 680 2440 privatae.
706 2323 788 2410 Alia
801 2322 898 2408 ratio
915 2349 970 2409 est
985 2381 1005 2428 ,
1019 2323 1050 2407 si
1074 2350 1252 2407 arcanum
1269 2323 1317 2410 dt
1333 2321 1483 2408 crirnirre
1500 2324 1649 2438 penitus
1672 2324 1829 2407 occulto
1856 2318 1941 2405 lut·-

502 2444 550 2527 rit
556 2448 563 2491 ²
570 2443 807 2527 commissum
825 2499 842 2546 ,
866 2466 957 2526 tunc
973 2442 1073 2526 enim
1088 2469 1175 2525 cum
1192 2442 1246 2526 ad
1257 2441 1447 2527 rationem·
1456 2440 1614 2526 criminis
1630 2439 1772 2525 occulti
1787 2439 1932 2524 accedat

374 2637 376 2639 ,
503 2559 595 2645 fides
611 2560 699 2645 dan
722 2584 762 2644 et
793 2558 1070 2672 jusjurandum,
1097 2556 1217 2643 multo
1247 2559 1455 2675 diligentius
1469 2557 1739 2643 occultandum
1770 2583 1827 2641 est
1841 2584 1937 2640 arca·

505 2707 598 2761 num
615 2675 882 2781 commissum,
904 2700 944 2761 et
971 2674 1091 2788 iniqui⁸
1112 2676 1238 2789 julius
1262 2675 1462 2760 temeritati
1473 2737 1492 2780 ‚1
1506 2673 1837 2791 quemadmodum
1853 2673 1937 2760 dixi·

506 2824 612 2897 mus,
629 2793 898 2878 obsistendum.
927 2797 981 2879 Ut
998 2794 1108 2908 igitur
1124 2793 1257 2896 adid,
1274 2794 1376 2879 unde
1391 2823 1517 2879 sumus
1539 2791 1939 2910 dgressi·,rednmus‚.

483 2935 693 3026 gquantum
706 2910 879 3024 ponderis
894 2910 980 2994 huic
996 2909 1148 2998 Adriani
1166 2970 1178 3015 ,
1199 2912 1353 3023 Joamris
1369 2909 1551 3023 Maioris,
1574 2936 1613 2996 et
1628 2908 1792 2994 aliorum
1813 2935 1936 2994 recen-v

507 3029 601 3113 tium
627 3027 858 3113 minutorum
873 3028 1140 3144 theologorum
1156 3028 1357 3114 sententiae
1370 3028 1533 3113 tribuere
1548 3050 1724 3142 oporteat
1739 3057 1759 3132 ‚
1772 3027 1843 3140 qui
1851 3054 1940 3110 cumi

503 3174 718 3230 wceterorum
728 3144 1000 3259 antiquorum,
1032 3171 1115 3229 tum
1131 3145 1168 3228 in
1189 3146 1312 3259 primis
1337 3144 1491 3231 Henriti
1510 3144 1692 3230 Gandavi
1717 3143 1941 3230 auctoritate

509 3264 700 3368 nitentes,
726 3288 876 3348 tuenntr
893 3263 989 3347 hanc
1005 3263 1247 3368 doctrinam,
1269 3272 1293 3345 a
1314 3291 1393 3377 qua
1407 3287 1491 3348 tum
1513 3262 1577 3346 alii
1592 3259 1769 3378 theologi
1800 3286 1941 3348 vetera

509 3381 712 3465 abhorrent
726 3405 832 3483 ,rum
848 3379 1022 3495 inprimis
1046 3381 1253 3486 Henricus,
1270 3380 1345 3495 ipse
1359 3410 1429 3496 pro
1443 3405 1510 3465 tua
1523 3380 1720 3494 prudentia
1733 3379 1940 3464 considera.

567 3502 628 3582 lll.
688 3501 885 3582 Utanttm
907 3496 1088 3614 intelligas
1104 3495 1384 3612 quamdudum
1411 3497 1576 3612 coeperit
1590 3496 1820 3584 invalescere
1839 3523 1937 3580 com·

508 3614 1071 3731 mentum-istudtbeologotum
1085 3616 1135 3703 ad
1148 3617 1400 3703 excusandum
1415 3612 1755 3702 mendacitmlal'si
1777 3613 1939 3700 testism-

510 3732 559 3816 nii
575 3734 613 3817 in
628 3732 747 3817 aliem
774 3761 913 3837 musa,
936 3731 1096 3837 nullum,
1111 3756 1154 3817 ut
1169 3734 1340 3840 arbitror,
1360 3732 1633 3852 theologorum
1645 3730 1847 3838 investiet,
1878 3730 1947 3844 qui

509 3849 679 3936 ausussit
695 3851 772 3934 hoc
784 3846 928 3964 ,palam
945 3860 1155 3935 asseuenoe
1170 3856 1257 3935 ante
1281 3852 1499 3954 Gabrielem
1526 3850 1757 3968 theologum
1776 3848 1943 3937 doctissi-

510 3997 615 4053 mum
633 4030 645 4072 ,
660 3968 854 4080 aequalem
871 3964 1107 4082 pontificatus
1125 3967 1324 4055 Alexandri
1340 3972 1414 4054 Vl,
1427 3971 1494 4085 qui
1510 3997 1548 4057 tt
1560 3970 1653 4085 ipse,
1666 3968 1943 4084 explicata-Sco·

509 4084 543 4171 ti
565 4085 745 4175 sententia
769 4086 818 4172 de
839 4114 905 4171 reo
922 4082 1195 4170 sttumerimen
1220 4084 1410 4171 occultum
1428 4087 1667 4202 simpliciter,
1680 4088 1768 4174 *sed
1789 4081 1941 4171 artificio

509 4201 574 4287 illo
589 4202 730 4293 mentis
738 4201 924 4318 inficiante
937 4263 955 4308 ,.
964 4227 1081 4318 negat
1099 4201 1204 4285 illum
1218 4203 1763 4320 possemendacituneffirgett
1789 4266 1806 4310 ,
1829 4203 1946 4289 saltim

510 4316 719 4407 officiosum
737 4381 749 4426 ,
774 4349 817 4406 ac
833 4319 989 4435 proinde
1002 4344 1222 4433 peccatum:
1250 4320 1354 4431 cujus
1369 4350 1525 4408 causam
1537 4321 1703 4407 reddens
1714 4321 1835 4436 paulo
1850 4345 1944 4436 post·

510 4437 618 4546 Quia
632 4441 757 4521 verba*
769 4499 784 4543 ,
796 4438 941 4554 inquit,
956 4441 1042 4547 ejus
1053 4446 1289 4548 accipiuntur
1303 4456 1345 4523 ut
1359 4456 1509 4546 sonant,
1521 4443 1775 4525 etsecmdum
1792 4445 1941 4524 comm

509 4580 589 4640 rtem
603 4563 882 4664 intelligentiam
898 4616 917 4662 ,
943 4563 1140 4640 meandum
1151 4572 1259 4665 qrram
1275 4574 1444 4642 nonsart
1460 4587 1574 4643 vera.
1597 4556 1736 4655 Quod
1760 4556 1798 4642 si.
1816 4585 1944 4645 vetum

507 4698 567 4761 est
579 4673 690 4759 etiam
707 4700 802 4760 tunt.
814 4703 928 4779 ,eum
944 4672 1189 4760 crinen-:teus
1202 4674 1383 4761 inficiatur
1400 4707 1478 4763 non
1491 4676 1665 4790 juratus,
1684 4675 1834 4763 nullam
1852 4677 1947 4764 enim

507 4792 570 4880 vel
583 4792 669 4897 hie,
693 4790 758 4879 vel
769 4792 1147 4881 Scotusmentionem
1162 4789 1249 4879 facit
1259 4794 1489 4907 jurisjurandi
1507 4858 1525 4900 ,.
1536 4794 1701 4882 dubitati
1715 4825 1799 4881 non
1818 4798 1946 4902 debet,-

507 4908 691 5024 quiahoc
704 4923 858 5003 auctore
870 4909 942 5020 ,ti
965 4910 1048 5029 quit
1063 4911 1214 5033 „obsera
1227 4911 1294 5002 sibi
1319 4915 1619 5034 ueie4in'tentunt
1638 4912 1947 5038 {instruntgett

574 5090 576 5101 ·
1925 5061 1954 5120 n
