4006 5850
409 420 410 424 ,
481 374 551 446 442
822 353 891 426 DE
914 351 1034 428 RITU
1059 351 1198 426 NUPT.
1223 348 1292 431 ET
1316 359 1513 432 DISPENS.

462 481 572 600 quale
587 477 699 566 illud:
730 475 842 588 ,Quae
856 496 942 566 sunt
957 484 1072 564 eidem
1093 487 1292 588 aequalia,
1316 509 1363 568 ea
1390 491 1548 569 itter'se
1564 507 1702 592 qaoque
1721 491 1903 593 aequabo

465 615 580 685 suns:
603 598 774 684 etitem:
803 599 850 682 St
865 603 914 683 ab
941 598 1343 708 aequalibts‘aeqnalin
1370 605 1526 707 demas,
1554 629 1649 711 quae
1681 619 1904 714 supersunt,

469 733 556 813 sunt
569 723 762 824 aqualia:
785 718 834 803 sic
848 718 982 831 essein
1008 719 1118 807 rebus
1143 719 1296 834 agendis
1314 719 1500 834 quasdam
1517 747 1674 809 natutae
1689 723 1908 808 oertissimas

471 834 898 952 notissimasqueleges,
922 865 1022 952 quae
1046 836 1187 925 nullam
1213 866 1337 953 neque
1361 834 1638 925 dubitationem
1675 868 1805 954 neque
1824 868 1908 926 cor·

473 955 677 1044 tectionem
694 955 895 1041 admittant
912 985 921 1039 :
944 955 1156 1069 cujusmodi
1171 981 1226 1044 est
1241 955 1300 1040 illa
1317 984 1328 1039 ι
1345 957 1460 1041 Omne
1475 959 1676 1045 detumeat
1696 963 1904 1068 petendum,

409 1162 411 1167 ,
473 1100 574 1164 smne
590 1081 722 1159 malum
730 1071 978 1183 fhgiendnm:
996 1096 1035 1161 et
1049 1072 1206 1188 quaead
1220 1073 1318 1160 hanc
1333 1072 1501 1210 proxime
1515 1076 1681 1163 accedit:
1699 1076 1837 1163 Virtus
1853 1101 1907 1159 co·

473 1195 581 1278 lenda
593 1208 678 1302 est
692 1201 831 1276 uitium
846 1207 977 1278 contra
991 1194 1269 1300 repudiandum.
1285 1190 1419 1307 thue
1435 1191 1622 1281 adamata
1636 1220 1816 1308 principia
1828 1216 1910 1279 sunt

474 1309 707 1426 reliquorum
732 1310 823 1395 illius
839 1338 982 1444 genens
994 1309 1298 1417 theorematum,
1322 1310 1397 1397 hoc
1413 1334 1468 1396 est
1484 1336 1840 1429 ,praeceptorum‚
1866 1309 1910 1396 sic

466 1427 579 1545 ‚leges
599 1428 812 1542 hujusmodi
826 1457 932 1543 quast
920 1423 1081 1512 fontes
1096 1452 1136 1521 et
1149 1429 1270 1543 capita
1284 1455 1361 1515 esse
1378 1428 1665 1532 ,undecererae
1685 1422 1911 1515 naturtele·

477 1575 547 1663 ges
565 1547 795 1635 derivantur.
822 1544 928 1631 Sed
917 1556 1092 1650 ιιιιιιιιι,
1117 1546 1260 1660 quod
1251 1574 1289 1630 ιιι
1309 1545 1542 1633 mathematis
1556 1571 1601 1632 ut
1625 1545 1846 1681 principia,
1868 1546 1913 1649 sic

478 1688 618 1769 cetera,
633 1693 732 1781 quae
747 1663 821 1750 ab
812 1664 893 1778 tpsis
908 1690 1131 1749 emanarunt
1146 1665 1400 1779 ,sempiterna
1414 1688 1502 1750 sunt
1517 1688 1555 1751 et
1570 1665 1776 1751 necessaria
1793 1607 1910 1778 ,leges

480 1806 637 1869 naturae
652 1812 733 1869 non
754 1810 885 1868 omnes
903 1781 1044 1867 habent
1059 1809 1142 1866 eam
1155 1777 1381 1869 firmitatem.
1409 1780 1506 1869 lilud
1529 1807 1658 1868 tamen
1684 1805 1743 1868 est
1759 1780 1910 1897 persimi-

480 1899 547 1988 le
534 1961 547 2007 ,
562 1900 670 2016 quod
685 1900 886 2035 utrobique
901 1897 1075 2035 principia
1088 1898 1286 1985 certissima
1300 1922 1440 1985 suntet
1461 1900 1681 2015 perspicua,
1709 1925 1750 1986 et
1765 1899 1912 1985 obeam

481 2046 564 2105 tem
580 2018 819 2133 ponendam
852 2016 1222 2153 ratiocinationibus,
1246 2047 1327 2102 non
1343 2017 1455 2103 enam
1482 2015 1782 2123 confirmanda,
1798 2040 1914 2102 cetera

487 2162 582 2222 veto
598 2137 719 2222 minus
740 2135 880 2222 habent
894 2134 957 2222 vel
979 2134 1268 2250 perspicuitatis,
1290 2134 1353 2223 vel
1375 2135 1488 2220 etiam
1512 2134 1743 2222 certitudinis
1769 2159 1809 2220 et
1826 2161 1913 2218 con·

486 2253 668 2340 mannae:
685 2282 851 2369 quo,
779 2250 823 2338 fit
868 2277 912 2340 ut
926 2253 965 2339 in
987 2254 1054 2337 has
1079 2254 1258 2339 secundas
1275 2278 1428 2339 naturae
1442 2254 1549 2389 leges
1563 2252 1707 2369 aliquid
1730 2249 1911 2384 pontifici·

477 2370 586 2482 bus,
610 2371 935 2487 quemadmodum
957 2371 1219 2509 exposuimus,
1247 2370 1374 2475 liceat,
1398 2369 1562 2487 primas,
1593 2399 1694 2486 quae
1712 2399 1762 2456 ne
1787 2365 1914 2454 mutari

485 2487 641 2603 quidem
656 2513 811 2605 possunt
825 2489 904 2576 ullo
919 2490 1069 2593 modo,
1088 2489 1270 2605 attingere
1286 2484 1388 2576 nefas
1412 2518 1488 2576 esse
1513 2513 1681 2604 putetur.
1714 2489 1792 2575 Sed
1809 2486 1856 2573 de
1870 2485 1912 2571 le·

474 2633 536 2725 -ge
550 2608 829 2693 naturalitatis·
852 2607 926 2740 iam
941 2606 991 2693 ad
1008 2606 1173 2693 divinam
1188 2630 1432 2693 nauseamus

547 2727 647 2810 XIII.
704 2724 909 2812 Divinum
901 2746 957 2837 pus
971 2752 1048 2810 esse
1075 2725 1259 2830 ιιιιιιιιιιιι,
1283 2724 1393 2840 quod
1417 2723 1588 2840 legbus
1573 2751 1617 2809 ac
1634 2724 1841 2859 praeceptis
1860 2753 1915 2810 sa·

488 2868 635 2940 eratum
648 2845 911 2958 scripturatum
926 2866 1079 2955 auctore
1093 2849 1180 2930 Deo
1192 2867 1417 2928 coronetur
1440 2843 1565 2937 Quod
1578 2843 1662 2929 licet
1690 2842 1914 2930 verissimum

490 2956 554 3044 sit
562 2960 679 3073 (nam
696 2985 742 3045 ut
745 2960 850 3095 leges
864 2959 1010 3046 Solonis
1025 2956 1159 3078 ,leges
1174 2960 1337 3096 Lycurgi
1365 2956 1564 3065 dicuntur,
1596 2989 1691 3075 quas
1722 2960 1784 3044 hic
1806 2964 1916 3045 Lace·

475 3075 727 3185 daemoniis,
743 3077 802 3165 ille
817 3075 922 3166 dedit
945 3077 1260 3185 Atheniensibus,
1285 3080 1335 3164 sic
1348 3075 1447 3194 leges
1469 3077 1644 3184 divinae,
1679 3105 1783 3192 quae
1798 3108 1821 3162 a
1834 3082 1915 3162 Deo

492 3192 590 3282 latae
612 3220 727 3302 sunt,
755 3221 797 3282 et
828 3204 1079 3311 unaquaeque
1105 3224 1292 3282 nomena
1318 3225 1375 3283 sut
1362 3195 1518 3281 latore
1538 3193 1771 3309 mutuatur)
1799 3221 1916 3328 tamen

494 3339 575 3398 non
590 3343 721 3398 omnes
750 3313 896 3399 divinae
924 3314 958 3398 le
985 3341 1024 3399 es
1039 3344 1120 3400 uno
1146 3341 1282 3448 genere
1313 3314 1577 3400 continentur:
1603 3313 1797 3428 quaedam
1828 3311 1918 3398 enim

492 3455 581 3516 sunt
597 3489 612 3536 ,
626 3458 725 3546 quae
745 3430 829 3516 licet
857 3461 937 3516 non
960 3344 1112 3517 bissem
1140 3430 1246 3516 sacris
1275 3430 1401 3517 litteris
1426 3431 1583 3518 traditae
1600 3489 1614 3537 ,
1629 3431 1786 3544 abipsa
1801 3455 1918 3515 tamnu

492 3557 626 3634 natura
636 3548 868 3635 dictarentur
891 3548 1128 3635 hominibus:
1154 3549 1244 3634 aliae
1260 3610 1272 3653 ,
1295 3577 1390 3663 quas
1406 3578 1452 3634 ex
1468 3547 1748 3636 hismortalium
1769 3574 1918 3664 quoque

490 3665 688 3780 prudentia
702 3667 936 3773 deduxisset,
952 3658 1002 3752 ad
1018 3666 1311 3781 reipublicaeque
1326 3666 1486 3753 salutem
1502 3665 1760 3783 excogitasset.
1793 3669 1922 3752 Homo

494 3784 595 3869 entim
615 3809 749 3870 natura
776 3784 923 3872 civilis
917 3795 972 3870 est
990 3810 1144 3900 ,atque
1171 3784 1369 3870 hominum
1386 3785 1645 3891 communio,
1670 3813 1775 3900 quae
1805 3782 1923 3870 cinea

494 3902 729 4016 appellatur,
754 3927 932 3989 nontam
960 3903 1158 3988 voluntate
1175 3964 1188 4009 ‚
1218 3930 1335 4016 quam
1352 3903 1566 3989 necessitate
1580 3927 1737 3988 naturae
1754 3899 1919 4033 comittit.

436 4082 440 4088 -
492 4021 719 4107 Necessitate
735 4020 834 4105 enim
850 4019 1050 4126 homines,
1075 4050 1162 4105 cum
1177 4020 1287 4105 rebus
1313 4019 1476 4135 plurimis
1491 4021 1713 4155 indigeant,
1738 4048 1827 4138 quas
1854 4016 1925 4103 sin·

492 4139 571 4255 guli
585 4139 651 4225 sibi
666 4142 859 4253 praestare
866 4164 1085 4253 nequeant,
1103 4140 1143 4223 ιιι
1160 4139 1286 4224 locum
1302 4168 1422 4224 unum
1438 4137 1700 4244 conveniunt,
1724 4163 1778 4225 ιιι
1792 4135 1925 4222 mutuis

493 4258 615 4371 operis
639 4282 753 4372 atque
771 4255 899 4342 officiis
916 4256 1033 4369 adjuti
1050 4286 1108 4342 res
1133 4257 1183 4342 ad
1211 4256 1328 4342 vitam
1359 4259 1573 4374 degendam
1590 4280 1629 4342 et
1657 4256 1879 4344 necessarias
1893 4278 1925 4339 et

493 4373 714 4459 commodas
730 4376 920 4481 habeant,
947 4402 991 4460 ut
1006 4404 1093 4490 apes
1124 4375 1174 4461 ad
1198 4370 1327 4461 favum
1346 4374 1646 4482 conficiendum,
1664 4399 1706 4462 et
1738 4370 1924 4462 communi

492 4518 609 4606 opera
634 4520 876 4578 communem
902 4493 1026 4577 cibum
1053 4551 1068 4596 ,
1073 4522 1165 4627 qur
1153 4490 1349 4608 singulis
1359 4493 1461 4578 nulla
1487 4493 1653 4580 ratione
1661 4495 1923 4611 contingeret,

432 4646 435 4649 *
490 4610 798 4724 comparandum.
822 4610 1042 4704 Quoniam
1034 4610 1195 4744 rgiturin
1213 4635 1317 4696 tanta
1334 4640 1485 4695 morum
1505 4612 1717 4725 corruptela
1735 4639 1828 4727 post
1852 4636 1925 4743 pec·

490 4753 617 4813 catum
633 4729 837 4842 primorum
854 4728 1084 4832 hominum,
1100 4727 1166 4812 nist
1156 4727 1282 4844 'leges
1299 4729 1423 4815 adsint
1447 4728 1613 4815 vindices
1637 4726 1919 4837 malorum,ci·

476 4846 644 4934 >vitatem
673 4841 884 4976 labefactari
899 4874 1045 4933 necesse
1059 4847 1132 4956 sit,
1156 4874 1256 4963 quae
1273 4871 1467 4964 tamquam
1480 4876 1604 4964 equus
1638 4847 1830 4980 habenis,
1861 4876 1924 4933 na·

1878 4963 1925 5054 vis
