4034 5858
519 365 588 462 ³44·
930 356 1182 436 nnorocm
1213 364 1310 434 nno
1340 355 1493 439 nrnno'

496 470 709 577 suetudinis
721 491 893 575 obdurari
915 492 968 571 ad
981 493 1246 601 capessendam
1272 498 1377 575 viam
1404 498 1539 576 salutis
1564 497 1721 603 pigmus
1747 487 1940 580 movereri-

486 628 581 696 tur:
617 612 752 728 quibus
782 609 891 725 plane
919 608 1032 693 docet
1057 608 1289 724 Augustinus
1315 640 1396 696 non
1414 610 1585 697 doctrina
1602 614 1722 699 modo
1740 614 1939 730 agendum

487 756 598 836 esse,
624 731 688 816 scd
716 730 795 838 vim
820 726 932 812 ctiam
948 725 1203 835 salutiferam,
1228 758 1327 845 quae
1342 728 1444 815 viam
1470 730 1663 816 doctrinae
1690 731 1865 836 muniat,
1882 735 1939 820 ad·

487 849 711 934 hibendum.
744 846 815 931 His
847 847 957 932 rebus
985 845 1197 964 explicatis,
1218 873 1415 963 superest,
1445 873 1488 933 ut
1519 848 1570 934 ad
1602 848 1750 962 objecta
1784 879 1938 965 respon·

319 1099 470 1160 Responde·
485 967 659 1170 dealilii..
716 1084 961 1193 Adprr‘mum
978 1093 1099 1194 igitur
1115 1089 1334 1196 respondeo:
1367 1083 1500 1192 Bello,
1522 1083 1633 1202 quod
1656 1085 1864 1173 idololatris
1876 1089 1931 1174 in·

294 1169 335 1207 tur
354 1161 385 1208 ad
401 1173 470 1217 argu·

292 1219 469 1328 pgptagpfflg
482 1200 626 1312 fertur,
648 1233 727 1290 non
744 1227 822 1287 tam
838 1202 1038 1288 hominum
1053 1222 1170 1317 quam
1184 1207 1256 1289 Dei
1272 1203 1448 1318 injurias,
1480 1234 1579 1320 quae
1604 1205 1727 1290 multo
1744 1207 1932 1322 graviores

292 1294 600 1450 ggsslgessesum,
631 1322 838 1424 vindicam
870 1345 909 1407 a
934 1321 1100 1437 aloquin
1128 1322 1297 1434 mjuriam
1329 1321 1439 1407 infert
1465 1323 1706 1438 postulanti,
1739 1325 1810 1439 qu
1843 1325 1932 1438 jasa

319 1411 328 1458 ³
417 1433 423 1448 ’
481 1441 671 1557 postulata
687 1469 768 1526 non
784 1436 897 1545 facit,
925 1465 964 1527 et
993 1441 1059 1557 qui
1076 1469 1203 1554 parere
1228 1438 1331 1526 alteri
1354 1440 1493 1546 debet,
1519 1440 1546 1524 is
1563 1503 1575 1546 ‚
1590 1439 1619 1525 si
1633 1442 1857 1529 admonitus
1872 1446 1933 1530 im·

481 1562 628 1676 perium
655 1581 826 1663 rccuset,
855 1558 1050 1673 injuriosus
1080 1584 1171 1661 est3
1201 1584 1244 1644 ut
1274 1583 1452 1673 appareat
1496 1558 1572 1642 hoc
1615 1558 1714 1644 bello
1749 1557 1934 1649 humanas

481 1707 652 1794 quoquc,
670 1707 752 1763 non
767 1674 889 1762 solum
913 1677 1056 1764 divinas
1080 1674 1226 1784 injurias
1243 1674 1442 1763 vindicari:
1470 1704 1558 1760 nam
1574 1703 1644 1760 nec
1661 1675 1844 1789 injustum
1859 1680 1932 1765 bel·

482 1793 736 1902 lum-inferre,
765 1823 835 1879 nec
851 1795 989 1904 iustum
1014 1794 1185 1899 illatum,
1213 1793 1241 1879 si
1266 1794 1335 1880 rite
1351 1790 1461 1878 fucrit
1491 1793 1709 1899 indictum,
1743 1797 1930 1911 propulsa·

479 1942 521 2000 re
549 1914 632 2001 licet
647 1915 725 2000 sine
751 1913 911 2025 injuria,
936 1943 1017 1998 non
1033 1913 1130 1997 enim
1146 1914 1267 1998 solum
1297 1911 1566 1998 contumeliam
1582 1908 1743 2019 inferre,
1776 1916 1845 2002 scd
1874 1940 1930 2003 ut·

478 2060 644 2148 cumque
661 2032 792 2145 iniuste
809 2031 847 2116 in
873 2060 1104 2147 quemquam
1122 2029 1242 2118 facere
1257 2032 1385 2145 injuria
1411 2055 1486 2116 est.

480 2182 484 2188 ·
541 2155 647 2236 XX,
691 2154 762 2235 Ad
775 2158 994 2235 secundum:
1026 2149 1175 2255 fateor,
1196 2152 1384 2236 neminem
1402 2179 1479 2236 esse
1502 2151 1552 2236 ad
1566 2147 1683 2236 fidem
1697 2153 1932 2268 cogendum,

481 2293 526 2355 ut
539 2270 676 2357 invitus
694 2270 822 2355 credat
836 2283 852 2375 ',
877 2271 1013 2358 invitus
1038 2268 1277 2383 baptizetur,
1311 2294 1355 2354 ut
1377 2269 1507 2383 poenis
1532 2292 1600 2355 aut
1628 2294 1733 2353 metu
1755 2270 1932 2358 Christia-

481 2416 552 2473 nus
567 2386 644 2473 ficri
660 2388 905 2503 compellatur
920 2450 933 2493 ,
959 2417 1058 2501 quae
1069 2418 1223 2474 summa
1249 2412 1304 2473 est
1320 2388 1557 2503 decretorum
1574 2411 1614 2472 et
1629 2386 1934 2478 testimoniorum

481 2505 737 2620 objectorum.
785 2513 892 2592 Esset
919 2507 1020 2591 enim
1044 2507 1099 2592 vis
1130 2506 1264 2590 inutilis
1299 2529 1337 2590 et
1364 2504 1461 2590 irrita
1488 2533 1639 2619 opera,
1665 2534 1756 2590 nam
1781 2507 1933 2594 credere

481 2625 686 2711 voluntatis
717 2649 814 2731 est,
849 2653 948 2740 quae
973 2625 1060 2742 cogi
1094 2617 1571 2738 nonpotcst.'1dolorum
1606 2647 1737 2713 autem
1768 2626 1930 2713 cultores

481 2742 780 2828 Christianorum
799 2743 953 2856 imperio
983 2742 1187 2854 subjicere,
1210 2768 1253 2827 ut
1281 2739 1399 2854 impiis
1424 2742 1550 2827 ritibus
1568 2741 1785 2847 abstinete,
1815 2769 1855 2829 et
1883 2745 1934 2829 lc·

481 2891 570 2977 gem
587 2887 742 2947 naturae
759 2888 905 2948 servare
923 2923 935 2968 ,
966 2863 1200 2978 evangelicos
1216 2857 1487 2976 praedicatores
1507 2859 1659 2944 sublatis
1682 2859 1930 2973 impedimen-

481 2981 526 3064 tis
543 2981 668 3066 audire
683 3001 897 3095 cogantur,
926 2979 1065 3091 justum
1081 3005 1136 3065 cst
1167 3009 1211 3065 ac
1233 2979 1366 3094 pium,
1399 3000 1439 3063 et
1465 2977 1513 3062 ab
1539 2976 1690 3063 ecclesia
1715 2981 1934 3093 comproba·

481 3122 563 3182 tum
579 3123 618 3185 et
634 3095 773 3184 factum
790 3098 1012 3183 eorumdem
1030 3127 1220 3183 sacrorum
1247 3103 1463 3182 Doctorum
1489 3094 1704 3180 testimonio
1730 3097 1934 3212 Augustini

484 3247 552 3324 23.
569 3248 608 3332 q.
628 3250 668 3324 4.
683 3247 715 3303 c.
733 3244 801 3300 ron
816 3225 1031 3322 invenitur,
1058 3221 1222 3334 Gregot.
1236 3214 1275 3300 in
1291 3213 1446 3330 epistola
1466 3214 1517 3301 ad
1535 3211 1804 3322 Aldibertum,
1833 3243 1927 3333 quac

484 3358 539 3419 cst
562 3333 622 3422 lib.
643 3366 680 3447 9.
704 3336 949 3451 sexagesima.
1592 3404 1596 3409 ,

547 3454 653 3539 XXI.
730 3459 801 3538 Ae
819 3460 998 3540 tertium:
1029 3453 1166 3542 Christi
1191 3451 1288 3543 facta
1317 3457 1394 3544 sive
1419 3457 1609 3562 actiones,
1638 3456 1666 3543 si
1701 3485 1928 3572 possumus,

480 3570 612 3657 imitari
628 3570 682 3657 fas
697 3597 751 3659 est
777 3598 816 3657 et
838 3573 967 3685 pium,
991 3575 1057 3660 scd
1085 3575 1157 3683 ita,
1189 3576 1254 3661 nisi
1282 3575 1452 3661 Christus
1478 3576 1581 3661 aliter
1597 3576 1746 3660 statuat.
1781 3577 1930 3670 Quam·

480 3718 597 3804 quam
630 3690 743 3806 igitur
773 3689 951 3778 'Christus
992 3691 1137 3777 nullum
1176 3723 1246 3780 nec
1277 3723 1468 3811 paganum
1513 3721 1583 3778 nec
1615 3692 1848 3778 haereticum
1882 3690 1929 3777 ad

479 3809 607 3920 epulas
624 3807 881 3927 evangelicas,
914 3809 990 3894 hoc
1003 3835 1081 3916 est,
1100 3813 1150 3897 ad
1166 3809 1280 3898 fidem
1304 3812 1488 3926 compulit
1505 3871 1519 3915 ,
1536 3840 1605 3896 nec
1623 3810 1725 3926 ipse,
1743 3840 1814 3895 nec
1830 3814 1930 3924 Apo·

480 3925 564 4010 stoli
578 3955 590 4029 3
622 3925 722 4013 idem
738 3952 865 4013 tamen
882 3989 894 4032 ,
927 3954 1014 4013 cum
1031 3934 1180 4047 Regum
1196 3959 1239 4015 ac
1267 3930 1480 4045 Principum
1495 3928 1795 4015 Christianorum
1816 3925 1928 4010 facul-
1963 3999 1966 4003 .

479 4067 536 4130 tas
552 4073 670 4152 essct,
698 4070 750 4132 ut·
760 4069 940 4163 utrosque
958 4108 970 4151 ‚
997 4075 1073 4163 qua
1099 4048 1242 4134 ratione
1258 4048 1441 4153 diximus,
1473 4046 1778 4162 compelleremus
1794 4105 1806 4148 ‚
1821 4073 1931 4159 prae·

480 4162 579 4277 cepit
603 4164 640 4248 in
664 4165 880 4281 evangelica
910 4165 1117 4278 parabola,
1151 4192 1195 4253 ut
1224 4166 1456 4283 Augustinus
1486 4227 1499 4271 ,
1532 4164 1753 4251 Ambrosius
1783 4167 1931 4280 Grego-

480 4280 628 4398 riusque
642 4309 866 4397 exponunt,
896 4309 936 4369 et
963 4284 1016 4368 ita
1039 4279 1258 4369 factumest
1280 4285 1330 4368 ab
1353 4283 1514 4371 Ecclesia
1546 4309 1719 4397 tempore
1746 4286 1931 4369 Constan-

416 4476 418 4481 ,
479 4397 574 4505 tini,
605 4401 694 4486 item
719 4401 932 4504 Gennadii,
959 4401 1062 4516 cujus
1077 4402 1173 4486 bella
1198 4403 1406 4519 Gregorius
1430 4401 1588 4486 maxime
1609 4401 1770 4507 laudat,
1801 4425 1848 4486 ut
1875 4431 1929 4486 su·

481 4547 548 4632 pra
563 4519 876 4608 memoravimus.
909 4522 1022 4604 Hanc
1046 4521 1193 4605 tertiam
1224 4521 1474 4632 objectionem
1502 4519 1772 4606 accuratissime
1798 4516 1929 4606 confir·

480 4652 536 4723 tat
554 4637 786 4755 Augustinus
802 4638 841 4721 in
868 4637 1022 4751 epistola
1045 4667 1108 4745 50.
1127 4664 1296 4754 quaeest
1318 4640 1369 4726 ad
1396 4633 1658 4724 Bonifacium.
1692 4639 1783 4720 Nora
1812 4645 1930 4724 corsi·

482 4759 640 4860 deraret,
660 4756 781 4872 inquit
796 4818 808 4864 ,
824 4760 929 4840 aliud
952 4754 1175 4860 tunefuisse
1190 4773 1335 4866 tempus
1364 4815 1378 4862 ,
1404 4774 1441 4840 et
1456 4765 1575 4843 omnia
1594 4765 1678 4839 suis
1700 4758 1931 4865 responsas

484 4884 563 4986 agi.
580 4876 684 4988 Quis
700 4884 795 4961 enim
811 4890 899 4961 tunc
913 4880 952 4962 r‘n
969 4873 1159 4963 Christum
1173 4880 1387 4964 crediderat
1402 4875 1671 4989 Imperatorum
1685 4934 1700 4984 ,
1713 4879 1790 4962 dec.
1807 4873 1931 4976 Quod

500 5046 502 5051 ,
523 5048 528 5054 ,
549 5043 550 5050 r
1344 5044 1347 5052 ,
1883 5021 1938 5083 “q
