4050 5858
589 394 889 470 ‘traua
938 395 966 464 1.
1456 416 1528 490 235

100 524 221 618 'Certe
235 519 407 630 Paulus,
416 545 461 611 ut
486 545 596 636 turpe
612 518 697 606 viris
712 549 789 609 esse
805 520 960 607 doceret
987 545 1136 606 comam
1152 545 1324 638 gestare,
1341 518 1431 610 nihil
1452 526 1587 615 aliudr.
1596 559 1687 612 ιιιι
1661 569 1740 619 ιιι

97 675 219 762 quarn
245 671 399 737 naturae
422 644 543 756 legem
569 639 620 726 ad
636 638 852 728 Corinthios
875 639 1036 726 scribens
1050 638 1247 757 allegavit:
1266 666 1305 727 et
1324 643 1362 728 in
1378 644 1546 759 epistola,

41 792 218 879 :quae
231 766 353 851 estad
376 766 599 864 Romanos,
615 782 765 845 tantum
795 758 923 847 tribuit
940 782 1098 845 naturae
1120 760 1262 875 legibus
1278 789 1353 866 ,ut
1380 763 1418 848 in
1434 765 1485 850 eis
1500 767 1549 853 ad

96 883 198 969 bene
225 906 428 997 sancteque
453 877 659 964 vivendum
691 878 865 995 gentibus
889 879 972 994 lege
996 879 1213 964 vacantibus
1245 880 1329 965 satis
1353 881 1451 967 dicat
1473 913 1550 970 esse

90 1001 297 1114 praesidii,
316 1025 361 1085 ut
385 1020 562 1111 appareat
591 1021 745 1081 naturae
772 998 873 1131 leges
901 1000 1041 1112 absque
1068 998 1245 1112 temporis
1274 999 1549 1090 discriminedi·

90 1118 193 1205 vitris
209 1149 287 1204 esse
311 1113 633 1203 annumerandas:
650 1114 750 1248 leges
773 1117 873 1200 enim
895 1141 1053 1200 naturae
1077 1141 1274 1231 tamquam
1291 1117 1370 1201 ab
1360 1145 1549 1206 rmmotta·

90 1234 127 1320 ti
153 1237 274 1353 capite
299 1233 481 1369 fonteque
511 1234 664 1346 perenni
693 1262 846 1318 manare
873 1257 1022 1318 constat
1054 1236 1103 1320 ab
1128 1258 1280 1320 aeterna
1302 1233 1384 1351 lege
1400 1298 1412 1342 ,
1428 1267 1546 1352 quam

100 1354 344 1485 Augustinus
360 1353 433 1438 Dei
460 1352 695 1447 uoluntatem
721 1379 797 1437 esse
830 1349 960 1437 delinit
973 1412 986 1456 ,
1001 1378 1100 1467 quae
1131 1352 1305 1441 ordinem
1335 1357 1545 1442 naturalem
1559 1390 1633 1439 ιιιι
1636 1393 1735 1442 ιιι·

99 1500 312 1560 conservarr
302 1471 486 1583 jubeat,
503 1494 712 1588 contraque
739 1495 843 1558 vetet
873 1471 1103 1585 perturbari.
1151 1477 1259 1555 Lnor.
1299 1474 1469 1559 Naturae
1493 1455 1609 1559 le·⁶“'

99 1618 166 1705 ges
183 1651 195 1694 ,
212 1595 486 1691 Democrates,
497 1587 610 1672 nullis
632 1616 757 1703 neque
778 1587 910 1674 divinis
939 1614 1064 1703 neque
1095 1587 1300 1672 humanis
1290 1592 1459 1677 rnstitutis
1475 1593 1541 1677 ab

97 1709 230 1842 rogari
257 1737 395 1823 posse,
412 1706 497 1790 satis
514 1729 608 1790 esta
633 1733 699 1812 te,
717 1734 780 1790 me
805 1705 896 1790 nihil
918 1703 1129 1823 refragante
1145 1765 1158 1812 ,
1174 1693 1434 1793 declaratum.
1468 1710 1544 1798 Sed

100 1824 216 1912 video
237 1853 313 1910 nos
333 1854 357 1908 a
381 1822 576 1938 proposito
602 1823 676 1935 jam
693 1822 840 1909 dudum
865 1824 1058 1908 aberrare:
1076 1851 1203 1909 utntm
1225 1824 1366 1909 bellum
1400 1855 1542 1941 gerere,

100 1941 210 2056 quod
228 1942 319 2028 mihi
339 1970 421 2026 non
436 1941 584 2029 videtur
597 2001 610 2045 ,
625 1939 887 2026 Christianis
862 1967 907 2027 ιιι
922 1940 1160 2056 permissum,
1175 1943 1479 2078 quaerebamus5
1495 1969 1540 2031 tu

100 2060 227 2144 nescio
253 2088 335 2176 quo
357 2084 469 2174 pacto
497 2086 707 2143 sermonem
730 2059 782 2144 ad
804 2083 960 2146 natutae
980 2060 1079 2175 leges
1107 2059 1416 2146 avertisti.-

163 2180 217 2262 Χ
293 2182 393 2261 Dm.
420 2176 544 2293 Age
534 2176 671 2292 rgitur,
688 2174 906 2292 Leopolde,
924 2177 1065 2293 explica
1090 2176 1226 2284 nobis,
1243 2203 1371 2264 utrum
1397 2178 1538 2267 bellum

97 2293 255 2410 aliquod
283 2295 379 2381 duce
403 2321 539 2379 natura
568 2294 698 2409 suscipi
720 2319 860 2429 putet,
878 2323 926 2379 an
950 2321 1081 2380 secus
1107 2293 1245 2406 etjam
1260 2296 1428 2397 videbis,
1445 2297 1537 2383 nihil
1594 2355 1598 2369 ·

99 2439 171 2496 nos
193 2442 216 2495 a
240 2441 357 2527 scopo
371 2411 588 2500 declinasse:
620 2412 648 2496 si
671 2413 770 2498 enim
792 2412 882 2497 illud
898 2409 1039 2497 dederis
1057 2468 1069 2518 ,
1085 2436 1125 2497 et
1139 2435 1311 2497 constare
1336 2363 1445 2498 nobis
1462 2445 1536 2500 vo·
1670 2515 1672 2519 Α

98 2527 272 2616 luetimus
287 2589 301 2636 ,
316 2561 394 2646 qua
411 2529 556 2615 ratione
571 2529 722 2640 Judaeis
738 2585 752 2634 ,
768 2531 901 2615 eadem
920 2529 1033 2614 etiam
1058 2529 1275 2615 Christianis
1303 2529 1439 2615 bellare
1456 2559 1537 2644 per

101 2646 253 2732 missum
269 2677 344 2734 esse
368 2646 697 2734 confitebimur:
671 2677 726 2732 sm
745 2648 848 2733 aliter
863 2704 875 2753 ,
889 2645 1012 2762 aliqua
1027 2672 1154 2733 tamen
1170 2639 1416 2734 fundamenta
1431 2677 1532 2764 supe·

77 2761 198 2850 tiore
222 2793 393 2852 sermone
414 2765 508 2876 jacta
528 2761 691 2871 ιιιιιιιιι,
707 2765 759 2850 ad
792 2766 1022 2879 propositam
1046 2763 1324 2880 quaestionem
1334 2764 1537 2879 dijudican·
1644 2794 1652 2799 ·

99 2881 212 2967 dam.
252 2882 368 2968 Leon.
405 2883 503 2968 Mihi
531 2911 624 2969 vero
656 2883 771 2998 longe
799 2882 903 2967 aliter
929 2882 1106 2986 videtur,
1130 2880 1264 2966 bella
1255 2880 1360 2966 mitio
1391 2906 1537 2995 praeter

97 3023 273 3084 naturam
298 3001 347 3083 ab
378 2998 601 3085 immanibus
632 2999 873 3104 hominibus,
907 3023 947 3084 et
974 3023 1074 3084 certe
1099 2998 1204 3082 ab
1181 3027 1220 3083 ιιι
1236 2999 1331 3114 ,qui
1362 3023 1536 3086 naturam

98 3117 284 3230 optimam
316 3117 497 3232 regnandi
537 3116 777 3251 habendique
808 3115 1015 3231 cupiditate
1045 3139 1084 3201 et
1118 3116 1333 3202 ambitione
1351 3117 1536 3233 corrupis-

97 3258 210 3341 sent,
240 3257 324 3318 orta
352 3264 457 3319 esse:
472 3236 522 3320 sic
537 3234 637 3319 enim
662 3235 845 3321 traditum
873 3257 930 3318 est
955 3233 1062 3319 nobis
1091 3230 1363 3342 amajoribus,
1380 3236 1536 3320 eadem-

90 3379 174 3465 que
201 3376 287 3465 ροιι
309 3352 473 3437 nonalia
501 3353 646 3437 ratione
670 3350 831 3468 suscipi
819 3357 983 3468 Egone
998 3408 1011 3456 ,
1027 3347 1136 3466 quod
1151 3374 1207 3434 est
1230 3348 1470 3437 humanae
1435 3379 1535 3439 vttae

91 3470 259 3555 ιιιιιιιιιιι
282 3469 531 3584 perniciosum
547 3526 565 3607 ³.
577 3493 615 3555 et
630 3469 832 3584 praeclaras
857 3495 967 3585 saepe
995 3469 1161 3555 civitates
1187 3495 1232 3552 ac
1258 3471 1399 3586 optime
1429 3467 1535 3554 insti-

103 3607 203 3671 tutas
219 3615 433 3724 regnaque
451 3589 612 3691 evertit,
645 3587 720 3673 hoc
744 3614 875 3703 putem
907 3589 1006 3674 duce
1035 3611 1168 3671 natura
1199 3585 1537 3672 administrantia

102 3701 154 3787 ad
182 3734 397 3813 summam,
423 3703 463 3790 in
491 3734 572 3821 quo
601 3704 783 3792 vincimus
804 3705 1012 3790 belluarum
1043 3698 1338 3789 immanitatem?
1366 3702 1538 3838 Quando

100 3821 203 3906 enim
225 3821 351 3910 leones
378 3853 466 3908 curn
493 3823 663 3941 leonibus
685 3824 781 3909 bella
834 3830 977 3908 essere?
1006 3823 1166 3958 quando
1191 3847 1278 3906 cum
1308 3819 1522 3936 tigribus
1495 3845 1540 3906 ιι

100 3948 215 4053 gres?
256 3946 360 4025 Dru.
390 3940 575 4026 Bellum
562 3938 676 4076 igitur
709 3943 759 4027 ad
788 3853 975 4025 aitetius
966 3939 1135 4053 inpuriam
1166 3939 1375 4052 suscipere,
1406 3960 1539 4023 contra

102 4082 257 4142 naturae
281 4057 405 4175 legem
430 4088 508 4144 esse
533 4058 650 4165 dicis,
674 4056 728 4144 ob
752 4086 836 4147 eam
858 4056 1002 4193 opinor
1029 4085 1179 4142 causam
1195 4112 1208 4160 ,
1224 4057 1332 4171 quod
1364 4080 1420 4141 est
1447 4056 1539 4168 inju-

91 4196 202 4258 stum
226 4201 389 4262 natura.
419 4174 532 4262 Lrou.
560 4177 618 4262 Sic
643 4206 794 4314 prorsus
812 4175 1006 4262 existimo.
1036 4180 1136 4259 Dm
1160 4172 1263 4256 bella
1284 4199 1377 4288 ergo
1407 4197 1576 4257 natura·

103 4286 198 4400 justa
221 4321 350 4381 nonne
363 4291 456 4409 jure
482 4318 639 4379 naturae
668 4296 797 4410 suscipt
785 4293 1104 4380 confitebimur?
1134 4291 1246 4374 Laos.
1275 4293 1418 4394 Certe,
1443 4291 1470 4378 si
1486 4290 1538 4398 iu·

102 4431 159 4492 sta
184 4408 256 4493 sint
271 4441 375 4527 ,ego
402 4436 530 4498 tamen
556 4411 701 4497 nullum
729 4413 869 4499 bellum
895 4439 1028 4498 natura
1052 4408 1188 4521 iusntm
1212 4436 1289 4494 esse
1319 4409 1541 4495 contendo:

100 4551 190 4608 nam
208 4528 318 4641 quod
340 4529 466 4646 alege
486 4529 614 4617 divina
639 4529 832 4637 dissentit,
847 4530 886 4616 id
900 4527 1103 4663 quomodo
1119 4550 1244 4642 potest
1258 4552 1346 4611 cum
1373 4527 1457 4642 lege
1472 4556 1545 4611 na-

99 4664 209 4726 turae
236 4648 473 4733 consentite?
504 4652 605 4734 Dru.
625 4649 755 4740 Quam
773 4676 892 4752 vere,
915 4676 1005 4731 mox
1028 4644 1189 4750 videro,
1206 4668 1306 4761 certe
1330 4667 1546 4730 constanter

100 4760 332 4898 respondes.
366 4762 475 4849 Sed
466 4795 539 4880 pam
564 4763 710 4882 quid
684 4790 730 4851 ιιι
758 4791 892 4850 ιιιιιιιι
916 4761 1052 4877 justum
1078 4763 1376 4867 constituamus,
1399 4761 1546 4877 etquid

104 4878 264 4967 vicissim
286 4881 495 4997 injustum:
523 4908 568 4972 ut
595 4882 720 4970 baec
705 4911 753 4969 tn
775 4883 874 4970 bello
891 4874 1207 4971 considerantibus
1222 4939 1236 4987 ,
1252 4823 1395 4997 planitis
1409 4940 1422 4987 ,
1438 4877 1549 4996 quod

822 5005 932 5118 Gga
1181 5062 1192 5072 „
1442 5024 1554 5114 quae

1562 826 1663 880 Aaron
1641 842 1702 881 ιιι.
