4192 5880
248 331 272 367 ,ι

477 411 1294 488 AE04nLu0RNoT11LIB.111.
1540 427 1586 501 75¹⁴

165 529 468 643 considerasset,
500 535 723 648 nullumque
753 560 822 617 nec
852 562 876 616 a
902 531 1068 646 tyrannis
1093 562 1162 617 nec
1187 563 1210 616 a
1231 524 1434 619 latronibus
1466 524 1622 649 pericu-¹

160 658 240 745 lum
263 658 454 741 imminere
489 655 736 771 intelligeret,
768 654 993 736 Gometium
1019 653 1068 736 ad
1084 651 1302 737 Pontificem
1329 683 1416 738 cum
1442 680 1609 770 quatuor

161 779 320 864 navibus
355 775 535 891 proficisci
559 773 689 883 jubet,
706 795 745 857 et
765 801 846 886 quo
877 771 916 855 in
945 794 1043 856 statu
1069 770 1172 855 ltalia
1205 796 1298 856 esset
1315 834 1326 877 ,
1344 776 1538 858 nuntiare:
1556 807 1606 860 o·

153 896 257 981 mnia
286 895 483 1011 tranquilla
502 920 594 1007 pace
620 888 722 975 frui:
751 890 778 974 si
795 888 907 975 vellet
921 893 1110 995 Romam,
1125 889 1234 1005 quod
1262 917 1349 977 ante
1378 891 1602 1009 significave-
1615 912 1720 1002 nomm
1746 913 1793 960 re.

1633 974 1696 1019 ultus
1706 972 1792 1021 Ponti·

152 1040 211 1100 rat
227 1077 240 1121 ,
257 1014 412 1101 invisere
429 1073 441 1118 ,
458 1036 544 1098 tuto
566 1038 767 1123 secureque
784 1007 858 1118 jam
886 1008 973 1094 inde
988 1009 1117 1094 licere.
1149 1009 1408 1094 Gratissimum
1426 1011 1489 1095 sibi
1517 1009 1599 1097 luis·
1616 1008 1689 1139 {pm
1723 1031 1793 1141 {gg

152 1162 191 1218 se
211 1134 389 1218 nuntium
422 1132 705 1244 adventumque
734 1126 932 1233 Gometii,
972 1125 1142 1213 Pontifex
1173 1157 1253 1212 non
1278 1129 1399 1214 verbis
1431 1106 1722 1239 tantum,‘¹‘mi'²·p

150 1250 289 1365 quibus
307 1250 455 1366 Aegidii
478 1247 602 1334 virtuti
616 1274 661 1331 ac
685 1245 886 1331 industriae
902 1247 1035 1362 gratias
1053 1247 1128 1363 egit
1146 1307 1158 1348 ,
1176 1246 1240 1331 sed
1257 1246 1376 1332 multis
1398 1249 1509 1332 etiam
1537 1251 1599 1335 be·

150 1367 293 1452 neficiis
309 1368 526 1454 declaravit.
562 1364 753 1482 Siquidem
769 1364 865 1449 inter
892 1389 1013 1449 cetera
1032 1364 1097 1478 ipsi
1113 1365 1296 1450 Gometio
1330 1367 1476 1470 Esculi,
1495 1369 1604 1483 quod

151 1486 338 1599 oppidum
362 1510 418 1569 est
441 1485 657 1589 inPiceno,
674 1484 730 1594 jus
754 1506 793 1568 et
810 1483 1004 1599 vectigalia
1033 1483 1073 1566 in
1100 1483 1321 1567 decennium
1337 1483 1484 1570 tribuit.
1521 1490 1603 1570 Fra·

150 1625 225 1687 tres
250 1601 395 1719 Aegidii
425 1601 550 1688 litteris
580 1625 620 1687 et
651 1601 787 1686 nuntio
812 1601 861 1684 ab
877 1599 1055 1715 Hispania
1089 1599 1192 1711 jubet
1214 1602 1373 1687 accersiri
1390 1663 1401 1706 ,
1419 1633 1497 1688 non
1529 1603 1604 1688 aliis

147 1717 334 1834 professus
363 1718 458 1807 velle
485 1752 523 1806 se
551 1715 742 1835 praelectis
759 1749 803 1803 ac
832 1717 1185 1805 administratoribus
1203 1781 1214 1821 ,
1231 1748 1346 1834 quam
1379 1719 1433 1803 his
1459 1720 1602 1807 ltaliam

148 1838 246 1922 tueri
267 1868 310 1925 ac
326 1842 535 1955 gubernare
560 1867 569 1922 ε
592 1838 790 1952 statimque
819 1838 976 1921 discessu
995 1863 1213 1949 comparato
1233 1897 1245 1941 ,
1262 1838 1299 1920 in
1315 1836 1456 1921 Italiam
1488 1837 1596 1952 proli·

147 1956 312 2041 eiscitur.
344 1961 445 2041 Cum
477 1958 527 2042 ad
543 1955 753 2041 Viterbium
777 1980 935 2040 ventum
968 1979 1048 2061 est,
1067 1954 1132 2038 ubi
1149 1954 1326 2071 Aegidrus
1355 1954 1432 2066 ejus
1461 1958 1601 2042 adven·
1614 1983 1792 2090 upmamaop

150 2096 236 2157 tum
267 2076 530 2188 exspectabat,
561 2072 742 2189 paulisper
770 2072 830 2156 hic
858 2097 1141 2178 commoratus,
1169 2073 1383 2187 quindecim
1415 2055 1789 2159 annorumllllul‘⁰'

156 2191 482 2278 administrationis
504 2216 543 2278 et
572 2191 808 2307 vectigalium
829 2190 1012 2275 rationem
1031 2191 1284 2304 quorumdam
1318 2189 1456 2277 invidia
1483 2218 1522 2278 et
1536 2193 1604 2278 im·

152 2309 262 2423 pulsu
288 2311 495 2425 reposcenti
526 2306 696 2394 Pontifici
712 2308 873 2421 ,claves
902 2309 1050 2392 urbium
1079 2308 1293 2421 arciumque
1325 2339 1357 2428 a,
1371 2336 1409 2394 se
1441 2335 1605 2426 recepta·

150 2455 237 2511 rum
254 2489 267 2532 ,
283 2430 343 2514 vix
358 2429 527 2543 capiente
543 2457 654 2512 curru
671 2488 683 2533 ,
701 2426 891 2542 Aegidius'
902 2455 973 2541 pro
988 2424 1132 2511 tatione
1154 2427 1329 2511 obtulsse
1354 2423 1490 2513 fertur.
1525 2431 1600 2514 Cui

153 2543 350 2651 Pontifex,
367 2547 568 2632 admiratus
602 2545 678 2655 ejus
721 2544 834 2628 animi
865 2542 1161 2661 magnitudinem
1186 2571 1231 2628 ac
1253 2545 1525 2630 constantiam:
1547 2551 1604 2640 Et

149 2662 301 2766 hercle,
318 2665 462 2778 inquit,
484 2666 629 2771 Aegiali
644 2720 658 2766 ,
675 2676 753 2744 tam
780 2669 958 2744 amissam
980 2688 1059 2743 rem
1074 2669 1366 2746 eeclesiasticam
1397 2664 1499 2746 baud
1527 2691 1599 2748 ma·

145 2805 229 2886 gno
256 2786 437 2890 impendio
461 2783 564 2866 nobis
589 2794 774 2897 receptam
792 2807 872 2884 esse
888 2777 1091 2888 fatemur,
1107 2795 1146 2863 et
1178 2796 1265 2863 tuae
1294 2789 1488 2890 parcitati
1510 2808 1605 2892 gra·

153 2904 232 2978 tias
247 2899 433 2983 habemus.
889 2941 895 2949 ·
1268 2926 1272 2931 ’

154 3124 157 3129 ,
212 3018 392 3100 XXXlll.
451 3015 579 3102 Paucis
609 3043 695 3134 post
720 3016 851 3104 diebus
866 3017 1043 3135 Aegidius
1066 3013 1116 3102 ad
1148 3013 1278 3102 urbem
1295 3020 1459 3102 Romam
1474 3017 1604 3103 Ponti·

156 3127 263 3218 licem
282 3135 480 3219 comitatus
495 3196 508 3240 ,
523 3135 626 3253 longi
653 3136 813 3221 muneris
831 3136 1026 3222 vacatione
1056 3136 1279 3248 impetrata,
1298 3129 1509 3223 Viterbium
1541 3164 1600 3221 re·
1614 3167 1722 3218 mseras
1754 3180 1791 3219 te·

1612 3241 1763 3278 stamentutu

157 3248 223 3335 diit
239 3282 248 3335 τ
263 3252 329 3336 ubi
345 3253 574 3338 mortalitatis
591 3283 760 3358 memor,
779 3281 823 3337 ac
839 3253 942 3340 velut
955 3254 1154 3339 instantem
1173 3278 1335 3337 mortem
1354 3255 1482 3340 animo
1497 3283 1598 3370 prae·
1613 3288 1701 3359 tonan
1764 3299 1791 3336 et
1886 3290 1887 3293 ¹

155 3368 331 3484 sagiens,
366 3370 643 3486 posteritatique
683 3370 906 3473 consulens,
939 3395 1203 3459 testamentum
1233 3370 1397 3456 rarissimi
1437 3373 1592 3487 exempli
1608 3350 1791 3464 iiiiiiu‘adio'

157 3487 377 3572 sanctissime
403 3516 447 3572 ac
474 3488 740 3605 religiosissime
763 3487 955 3593 condidit,
981 3516 1020 3577 et
1036 3485 1253 3575 convocatis
1275 3489 1424 3594 amicis,
1451 3491 1596 3606 collegii
1613 3470 1680 3526 ¹³⁶⁷·

157 3599 197 3685 in
217 3604 309 3689 urbe
342 3607 516 3692 Bononia
540 3607 712 3721 Hispanis
737 3605 957 3707 condendi,
987 3609 1139 3723 dequo
1171 3637 1260 3690 mox
1291 3610 1484 3721 separatim
1502 3607 1600 3691 dice-

128 3832 132 3835 ·
156 3747 266 3827 mus,
282 3723 517 3839 praecipuam
540 3752 668 3809 cutam
698 3723 885 3840 delegavit
901 3755 910 3807 ε
928 3749 966 3809 et
995 3727 1107 3810 tribus
1134 3726 1321 3809 mensibus
1342 3756 1457 3841 quam
1478 3725 1597 3810 Vitcr·

155 3835 259 3923 bium
283 3841 465 3947 redierat,
480 3842 614 3928 exactis
631 3904 643 3948 ,
660 3842 776 3928 vitam
799 3869 886 3926 cum
904 3867 1026 3928 morte
1042 3844 1290 3929 commutavit
1306 3902 1318 3947 ,
1335 3872 1436 3928 anno
1461 3842 1600 3960 gratiae

156 3956 349 4043 millesimo
365 3958 623 4045 trecentesimo
652 3959 878 4077 sexagesimo
896 3960 1073 4073 septimo.
1108 3961 1223 4045 Tanti
1241 3959 1308 4044 viri
1325 3985 1485 4046 mortem
1502 3967 1602 4046 Pon·

155 4069 241 4159 rilex
267 4100 345 4162 tam
379 4078 510 4162 acerbe
531 4078 637 4181 tulit,
654 4105 697 4163 ut
727 4103 883 4190 accepto
898 4079 1055 4183 nuntio,
1072 4077 1293 4164 continuum
1318 4078 1475 4191 biduum
1511 4079 1599 4164 nihil

154 4191 283 4298 aliud,
308 4224 426 4310 quam
456 4196 618 4280 moerori
642 4196 860 4299 indulserit,
892 4223 962 4280 nec
984 4197 1036 4281 sui
1058 4196 1307 4281 conveniendi
1333 4199 1481 4311 copiam
1516 4197 1599 4282 cui-

153 4336 273 4422 quam
293 4308 436 4397 lecerit.
469 4318 617 4426 Corpus
649 4313 753 4424 ejus,
777 4338 821 4398 ut
851 4314 926 4427 ipse
943 4313 1117 4418 iusserat,
1150 4312 1341 4398 Assissium
1373 4315 1540 4422 elatum,
1558 4341 1598 4402 et
1700 4325 1706 4334 ⁴

153 4424 191 4509 in
218 4425 313 4509 aede
338 4429 514 4514 Francisci
541 4431 752 4547 depositum
780 4457 856 4516 est.
886 4431 978 4516 Inde
994 4431 1175 4515 Toletum
1193 4492 1205 4535 ,
1222 4433 1285 4516 ubi
1314 4435 1433 4522 modo
1454 4465 1536 4519 ossa
1560 4464 1599 4520 e·

155 4542 209 4655 jus
238 4544 360 4655 jacent
388 4606 401 4649 ,
429 4548 585 4658 parvulo
623 4549 832 4635 admodum
860 4548 1050 4662 impendio
1086 4547 1247 4635 humeris
1275 4551 1491 4664 deportatus
1521 4575 1600 4637 est.
1712 4630 1715 4634 ,

155 4664 257 4745 Nam
284 4692 453 4746 summus
469 4663 640 4751 Pontifex
667 4667 740 4749 hoc
756 4664 883 4752 tribuit
905 4665 980 4775 ejus
1011 4665 1171 4771 meritis,
1189 4668 1475 4783 utquicumque
1498 4668 1596 4754 lecti·

154 4806 236 4863 cam
256 4779 606 4896 quantulocumque
636 4783 755 4898 spatio
789 4808 1050 4897 supportaret,
1078 4810 1315 4897 peccatorum
1351 4786 1602 4874 remissionem

157 4898 308 5011 perinde
332 4924 648 5016 consequeretur,
664 4929 708 4987 ac
730 4901 757 4986 si
783 4929 886 4987 anno
899 4901 1032 5015 Jubilei
1048 4903 1320 5107 Appuolorum
1333 4905 1430 4992 Petri
1454 4909 1606 5111 etPaul}

172 5048 174 5053 ’
296 5056 299 5075 ²
1143 5046 1167 5104 a
