4050 5858
510 415 579 485 ιμ
802 387 804 391 ’
942 352 944 360 ’
995 389 1428 464 Democharis

344 592 348 600 .
485 515 717 602 mentionem
740 508 860 597 sacere
892 510 1076 617 Lurheri‚
1107 537 1147 599 et
1170 511 1381 628 culpam
1349 543 1452 627 erus,
1481 511 1510 596 si
1532 539 1610 629 qua
1633 533 1719 618 est,
1747 511 1860 600 nobis
1875 533 1950 602 exi

484 636 664 749 probrare
679 694 692 738 ,
707 631 776 765 qui
793 629 868 717 vim
895 630 1086 717 rationum
1115 632 1155 715 in
1185 635 1292 716 omni
1320 630 1565 747 quaestione,
1581 658 1648 718 aut
1670 658 1859 716 sacrarum
1883 633 1946 720 lit·

483 777 648 838 terarum
674 747 914 853 testimonia,
931 779 1012 833 non
1035 748 1256 864 cujusquam
1282 749 1454 836 hominis
1456 749 1717 835 auctoritatem
1732 749 1942 865 sequimur

484 875 586 956 Dru.
618 867 807 956 Praeclare
837 893 931 953 vero
958 866 1155 952 nobiscum
1183 891 1310 952 acrum
1336 895 1421 975 est,
1447 866 1477 952 si
1508 867 1733 974 nonlicet,
1761 892 1806 955 ut
1830 871 1939 1002 quis-

484 1019 601 1103 quam
616 988 672 1077 vir
695 984 853 1072 fortis
828 1008 902 1089 stt,
918 1009 957 1070 et
984 984 1086 1070 idern
1103 984 1360 1071 Christianm:
1380 985 1446 1117 sed
1475 983 1570 1070 haec
1595 984 1766 1102 quaestio
1790 988 1936 1100 major,

484 1131 529 1194 ut
552 1107 696 1212 video,
720 1101 819 1189 facta
847 1125 904 1187 est
935 1103 1231 1218 quorumdam
1222 1103 1407 1220 ingeniis,
1433 1132 1552 1221 quam
1584 1128 1628 1189 ut
1659 1103 1785 1217 paucis
1815 1132 1935 1223 queat

484 1225 671 1340 explicari.
683 1168 792 1309 'Ana
819 1220 990 1306 Obsecro
1016 1245 1085 1326 te,
1109 1228 1382 1328 Dem0crates,
1407 1221 1605 1336 quando
1595 1251 1635 1306 tn
1658 1221 1763 1307 hunc
1791 1252 1936 1310 sermo·

484 1372 573 1428 nem
604 1341 798 1428 incidimus
814 1400 826 1444 ,
842 1363 881 1424 ct
904 1339 995 1423 milri
1019 1338 1153 1426 videris
1175 1370 1256 1425 non
1279 1340 1482 1455 imparatus
1510 1364 1578 1425 aut
1605 1339 1860 1429 immeditatus
1878 1344 1933 1429 his

484 1462 676 1548 derebus
705 1459 949 1562 disserturus,
972 1479 1018 1541 ut
1037 1458 1145 1543 nobis
1173 1458 1329 1572 explices
1360 1483 1467 1544 tuam
1491 1458 1742 1564 sententiam,
1764 1483 1804 1545 et
1827 1467 1934 1547 Leo-

484 1578 656 1694 poldo
621 1607 703 1668 vtro
720 1577 758 1660 in
781 1573 1016 1690 philosophia
1031 1598 1071 1661 et
1091 1574 1198 1660 sacris
1221 1575 1346 1661 litteris
1368 1580 1602 1682 exercitato,
1627 1576 1817 1711 quemad
1839 1607 1934 1665 con-

421 1719 424 1725 *
482 1697 743 1784 tradicendum
767 1716 942 1809 paratum
964 1691 1108 1797 video,
1143 1692 1364 1778 satisfacias:
1389 1693 1441 1779 sic
1466 1693 1567 1780 enim
1593 1693 1684 1778 mihi
1706 1689 1932 1785 satisfactum

481 1810 593 1902 fuerit
617 1796 765 1903 homini
784 1812 970 1915 indocto,
986 1834 1025 1895 et
1048 1809 1110 1896 vix
1127 1839 1194 1926 qut
1182 1810 1358 1896 Latinas
1379 1811 1515 1897 litteras
1538 1810 1758 1918 didicerim,
1783 1815 1850 1900 scd
1866 1840 1932 1902 tua

481 1957 521 2018 et
547 1934 748 2036 doctrina,
775 1953 814 2015 et
838 1958 962 2014 rerum
977 1927 1134 2041 peritia,
1154 1928 1248 2044 quid
1271 1957 1329 2014 res
1351 1929 1443 2014 haec
1467 1929 1606 2015 habeat
1634 1930 1824 2034 veritatis,
1840 1933 1931 2020 edo·

481 2052 557 2136 ceri
582 2048 813 2165 percupido.
861 2053 975 2131 Lson.
1007 2045 1107 2131 Mihi
1131 2076 1255 2152 vero,
1289 2051 1563 2154 Democrates,
1588 2076 1670 2133 rem
1697 2045 1823 2135 feceris
1847 2080 1931 2166 per-

393 2235 395 2239 .
481 2166 571 2252 inde
595 2195 771 2301 gratam,
803 2164 870 2280 qui
896 2163 984 2248 huic
1006 2163 1182 2297 opinioni
1211 2190 1404 2250 nontam
1430 2167 1665 2281 pertinaciter
1691 2166 1865 2274 adhaesi,
1882 2195 1930 2257 ut

475 2285 628 2373 ratione
656 2284 851 2373 convictus
878 2310 960 2367 non
989 2279 1057 2366 sim
1080 2281 1275 2368 libenter
1265 2313 1277 2366 1
1279 2313 1383 2398 psam
1381 2284 1680 2420 depositurus,
1705 2310 1746 2370 te
1763 2314 1931 2401 praeser-

374 2467 378 2471 -
481 2402 553 2488 tim
584 2432 770 2508 auctore,
796 2430 863 2515 qur
852 2400 937 2486 ad
966 2398 1090 2485 studia
1119 2400 1310 2486 doctrinae
1341 2401 1394 2486 rei
1422 2432 1581 2518 quoque
1612 2404 1774 2491 militaris
1801 2405 1932 2518 petiti·

379 2619 381 2624 ¹
482 2550 576 2626 arn,
601 2523 770 2611 divinum
801 2519 904 2604 illurn
932 2517 1157 2602 Socratem
1148 2517 1339 2623 imitatus,
1357 2518 1407 2604 sic
1439 2520 1666 2633 adjunxisti,
1691 2546 1737 2608 ut
1760 2522 1912 2607 mihi
1876 2552 1930 2610 vr

438 2738 439 2741 p
482 2640 641 2725 deatis
633 2665 727 2726 rnter
756 2635 866 2767 hujus
889 2634 1091 2719 memoriae
1124 2666 1286 2769 magnos
1314 2636 1414 2722 viros
1443 2637 1640 2725 excellere.
1685 2646 1788 2725 Dan.
1818 2643 1947 2762 Opus⁴

482 2756 638 2870 quidem
659 2782 740 2842 erat
764 2754 905 2889 majore
930 2752 1012 2838 otio
1035 2777 1074 2838 ct
1103 2753 1231 2845 animo
1247 2782 1394 2842 vacuo·
1422 2764 1590 2844 ceterum
1606 2752 1753 2844 difficile
1777 2784 1833 2844 est
1856 2783 1927 2844 stu
2003 2828 2004 2831 ι

483 2873 550 2960 dio
576 2902 748 2965 veterum
776 2873 982 2960 amicorum
1013 2872 1178 2959 abnuere
1194 2873 1445 2990 ,praesertim
1469 2874 1703 2989 colloquium
1734 2875 1929 2990 postulan-

482 2992 579 3076 tium
602 2995 651 3081 ad
682 2990 972 3125 indagandam
963 3018 1003 3075 ιιι
1035 3020 1075 3076 re
1103 3015 1346 3080 controversa
1371 3016 1410 3077 et
1437 2992 1488 3078 ad
1511 2992 1689 3108 plurimos
1720 2993 1931 3107 pertinente

483 3110 709 3244 veritatem,
739 3139 842 3222 curus
874 3107 1099 3222 inquisitioni
1130 3108 1276 3195 nullum
1306 3107 1504 3225 negotium
1534 3139 1620 3197 esse
1644 3106 1933 3228 praeferendum

399 3246 406 3251 '
483 3227 673 3343 principes
690 3225 1004 3362 philosophorum
1030 3248 1278 3342 putaverunt.

521 3348 628 3431 Vll.
687 3345 801 3462 Age
792 3345 933 3461 igitur,
957 3345 1181 3458 Leopolde,
1211 3371 1255 3432 ut
1282 3375 1429 3433 morem
1455 3308 1668 3465 disputandi
1688 3348 1931 3435 Platonicum

483 3486 708 3571 teneamus,
721 3492 872 3551 causam
896 3490 1075 3576 expone,
1091 3491 1157 3548 cur
1172 3463 1238 3549 tihi
1260 3465 1387 3550 militia
1411 3495 1499 3552 cum
1527 3467 1706 3584 rehgrone
1718 3467 1930 3552 Christiana

483 3605 682 3717 tantopere
701 3609 869 3699 pugnare
885 3579 1075 3666 videatur.
1062 3587 1179 3716 Ego
1195 3611 1293 3698 quae
1310 3582 1399 3668 mihi
1413 3608 1545 3670 contra
1563 3584 1819 3687 videbuntur,
1841 3612 1933 3668 nam

484 3723 524 3782 re
551 3700 590 3784 in
618 3730 761 3835 magno
789 3726 914 3784 errore
939 3697 1074 3783 versari
1100 3726 1245 3785 certum
1263 3699 1441 3786 habeo
1401 3732 1506 3812 ,ram
1535 3705 1703 3790 conabor
1725 3700 1933 3816 explicare.

486 3813 603 3903 Leon.
629 3817 794 3905 Primum
817 3817 991 3902 omniurn
1006 3815 1118 3951 quia,
1135 3841 1179 3903 ur
1168 3816 1309 3948 ‘paulo
1339 3843 1428 3904 ante
1443 3818 1641 3926 dicebam,
1656 3819 1798 3906 bellum
1813 3817 1934 3904 omni

356 3952 366 3971 ⁴
486 3961 541 4020 no
559 3963 711 4067 gerere,
730 3933 979 4021 Christianis
969 3933 1142 4020 institutis
1166 3934 1320 4051 jureque
1336 3934 1466 4022 divino
1481 3963 1675 4024 vetamur.
1708 3942 1805 4022 Dm.
1822 3938 1935 4018 Con·

485 4077 546 4137 tra
569 4053 624 4167 jus
658 4083 751 4171 ergo
783 4050 953 4140 divinum
985 4051 1095 4167 gessit
1126 4051 1266 4137 bellum
1282 4053 1429 4188 Josuc,
1452 4081 1492 4141 et
1516 4080 1662 4170 praeter
1685 4055 1807 4171 legem
1832 4051 1934 4139 divi

488 4197 577 4255 narn
597 4171 698 4257 bello
726 4195 940 4287 persecutus
971 4196 1026 4254 est
1051 4186 1112 4256 tot
1144 4196 1248 4287 reges
1276 4194 1316 4256 ct
1341 4170 1537 4277 civitates,
1563 4174 1657 4260 dum
1682 4201 1802 4259 novas
1826 4170 1935 4257 sedes

489 4288 632 4401 populo
648 4289 845 4374 israelitico
829 4311 1027 4421 pararet.
1055 4292 1111 4373 At
1136 4316 1222 4403 raro
1238 4311 1382 4400 ,arque
1397 4288 1565 4374 haud
1518 4318 1623 4396 scro,
1639 4320 1690 4375 an
1720 4317 1935 4404 numquam

490 4404 706 4517 praelium
697 4406 801 4493 inivit
829 4405 948 4517 inrusu
963 4405 1036 4490 Dei
1053 4436 1106 4510 ,a
1129 4433 1211 4519 quo
1240 4406 1378 4509 etiam,
1397 4430 1442 4492 ut
1463 4407 1581 4493 solem
1597 4352 1858 4523 limamque
1831 4430 1933 4492 siste·

489 4545 571 4623 ret,
589 4522 680 4607 dum
706 4553 794 4608 suos
817 4521 944 4608 hostes
966 4523 1199 4608 ulcisceretur
1216 4551 1418 4639 ,pugnans
1439 4553 1528 4609 curn
1545 4524 1825 4612 Amorrhaeis
1814 4553 1936 4639 rmpe

267 4688 382 4761 ..μ
345 4700 452 4739 ,,,,,,,
489 4639 629 4728 travit:
654 4665 698 4727 ut
721 4639 898 4754 pleraque
924 4639 993 4724 alin
1023 4640 1145 4746 bella,
1169 4669 1267 4755 quae
1285 4671 1307 4724 a
1322 4640 1468 4728 Davide
1483 4704 1495 4747 ,
1511 4671 1649 4757 quaea
1675 4642 1935 4746 Machabaeit,

489 4786 636 4874 quaea
612 4758 789 4846 aceteris
811 4757 917 4843 electi
946 4757 1076 4872 populi
1104 4757 1328 4872 praefectis
1319 4788 1418 4874 jussu
1444 4783 1482 4844 et
1505 4789 1580 4875 ope
1608 4761 1681 4848 Dei
1695 4784 1800 4877 gesta
1828 4784 1937 4866 sunt,

490 4901 707 4967 taceantur.
747 4883 855 4966 [ιιι.
884 4877 1055 4997 Quem]
1055 4904 1174 4987 osue,
1195 4904 1313 4995 quern
1333 4869 1547 4988 Davidem,
1563 4908 1661 4998 quos
1677 4904 1720 4967 ru
1736 4876 1922 4966 mihiMa
1849 4923 1944 5081 ch·

1905 5022 1944 5081 a·
