4140 5872
388 350 869 455 maturumque
890 363 1351 442 aomanorum.
1501 379 1564 475 183

141 496 247 594 nulla
275 493 344 584 alia
374 507 445 581 nec
468 491 559 578 anni
580 508 651 575 nec
667 485 830 603 Augusti
850 481 951 573 facta
976 487 1170 576 mentione
1187 499 1261 596 ',ut
1285 493 1334 579 sit
1363 519 1511 584 necesse
1543 529 1593 585 u·

144 614 380 736 mmquein
406 613 533 703 litteris
548 610 656 698 Aera·
683 602 898 694 contineri.
913 607 1018 693 Nam
1041 605 1196 694 licet'in
1228 609 1383 724 privatis
1405 614 1593 731 epistolis,

142 769 237 857 aptas
262 764 374 852 saepe
394 731 502 819 nullo
526 725 713 841 adscripto
731 740 916 840 tempore
930 721 1025 813 blim
1037 726 1162 835 missas
1179 726 1359 817 *videmus
1370 740 1387 839 ‚,'
1404 735 1593 851 quaedam

139 856 332 944 interdum
350 862 380 939 'a
405 845 672 938 recentioribus
696 841 1144 962 religiosiur'ssin‘epistolis
1157 865 1315 963 quoque
1323 852 1512 966 temporis
1524 865 1594 939 an.

139 973 306 1062 nomndi
336 999 483 1057 morem
501 962 1383 1078 ·t1enentibussupprimantur;nmenstumm
1409 995 1504 1056 esset
1526 1003 1594 1087 pu-

136 1114 223 1180 tare
255 1118 364 1178 more
392 1086 546 1204 publico
577 1083 686 1171 etin
716 1081 865 1197 publice
878 1078 1277 1199 'conlectisseripturis
1302 1116 1446 1177 armum
1468 1088 1595 1176 abali.

142 1240 226 1328 quo
253 1205 386 1326 insigni
406 1202 591 1322 principio
606 1200 765 1301 ἀμιτιιιιι
786 1199 915 1288 ascribi
931 1262 944 1307 ,
960 1201 1160 1314 nullanec
1176 1203 1374 1314 attninec
1393 1203 1509 1319 ipsius
1529 1237 1595 1294 ca»

140 1327 609 1445 pitis,unde1repetatur,
626 1315 942 1408 mentionefacta
955 1381 970 1427 ,
985 1320 1199 1437 praercrn’m
1215 1320 1595 1440 ab,isi,·qui.vdlent

139 1445 193 1533 in
205 1444 391 1532 ‚omnbus
410 1441 593 1559 scripturis
621 1440 805 1557 principis·
821 1439 1029 1556 cu'puspiam‘
1047 1445 1327 1557 nummusque
1338 1488 1340 1491 ·
1351 1442 1593 1552 mernoriam3

144 1565 259 1650 ducta
284 1564 333 1648 ab
355 1561 434 1676 ejus
461 1562 615 1648 incunte
644 1558 853 1674 principatu
878 1557 1059 1673 temporis
1085 1558 1263 1666 rationes,
1278 1558 1489 1666 celebrari..r
1511 1561 1542 1638 i*
1577 1590 1585 1639 .-

204 1681 352 1767 XXXI.
410 1683 525 1763 Hanc
554 1677 666 1792 igitur
692 1676 932 1762 necessariam
956 1704 1076 1790 prope
1097 1675 1250 1761 dixerim
1278 1678 1463 1764 rationem
1485 1708 1595 1767 secu·
1637 1710 1710 1765 unae
1739 1716 1786 1767 au.
1883 1681 1886 1687 ’

144 1820 207 1885 tus
233 1794 395 1902 itamihi
416 1793 606 1910 persuasi,
625 1793 732 1876 Aera
755 1821 836 1878 non
864 1790 1017 1907 simplex
1038 1821 1116 1880 csse
1139 1794 1398 1902 vocabulum,
1421 1797 1488 1883 sed
1511 1799 1595 1907 tria,
1608 1781 1785 1893 {ppassim

145 1942 249 2032 quae
264 1913 365 2029 prius
390 1912 633 2015 abbreviato,
653 1934 692 1994 et
708 1910 853 2024 punctis
868 1970 882 2016 ,
898 1932 943 1996 ut
957 1908 1052 1996 solet
1067 1972 1080 2018 ‚
1097 1940 1203 1998 more
1217 1937 1388 2001 veterum
1410 1912 1595 2023 discitum

145 2061 216 2148 per
237 2031 482 2118 tabellionum
504 2026 813 2143 librariorumque
833 2027 1101 2144 negligentiam
1126 2054 1165 2116 et
1189 2030 1435 2118 temeritatem
1460 2030 1594 2120 confu-

144 2149 244 2235 sain
270 2178 389 2234 unam
418 2175 553 2236 vocem
588 2143 796 2232 coaluerint
817 2169 990 2234 :veteres
1021 2145 1156 2233 scilicet
1185 2171 1375 2262 gestarum
1404 2174 1595 2238 actarum·

143 2297 196 2355 ve
223 2295 347 2353 rerum
376 2288 523 2379 tempus
552 2261 602 2348 sic
631 2261 737 2349 initio
770 2263 809 2348 in
839 2260 1022 2376 scripturis
1047 2262 1335 2352 adscribebant:
1368 2268 1476 2352 Acta
1505 2283 1593 2357 sunt

143 2388 235 2470 burc
250 2384 443 2470 Cordubae
459 2379 474 2495 (
489 2378 647 2493 exempli
672 2380 819 2496 gratia)
837 2384 968 2489 pridie
990 2378 1232 2482 kalendarum
1248 2383 1429 2492 Aprilis.
1461 2386 1596 2472 Aunuu

145 2517 232 2587 erut
254 2505 422 2610 Augusti
445 2505 742 2608 septuagesimus
757 2511 831 2604 ,ut
855 2495 1019 2582 Romani
1043 2520 1128 2582 tum
1153 2523 1286 2581 annum
1313 2502 1363 2583 ab
1393 2503 1486 2586 urbe
1514 2531 1596 2591 curt·

148 2623 259 2723 dita,
280 2643 361 2704 tum
385 2644 520 2701 anuum
543 2620 651 2700 urbis
684 2615 806 2703 dicere
833 2612 1030 2701 solebant.
1061 2613 1198 2699 Plinius
1228 2624 1293 2723 qui
1311 2616 1401 2724 fuit
1419 2680 1432 2725 ,
1451 2619 1700 2738 inquimus„
1713 2664 1769 2717 ..a

145 2739 256 2822 urbis
274 2732 413 2827 liturae
438 2761 556 2820 annus
581 2764 680 2815 exau.
710 2739 762 2819 Et
779 2729 958 2849 Aegyptii
972 2759 1119 2837 annos,
1135 2760 1233 2847 quos
1256 2733 1308 2820 ab
1333 2765 1382 2823 eo
1397 2761 1595 2854 tempore,

149 2853 207 2940 uti
225 2853 381 2939 didmus
399 2915 412 2959 ,
429 2881 517 2939 cum
533 2877 716 2941 venerant
742 2850 782 2935 in
803 2849 933 2965 populi
948 2849 1113 2935 Romani
1127 2877 1167 2935 et
1184 2853 1345 2966 Augusti
1360 2857 1526 2943 Caesaris
1540 2860 1594 2946 di·

147 2969 320 3077 tionem,
339 2971 578 3057 deducebant
594 3034 608 3078 ,
623 2995 738 3056 annus
753 2969 925 3078 Augusti
952 2966 1030 3053 sive
1046 2971 1289 3076 Augustanos
1320 2971 1595 3082 nominabant3
1720 3053 1723 3059 .

148 3112 195 3174 ut
219 3088 310 3173 alios
330 3088 646 3206 Nabonnagarii‘,
675 3115 775 3203 quos
799 3115 824 3170 a
849 3083 973 3200 primo
995 3083 1103 3201 regni
1129 3083 1208 3197 ejus
1231 3115 1335 3174 anno
1360 3093 1595 3203 repetebant,
1621 3129 1782 3198 tursom-

144 3204 240 3292 anos
254 3205 414 3321 Philippi
428 3208 565 3294 eodem
583 3207 726 3293 modo.
744 3203 913 3302 prmum
931 3200 1044 3318 igtur
1069 3200 1227 3318 Hispani
1241 3262 1254 3309 ‚
1269 3189 1677 3319 quemadmodum’ffl*

150 3323 298 3410 dictum
329 3349 414 3431 est,
447 3354 593 3411 annum
622 3323 888 3412 adnotabant.
913 3318 1064 3405 Deinde
1096 3319 1286 3408 brevitatis
1313 3322 1432 3440 gratia
1461 3328 1595 3441 princi.

142 3441 208 3557 pia
225 3443 422 3530 dumtaxat
446 3442 560 3530 trium
587 3436 790 3532 verborum
820 3438 1030 3524 scribebant
1045 3438 1152 3544 ,sed
1183 3440 1327 3554 punctis
1362 3441 1527 3556 sejuncta
1554 3448 1594 3536 in

146 3558 254 3645 bunc
270 3561 458 3646 modum:
485 3563 537 3645 A.
556 3561 649 3646 ER.
666 3562 724 3644 A.
743 3556 871 3642 LXX.
903 3556 1228 3670 quemadmodum
1254 3556 1292 3641 in
1320 3583 1443 3644 cetera
1458 3564 1593 3672 verba,

143 3703 252 3790 guae
284 3674 498 3794 frequenter
520 3679 797 3794 usurpabantur
812 3737 825 3782 ‚
841 3670 1050 3760 factitatum
1078 3703 1102 3758 a
1131 3673 1317 3764 veteribus
1347 3671 1457 3762 fuisse
1480 3679 1596 3766 inta-

147 3793 245 3879 bulis
270 3797 392 3883 aencis
415 3825 460 3881 ac
475 3796 658 3912 lapidibus
681 3794 857 3910 inscriptis
880 3817 1086 3897 notamus3
1112 3789 1152 3878 in
1175 3792 1313 3908 quibus
1337 3798 1464 3907 Apro
1488 3824 1594 3908 auno,

151 3935 195 3998 et
212 3911 294 3996 ER
317 3943 391 4028 pro
406 3927 500 4013 ‘erat
534 3943 600 3999 seu
629 3921 705 4000 erit
729 3912 792 4004 vel
818 3926 929 3997 erum
946 3972 959 4016 ‚
975 3936 1014 3997 et
1037 3912 1126 3998 item
1143 3911 1274 4026 Apro
1288 3912 1461 4019 Augusto
1485 3917 1596 4007 inter·

147 4028 240 4116 dum
270 4030 394 4147 posita
415 4060 491 4118 csse
522 4031 651 4119 videre
683 4031 851 4120 licetret
879 4027 1052 4115 Valerius
1077 4027 1252 4135 Probus,
1269 4029 1335 4143 qui
1360 4029 1523 4120 libellum
1545 4036 1596 4123 de

147 4145 361 4262 hujusmodl
387 4151 486 4239 notis
508 4151 750 4267 conscripsit,
766 4146 1007 4237 testificatur.
1038 4146 1209 4259 Adiuvat
1235 4145 1486 4260 conjecturam
1514 4182 1597 4238 sen·

145 4267 377 4385 tentiamque
397 4295 565 4357 nostram
587 4268 723 4385 ‚quod
747 4268 843 4355 haec
871 4293 1089 4384 temporum
1104 4263 1203 4382 tatio
1230 4290 1312 4351 non
1330 4295 1416 4352 aera
1435 4271 1597 4390 Augusti

146 4379 221 4467 dici
254 4385 347 4471 solet
363 4449 376 4492 ‚
391 4389 458 4475 sed
484 4391 593 4474 Aera
606 4388 806 4473 Caesaris.
835 4383 918 4482 Qui
949 4409 1076 4469 autem
1093 4386 1291 4471 Caesarem
1314 4384 1510 4478 dumtaxat
1535 4392 1596 4479 di-

144 4498 199 4585 cit
213 4562 227 4607 ‚
241 4530 324 4588 non
349 4503 529 4614 adjuncto
551 4505 693 4594 Tiberii
709 4566 722 4612 ,
738 4503 896 4619 exempli
914 4500 1055 4619 gratia,
1070 4499 1132 4587 vel
1146 4500 1297 4616 Traiani
1327 4506 1480 4593 nomine
1496 4572 1509 4616 ,
1525 4537 1595 4596 nec

146 4617 223 4730 ejus
248 4621 443 4709 mentione
469 4619 596 4731 facta,
614 4622 716 4710 hunc
744 4620 841 4712 velle
867 4644 1017 4706 constat
1046 4617 1191 4733 Julium
1215 4625 1414 4709 Caesarem
1431 4654 1486 4731 ,a
1513 4656 1596 4743 quo

138 4737 252 4826 ceteri
281 4740 464 4866 principes
490 4742 703 4835 iduomen
730 4764 996 4864 acceperunt,
1025 4737 1209 4861 intelligi.
1250 4743 1332 4832 Cur
1365 4741 1477 4862 igitur
1505 4774 1595 4833 cum

128 4897 136 4918 ·
1520 4866 1599 4948 Aa·
