4034 5858
529 403 595 476 370
889 383 956 458 DE
977 387 1129 459 BELLO
1157 387 1363 465 CONTRA
1383 387 1579 467 TURCAS

503 502 596 591 ¹dem
626 530 841 594 nostrorum
857 510 1185 625 aequiparandus.
1220 512 1323 600 Cum
1355 540 1462 602 tanta
1477 516 1589 634 igitur
1617 514 1800 604 exercints
1831 543 1962 633 quam·

509 624 599 709 libet
630 627 757 744 magni
785 625 998 716 infirmitate
1027 660 1071 716 ac
1107 633 1265 736 militum
1301 629 1519 752 fugacitate,
1559 664 1740 751 compara
1774 699 1787 740 ,
1825 641 1963 724 Caesar

313 734 428 850 ltili
445 746 492 845 ¹123
507 745 792 859 potentissime,
815 775 971 836 tuorum
988 749 1144 867 gloriam
1170 752 1340 839 bellicam
1365 779 1404 841 et
1423 756 1602 842 virtutem
1632 754 1859 840 militarem:
1893 757 1963 843 ho-

316 870 413 911 “¹¹⁵⁰‘·
510 864 622 948 stium
647 865 924 954 multitudinem
962 899 1145 986 magnum
1178 869 1368 988 pecudum
1407 902 1563 992 gregem
1594 873 1821 960 existimabis
1849 935 1863 978 ,
1890 903 1961 961 nec

422 1026 424 1028 ·
510 987 747 1070 Graecorum
774 1013 813 1074 et
828 989 1021 1074 Thracum
1038 1018 1154 1105 parva
1170 1019 1304 1075 manus
1334 1021 1451 1106 quam
1482 992 1548 1077 tibi
1572 992 1721 1108 tuisque
1753 994 1958 1106 spernenda

333 1215 398 1264 hus
419 1215 483 1264 Mo
509 1101 554 1187 sit
571 1165 583 1208 ,
601 1103 808 1221 ignorabis.
843 1107 973 1192 Habes
990 1110 1090 1193 enim
1115 1139 1161 1194 ex
1185 1109 1289 1194 Italia
1318 1110 1417 1198 viros
1444 1109 1583 1228 ingenii
1609 1110 1805 1225 animique
1829 1110 1957 1197 vinbus

319 1275 409 1323 mm„
423 1273 496 1324 ΜΗ,
511 1248 739 1336 praestantes
755 1286 767 1333 ,
784 1225 834 1310 de
849 1225 953 1336 cuius
968 1227 1128 1344 regionis
1156 1229 1275 1345 gloria
1289 1228 1383 1345 quid
1411 1259 1487 1345 ego
1502 1230 1657 1344 loquar?
1685 1257 1778 1313 cum
1798 1226 1875 1340 ejus
1889 1231 1957 1316 vin

319 1335 443 1397 ‘mm'
509 1341 584 1426 tuti
598 1372 678 1428 non
694 1342 817 1428 solum
834 1374 918 1429 eam
942 1344 1052 1431 Asiae
1068 1371 1212 1460 partem
1248 1408 1261 1453 ,
1293 1375 1394 1463 quae
1425 1353 1635 1432 Turcarum
1674 1347 1838 1463 imperio
1868 1376 1959 1433 con·

508 1459 679 1564 tinetur,
703 1490 820 1576 quam
837 1463 1017 1549 Romanis
1041 1465 1153 1550 ludus
1169 1466 1450 1582 propemodum
1467 1462 1537 1552 fuit
1553 1465 1739 1553 debellare
1758 1524 1774 1572 ,
1792 1489 1834 1551 et
1849 1470 1960 1554 Grae·

423 1626 424 1631 κ
511 1578 609 1663 ciam
631 1580 939 1698 Thraciamque,
967 1612 1062 1699 quas
1078 1583 1189 1669 iidem
1214 1584 1424 1698 provincias
1451 1614 1573 1700 parvo
1605 1584 1764 1701 negorio
1792 1581 1960 1701 subjuga-

512 1721 601 1783 runt
630 1760 641 1804 ,
668 1700 735 1786 sed
770 1695 934 1786 Africam
966 1702 1080 1789 etiam
1117 1727 1158 1789 et
1187 1707 1382 1819 Europam
1410 1703 1592 1820 reliquam
1623 1703 1789 1819 paruisse
1820 1727 1959 1790 constat

513 1815 690 1903 omnibus
717 1820 955 1906 mortalibus.
1506 1924 1508 1927 ¹

329 1985 516 2050 mmmm„-
574 1938 716 2022 XVlll.
775 1941 906 2024 Habes
921 1927 1138 2054 Hispanos,
1167 1965 1337 2055 quorum
1351 1969 1497 2027 summa
1521 1941 1559 2027 in
1592 1938 1694 2024 bellis
1719 1937 1860 2025 ciendis
1880 1939 1954 2025 vir·

321 2053 385 2102 ¹⁸⁰⁸·
515 2081 578 2140 tus
603 2080 717 2171 atque
733 2055 881 2145 solertia
897 2057 1023 2143 notior
1040 2083 1096 2144 est
1112 2118 1124 2165 ,
1141 2087 1221 2142 non
1234 2059 1356 2145 solum
1370 2059 1438 2144 tibi
1455 2122 1468 2167 ,
1486 2060 1552 2144 sed
1568 2057 1712 2143 cunctis
1737 2058 1959 2163 hominibus,

513 2203 634 2290 quam
649 2198 694 2260 ut
720 2179 893 2263 oratione
909 2177 1047 2263 debeat
1070 2201 1108 2262 et
1135 2177 1255 2264 verbis
1284 2177 1374 2263 meis
1391 2177 1589 2292 explicati.
1625 2182 1764 2291 Neque
1793 2178 1893 2260 enim
1920 2207 1961 2260 o·

515 2319 644 2407 portet
666 2321 789 2380 rerum
807 2293 952 2382 fortiter
968 2323 1013 2380 ac
1036 2320 1185 2381 strenue
1209 2298 1258 2381 ab
1282 2297 1366 2412 ipsis
1389 2295 1523 2410 passim
1548 2320 1736 2412 gestarum
1754 2293 1962 2379 testimonia

516 2439 563 2496 ex
581 2413 767 2500 veteribus
779 2414 937 2501 historiis
949 2414 1025 2527 peti
1043 2476 1056 2519 ,
1087 2441 1157 2498 nec
1175 2444 1271 2528 opus
1287 2438 1342 2499 est
1357 2413 1441 2498 belli
1457 2413 1653 2530 Saguntini
1668 2410 1820 2497 laudem
1848 2410 1960 2497 telet-

515 2558 556 2614 re
573 2591 586 2636 ,
602 2556 669 2616 aut
684 2532 908 2641 Numantini
924 2532 1081 2648 gloriam
1097 2560 1394 2619 commemorare
1411 2562 1421 2615 ε
1446 2532 1484 2616 in
1509 2561 1590 2647 quo
1617 2556 1790 2646 quatuor
1826 2531 1959 2645 Hispa·

516 2676 655 2734 norum
672 2650 785 2735 millia
822 2650 1109 2767 quatuordecim
1158 2679 1290 2735 annos
1305 2649 1505 2737 exercitum
1530 2649 1739 2734 sustinuisse
1768 2649 1959 2734 traduntur

516 2766 767 2884 quadraginta
801 2768 986 2875 millium,
1018 2795 1098 2852 non
1130 2767 1341 2853 Medorum
1366 2791 1432 2852 aut
1455 2771 1689 2873 Persarum,
1722 2795 1807 2852 non
1837 2765 1960 2851 imbel-

517 2881 610 2969 lium
627 2886 885 2992 Asianorum,
922 2887 986 2972 sed
1008 2881 1161 2971 fortium
1185 2885 1343 2972 militum
1369 2886 1534 2971 Romani
1556 2885 1746 2971 nominis:
1782 2913 1849 2970 nec
1862 2884 1960 2970 susti·

518 3001 640 3089 nuisse
657 3006 808 3113 modo,
841 3005 906 3090 sed
923 3003 1112 3119 repulsum
1131 3032 1210 3088 non
1239 3004 1354 3090 semel
1381 3029 1421 3090 et
1436 3005 1581 3092 victum
1609 3002 1800 3118 pudendis
1814 3000 1960 3088 foederi·

519 3120 590 3208 bus
610 3119 797 3213 affecisse.
834 3122 953 3237 Cujus
980 3123 1030 3206 rei
1054 3145 1164 3207 testes
1192 3147 1279 3208 sunt
1306 3122 1579 3236 locupletissimi
1610 3146 1757 3209 veteres
1785 3119 1959 3225 historici,

521 3265 602 3324 non
634 3241 924 3356 Hispanorum,
951 3240 1021 3326 sed
1048 3241 1246 3353 ipsorum,
1275 3241 1341 3355 qui
1371 3241 1648 3348 vincebantur,
1682 3243 1958 3326 Romanorum.

420 3423 428 3434 .
519 3359 614 3441 Non
631 3382 687 3463 est
714 3361 825 3476 igitur
844 3389 941 3473 opus
968 3384 1097 3446 vetera
1114 3385 1333 3465 recensete,
1360 3358 1512 3446 'abunde
1542 3380 1750 3471 suppetunt
1767 3354 1960 3443 recentissi-

523 3504 586 3559 ma
603 3479 806 3562 memoriae
833 3503 982 3563 nostrae
1016 3476 1276 3581 documenta,
1304 3477 1441 3591 quibus
1467 3506 1555 3562 cum
1583 3475 1801 3582 Helvetiis,
1827 3473 1962 3560 ceteris·

526 3622 603 3709 que
627 3594 744 3681 Gallis
759 3620 874 3710 atque
891 3595 988 3682 Italis
1003 3594 1176 3711 gentibus
1190 3594 1462 3710 pugnacissimis
1476 3595 1678 3699 bellantes,
1694 3622 1883 3679 summam
1897 3592 1963 3680 vit·

526 3735 647 3798 tutem
665 3716 943 3819 ostenderunt,
969 3714 1193 3799 continuatis
1221 3713 1341 3828 longo
1358 3737 1529 3828 tempore
1543 3712 1706 3798 victoriis
1721 3773 1735 3818 ,
1753 3743 1849 3828 quas
1866 3709 1963 3828 pauci

367 3889 506 3939 am,
524 3858 671 3948 semper
688 3862 711 3915 a
727 3832 844 3949 longe
861 3831 1061 3942 majoribus
1077 3831 1192 3945 copiis
1219 3856 1481 3945 reportarunt.
1514 3832 1643 3917 Habes
1670 3835 1887 3916 Germanos
1910 3828 1962 3915 vi·

305 3959 383 4054 Μ
398 3953 461 4000 ¹²⁰³·
523 3979 587 4037 ros
614 3948 754 4037 robore
773 3952 940 4066 corporis
966 3973 1006 4035 et
1038 3950 1075 4037 vi
1105 3949 1218 4034 animi
1246 3949 1492 4057 excellentes,
1517 3949 1616 4035 hosti
1638 3949 1774 4035 cedere
1802 3949 1963 4053 nescios,

519 4096 593 4154 nec
621 4093 709 4155 ante
726 4069 893 4173 locum,
922 4096 1039 4184 quem
1071 4067 1184 4153 semel
1201 4069 1497 4183 occupaverint,
1527 4097 1644 4183 quam
1660 4068 1781 4155 vitam
1802 4067 1964 4152 amittere

521 4186 678 4295 solitos,
711 4187 892 4305 prodigos
924 4186 1071 4271 animae
1089 4211 1206 4301 atque
1238 4187 1451 4305 sanguinis,
1479 4187 1664 4272 interritos
1680 4185 1732 4271 ad
1748 4185 1880 4271 omnia
1904 4213 1963 4300 pe·

520 4304 659 4390 ricula:
690 4307 741 4394 ad
764 4335 951 4391 summam
965 4330 1044 4392 tam
1061 4303 1245 4410 invictos,
1274 4330 1318 4391 ut
1334 4334 1414 4391 non
1429 4308 1479 4391 ab
1495 4333 1534 4390 te
1550 4305 1598 4390 de
1613 4303 1744 4389 Suevis
1760 4309 1963 4391 Germano

521 4451 607 4509 rum
638 4422 712 4509 late
739 4426 953 4540 patentibus
969 4423 1117 4541 populis
1145 4424 1288 4510 dictum
1304 4454 1382 4511 esse
1411 4423 1612 4529 videatur,
1642 4422 1754 4537 quod
1784 4447 1846 4509 est
1874 4418 1964 4537 apud

508 4545 720 4628 ¹Caesarem
737 4544 775 4628 in
791 4543 924 4629 Gallici
942 4544 1030 4628 belli
1051 4544 1361 4649 commentariis,
1382 4570 1431 4627 ne
1447 4547 1552 4627 Deos
1573 4542 1728 4656 quidem
1744 4540 1965 4629 immortales

519 4659 603 4775 ipsis
619 4660 723 4778 pares
739 4692 816 4749 esse
832 4693 962 4778 posse.
995 4667 1139 4776 Neque
1154 4686 1302 4747 tanturn
1319 4660 1476 4746 militum
1489 4690 1627 4777 genere
1641 4659 1865 4776 longissime
1878 4666 1964 4744 Tur·

506 4807 580 4865 ¹cas
595 4781 806 4888 anteimus,
829 4782 894 4867 sed
911 4780 1017 4868 omni
1034 4781 1145 4866 etiam
1161 4811 1354 4889 armorum
1372 4805 1584 4895 apparatu,
1610 4779 1832 4892 pracsertim
1862 4782 1966 4866 born·

519 4897 762 4987 bardularum
782 4958 795 5011 ,
820 4929 915 5016 quas
930 4897 1045 4987 factas
1059 4927 1178 5018 nuper
1195 4900 1344 5018 singulis
1359 4898 1574 4986 bominibus
1590 4897 1731 4985 habiles
1747 4901 1968 4987 arabibusrs

1898 5047 1962 5133 Ψ
