4020 5864
513 381 579 476 578
867 368 1222 448 auratoroom
1241 365 1340 439 mo
1364 364 1469 438 aaa.
1487 367 1569 440 1210

484 538 593 619 sunt,
619 528 714 625 quas
729 496 844 623 paulo
858 528 946 589 ante
972 497 1205 602 memoravi,
1222 523 1261 584 et
1284 521 1487 584 nautarum
1515 489 1829 586 acclamationes
1844 561 1857 606 ,
1872 530 1957 620 quas

488 633 584 718 tides
606 630 643 714 in
661 623 908 734 Naufragio:
940 622 972 704 S
974 628 1061 704 ulve
1077 627 1211 730 regino
1228 679 1240 724 ,
1268 624 1378 704 stello
1395 626 1543 724 moris,
1564 625 1710 730 regino
1736 626 1873 727 caeli,
1899 629 1955 709 do

431 740 432 743 Ὺ
486 760 587 834 mluu
603 751 758 849 muudi,
778 760 895 856 portu
911 748 1070 846 solutis,
1098 768 1192 855 quas
1208 765 1298 823 cum
1324 741 1414 824 Pius
1446 737 1631 853 optimam
1655 761 1700 825 et
1721 743 1951 830 commodis-

487 870 617 953 simam
642 866 780 953 habere
797 863 1144 978 interpretationem
1161 859 1321 963 doceat,
1346 857 1422 973 ipse
1439 886 1579 973 urges,
1606 881 1649 944 ct
1666 857 1878 973 periculum
1892 890 1946 948 es·

487 1015 526 1072 se
547 987 628 1092 ais,
658 1014 706 1070 ne
721 983 810 1068 istae
826 979 1053 1068 commodae
1072 976 1397 1092 interpretationes
1413 975 1595 1064 inducant
1626 977 1750 1063 nobis
1778 1008 1849 1094 pto
1870 981 1940 1067 reli·

487 1105 600 1221 gione
624 1101 937 1218 superstitionem.
968 1097 1043 1184 Sed
1070 1097 1139 1183 tibi
1162 1098 1249 1182 Pius
1272 1094 1459 1201 vicissim,
1487 1118 1526 1181 ct
1549 1095 1677 1183 vetius
1699 1091 1867 1185 fortasse
1892 1101 1939 1186 di·

487 1249 573 1328 cat,
606 1221 808 1336 perieulum
827 1249 931 1324 esse,
960 1246 1007 1301 ne
1034 1217 1124 1303 istae
1154 1215 1302 1327 jocosae
1320 1213 1574 1301 cavillationes
1604 1243 1681 1329 pro
1697 1214 1782 1300 risu
1808 1217 1941 1330 pariant

376 1372 377 1375 ‘
486 1342 596 1425 nobis
610 1340 861 1455 impietatem:
890 1335 1106 1453 praesertim
1122 1362 1210 1420 cum
1243 1365 1293 1421 eo
1315 1333 1483 1420 licentiae
1499 1334 1726 1449 processerit
1743 1333 1878 1444 jocus,
1902 1361 1940 1426 ut

486 1488 597 1542 ausus
613 1460 657 1542 sit
674 1458 894 1573 ,Virginem
911 1455 1048 1539 Christi
1066 1477 1225 1538 matrem
1242 1453 1383 1540 Veneri
1403 1452 1442 1536 in
1459 1451 1567 1536 maris
1584 1449 1830 1565 praefectura
1848 1453 1942 1543 suffi-

485 1605 581 1661 cere.
599 1580 846 1689 Quamquam
869 1602 945 1691 ego
962 1603 1042 1657 non
1059 1572 1172 1660 video
1191 1634 1202 1677 ,
1229 1601 1294 1658 cur
1310 1594 1509 1686 tantopere
1525 1570 1862 1661 acclamationibus
1878 1574 1941 1662 illis

485 1701 684 1780 nautarum
701 1693 896 1810 Virginem
912 1715 1069 1776 matrem
1090 1691 1348 1780 invocantium
1367 1752 1379 1796 ,
1397 1696 1573 1775 Erasmus
1589 1687 1837 1800 offendamur,
1851 1722 1937 1781 mam

484 1813 781 1926 Chrysostomus
807 1811 868 1898 vir.
890 1810 1164 1917 sanctissimus,
1193 1836 1231 1896 et
1254 1810 1355 1896 idem
1374 1807 1635 1915 doctissimus,
1670 1809 1800 1896 multo
1830 1812 1937 1926 pluti-

486 1930 555 2015 bus
593 1930 868 2044 majoribusque
897 1929 1010 2013 titulis
1038 1956 1186 2013 crucem
1220 1951 1468 2043 prosequatur
1504 1989 1517 2034 ,
1548 1929 1696 2014 cunctis
1729 1930 1935 2018 Christianis

424 2142 428 2151 ,
484 2050 596 2134 etiam
631 2047 879 2134 eruditissimis
912 2071 951 2132 et
980 2046 1140 2132 maxime
1166 2046 1232 2162 piis
1254 2046 1575 2162 approbantibus:
1611 2047 1759 2152 (luat,
1787 2048 1932 2165 inquit,

485 2187 574 2276 spes
587 2161 915 2270 Christianorum,
940 2192 1037 2249 crux
1053 2168 1132 2249 dux
1145 2192 1369 2270 coecorum,
1393 2192 1493 2249 cruat
1509 2172 1774 2275 navigantium
1794 2171 1929 2277 guber·

465 2290 647 2393 oratrix,
682 2312 781 2370 crux
801 2289 1103 2396 periclitantium
1121 2299 1283 2394 portus,
1313 2310 1411 2366 cruat
1428 2285 1624 2368 debellatio
1642 2288 1812 2388 dioboli,
1836 2314 1930 2370 cruat
1958 2360 1961 2365 ,

483 2409 601 2486 lumen
627 2411 667 2486 iu
694 2405 857 2488 tenebris
872 2406 1075 2487 sedentium
1090 2460 1105 2510 ,
1122 2427 1161 2488 et
1183 2401 1272 2487 item
1298 2400 1490 2487 centiesin
1512 2403 1648 2487 eadem
1672 2403 1829 2489 homilia
1850 2433 1934 2490 cru·

485 2548 569 2606 cem
587 2521 722 2607 talibus
738 2521 894 2608 vocibus
909 2521 1083 2636 appellat.
1282 2568 1283 2571 κ

543 2644 638 2723 L111.
698 2640 774 2726 Sed
806 2639 856 2724 ad
871 2639 1066 2752 epistolam
1082 2639 1219 2744 redeo,
1248 2666 1326 2754 qua
1351 2639 1379 2723 si
1394 2638 1457 2724 tibi
1480 2637 1620 2723 bellum
1651 2640 1855 2727 videbatur
1868 2641 1933 2726 hac

484 2783 642 2870 quoque
672 2756 712 2842 in
745 2781 852 2871 parte
869 2756 1077 2842 Lucianum
1102 2755 1234 2845 imitari
1249 2816 1260 2860 ,
1278 2756 1344 2870 qui
1359 2762 1562 2841 Saturnum
1578 2754 1668 2842 facit
1682 2759 1789 2843 simili
1804 2759 1932 2874 episto

482 2872 521 2958 la
535 2873 789 2959 sibiLuciano
806 2903 876 2989 pto
898 2874 1120 2988 pauperibus
1148 2873 1404 2987 respondete,
1434 2874 1551 2959 saltim
1582 2874 1678 2960 illius
1711 2877 1931 2994 diligentiam

482 3015 597 3106 atque
613 3019 742 3077 curam
775 3020 853 3078 non
880 2992 1108 3108 neglexisses.
1139 2996 1321 3077 Saturnus
1347 2993 1447 3077 enim
1463 2991 1686 3078 Lucianicus
1712 3023 1785 3080 nec
1809 2996 1932 3112 gratias

481 3110 559 3225 agit
573 3109 774 3226 Diagorae,
791 3136 857 3196 aut
873 3110 990 3194 atheo
1005 3109 1166 3224 cuipiam
1180 3109 1303 3214 alteri,
1317 3109 1426 3224 quod
1441 3108 1496 3196 sui
1524 3134 1823 3227 ceterorumque
1850 3115 1932 3198 deo·

481 3255 566 3319 rum
580 3227 724 3312 cultum
745 3228 1018 3332 submovisset,
1041 3252 1079 3313 et
1095 3255 1140 3313 ea
1168 3228 1289 3313 solum
1313 3253 1407 3314 vota
1422 3257 1630 3342 pauperum
1663 3230 1817 3340 rejicit,
1843 3261 1932 3345 quae

481 3373 598 3430 nemo
623 3375 702 3430 non
721 3347 823 3433 videt
838 3375 915 3431 esse
931 3345 1087 3432 ridenda
1103 3407 1115 3451 ,
1134 3345 1245 3460 quale
1262 3345 1384 3448 illud,
1409 3370 1453 3432 ut
1477 3375 1609 3431 omnes
1640 3347 1823 3435 homines
1838 3378 1927 3464 pates

482 3465 617 3578 opibus
652 3463 784 3551 fierent
815 3490 855 3549 et
883 3461 1132 3549 lacultatibus.
1173 3469 1227 3551 At
1251 3464 1440 3549 Erasmica
1464 3465 1585 3581 Virgo
1601 3465 1769 3579 primum
1807 3468 1930 3584 gratias

481 3584 558 3698 agit
592 3583 814 3669 tollentibus
838 3583 892 3666 sui
924 3610 968 3666 ac
1000 3608 1211 3667 ceterorum
1251 3581 1428 3668 divorum
1455 3582 1625 3683 cultum3
1651 3583 1796 3670 deinde
1828 3585 1933 3701 plera·

481 3729 557 3813 que
594 3726 685 3786 vota
702 3701 900 3786 hominum
921 3700 1091 3804 incusat,
1119 3729 1219 3816 quae
1247 3700 1502 3786 honestissime
1526 3730 1549 3784 a
1580 3699 1704 3806 divis,
1738 3727 1932 3818 tamquam

480 3818 584 3931 apud
603 3823 728 3903 Deum
746 3817 1056 3923 intercessoribus,
1074 3844 1255 3932 petuntur
1275 3846 1287 3922 3
1303 3842 1495 3932 postremo
1510 3848 1614 3903 suam
1631 3819 1883 3907 ambitionem
1899 3846 1933 3906 et

478 3936 670 4020 avaritiam
690 3934 814 4041 fassa,
846 3937 949 4021 haud
968 3938 1125 4021 obscure
1150 3937 1262 4022 docet
1295 3937 1472 4022 divorum
1490 3936 1633 4022 cultum
1650 3937 1730 4023 sine
1762 3938 1843 4024 ulla
1857 3939 1931 4043 alia,

479 4084 596 4168 quam
611 4053 858 4140 sacrificorum
876 4077 1053 4169 quaestus
1069 4053 1208 4166 jactura
1232 4074 1341 4169 posse
1360 4057 1408 4138 ab
1424 4055 1623 4140 hominum
1640 4057 1837 4143 mentibus
1851 4061 1934 4143 abo

478 4171 555 4256 leri.
573 4175 686 4270 Quae
712 4201 798 4259 cum
819 4173 904 4261 talia
938 4173 1037 4277 sint,
1071 4196 1205 4258 ettam
1240 4173 1401 4258 scandali
1432 4173 1573 4288 plena,
1602 4197 1644 4258 tu
1676 4199 1812 4260 tamen
1847 4173 1935 4261 fene

478 4310 559 4372 non
589 4318 725 4402 potes,
748 4294 855 4406 quod
879 4292 946 4376 tibi
976 4289 1199 4398 obiiciantur
1226 4320 1248 4374 a
1274 4292 1374 4396 Pio,
1402 4314 1442 4376 et
1474 4288 1702 4376 satisfactum
1733 4318 1879 4407 putas,
1909 4294 1934 4379 si

477 4406 603 4491 dicas:
631 4410 730 4492 Sunt
745 4413 836 4495 hoec
852 4416 999 4492 ludicro
1019 4469 1030 4514 ,
1037 4408 1173 4513 fateor
1193 4415 1288 4513 ,sed
1300 4435 1370 4494 oon
1384 4418 1507 4492 ⁴uu‘uus
1521 4413 1670 4493 ludicro
1692 4429 1819 4517 suut,
1845 4439 1936 4520 quoe

476 4530 582 4608 docet
598 4525 718 4608 Beda.
754 4534 841 4644 Ego
857 4529 949 4642 quid
968 4528 1107 4613 doceat
1131 4523 1266 4633 Beda,
1298 4528 1453 4633 nescio,
1482 4528 1722 4644 nequeenim
1757 4532 1852 4615 mihi
1875 4559 1934 4615 cu·

475 4644 612 4754 pienti,
637 4646 728 4730 dum
744 4645 839 4730 baec
856 4648 1081 4760 proderem,
1098 4646 1257 4764 contigit
1281 4644 1391 4759 ipsius
1409 4646 1541 4760 scripta
1559 4647 1688 4734 videre
1707 4680 1716 4732 ε
1734 4646 1833 4736 illud
1849 4650 1924 4750 so‘o,

404 4846 407 4851 .
473 4760 542 4847 ista
567 4764 723 4876 epistola
738 4788 781 4847 ut
799 4765 905 4848 matti
929 4764 1074 4880 Virgini
1104 4792 1143 4852 et
1171 4765 1301 4879 ceteris
1319 4765 1413 4852 divis
1440 4764 1740 4871 contumeliosa,
1762 4769 1921 4854 omnium

372 4906 378 4917 ·
471 4906 551 4968 non
584 4882 669 4970 dico
693 4883 841 5000 egregie
867 4883 1044 4999 piorum,
1070 4885 1142 4974 sed,
1166 4883 1509 4973 honestissimorum
1541 4883 1804 5004 graviumque
1834 4886 1926 4974 viro·

484 5050 486 5053 ·
1843 5033 1918 5093 num
