4006 5850
649 353 985 425 ·LIBER11.
1437 382 1506 453 455

93 478 149 597 gis
177 479 396 580 auctoritate
417 476 536 588 maior
567 474 739 560 minorve
762 504 873 559 causa
894 476 1039 561 subesse
1067 477 1182 564 debet
1218 481 1268 566 ad
1316 483 1533 598 dispensan-

93 601 200 683 dum.
234 600 347 694 Quae
365 624 598 711 quamquam
616 622 703 676 uera
721 594 807 697 sint,
826 623 901 697 ac,
920 620 962 677 ut
983 624 1117 706 sper0,
1142 599 1286 713 magnis
1295 604 1499 688 rationibus
1510 601 1724 712 a„J,⁰;,‘},⁶„{f,¹¹{,‘g

91 715 201 800 nobis
216 714 469 815 confirmata,
503 710 592 794 mihi
616 736 744 794 tamen
771 712 959 796 subvereri
986 711 1023 794 in
1044 738 1210 798 mentem
1230 718 1332 802 venit
1364 780 1375 824 ,
1403 750 1451 805 ne
1478 725 1715 808 te·‘⁰⁶¹⁶·⁰·¹⁰⁷

91 834 270 921 tricorum
287 832 554 947 theologorum
574 827 702 941 aliquis
727 829 874 914 anobis
890 828 1028 912 consilii
1057 832 1172 913 nostri
1204 833 1385 929 rationem
1419 841 1534 950 paulo

90 949 252 1033 severius
284 976 469 1063 poscens,
501 943 668 1029 officium
702 945 813 1028 etiam
840 945 1030 1060 requirat:
1070 947 1176 1059 quasi
1209 979 1342 1061 parum
1366 950 1531 1042 officiose

90 1095 203 1182 agere
224 1068 447 1170 videamur,
470 1064 497 1147 si
517 1125 527 1167 ,
544 1091 630 1146 cum
650 1062 851 1177 gravissimi
884 1062 1053 1179 theologi
1075 1065 1173 1148 hanc
1199 1069 1456 1180 quaestionem
1483 1074 1533 1157 sic

90 1185 363 1287 tractaverint,-
390 1208 433 1266 ut
460 1181 614 1295 quidam
646 1210 724 1263 rem
750 1181 892 1264 acutius
910 1181 1192 1295 perspicientes,
1217 1215 1325 1269 suum
1357 1187 1533 1296 judicium

90 1301 330 1385 dissimulasse
348 1360 360 1404 ,
387 1327 455 1383 nec
478 1299 585 1410 plane
602 1297 696 1410 quid
713 1300 891 1381 sentirent
908 1359 920 1401 ,
937 1299 1208 1383 enuntiandum
1225 1303 1368 1387 duxisse
1385 1307 1531 1392 videan-

91 1442 182 1520 tur,
208 1447 256 1502 ne
283 1419 312 1501 si
342 1418 392 1502 ad
413 1417 511 1529 leges
535 1414 678 1498 diuinas
704 1439 743 1498 et
768 1416 950 1503 naturales
974 1413 1168 1528 pontificiis
1201 1419 1534 1532 dispensationibus

87 1536 235 1620 aditum
258 1532 464 1649 quamlibet
495 1557 700 1648 angustum
735 1528 989 1645 patefacerent
1022 1593 1034 1638 ,
1063 1535 1214 1619 easdem
1247 1540 1448 1648 prodere,
1490 1572 1535 1628 ac

89 1650 285 1755 licentiae,
311 1679 411 1766 quae
434 1678 726 1762 nonnumquam
747 1676 837 1732 cum
858 1679 937 1732 non
965 1679 1083 1761 parvo
1101 1652 1326 1738 detrimento
1351 1657 1534 1773 religionis

90 1795 289 1881 usurpatur
308 1829 319 1873 ,
344 1766 536 1882 indulgere
555 1766 771 1851 viderentur
790 1794 802 1868 3
827 1794 899 1851 nos
917 1794 976 1849 eas
992 1797 1149 1882 quoque
1166 1797 1413 1858 sacrosanctas
1433 1777 1535 1893 leges

88 1884 301 1997 pontificiae
318 1883 580 1997 dispensationi
605 1882 788 1967 obnoxias
813 1911 893 1967 esse
909 1883 1165 1996 profiteamur.

149 2005 328 2088 XXVlll.
388 2002 460 2086 Sed
480 2003 622 2085 utinam
650 2026 729 2084 tam
747 1996 852 2085 facile
877 2026 1000 2105 esset,
1026 2031 1092 2086 eos
1108 2066 1120 2105 ,
1135 2004 1201 2118 qui
1217 2005 1339 2117 parvis
1368 2010 1534 2094 occasio.
1552 2086 1556 2096 ¹

88 2117 198 2204 nibus
221 2142 365 2204 mvtran
392 2118 583 2234 diligenter
609 2143 766 2222 errant,
799 2119 848 2201 ab
879 2146 924 2201 ea
947 2117 1057 2231 culpa
1073 2149 1140 2232 per
1165 2135 1292 2206 veram
1324 2126 1535 2212 doctrinam

90 2263 298 2339 revocare,
326 2264 441 2350 quam
460 2262 558 2321 recte
585 2260 709 2348 potest
729 2235 1129 2340 institutumnostrum
1156 2267 1179 2319 a
1199 2240 1261 2322 tali
1276 2240 1534 2329 criminatione

91 2376 130 2436 et
153 2351 336 2437 calumnia
356 2351 549 2437 vindicati.
581 2357 665 2434 Nos
683 2352 783 2435 enim
818 2352 917 2466 leges
932 2381 955 2434 a
971 2377 1103 2436 natura
1130 2352 1314 2465 prolectas
1330 2387 1352 2439 a
1370 2363 1533 2474 Deoque

90 2469 212 2574 latas,
241 2497 411 2586 quaeres
433 2468 553 2555 modo
569 2467 760 2587 attingant
790 2469 1005 2553 hominibus
1021 2472 1185 2586 agendas
1207 2532 1218 2576 ,
1245 2473 1427 2586 pontificis
1456 2480 1534 2562 dis-

87 2588 348 2699 pensationem
368 2586 565 2673 admittere
588 2615 695 2698 posse
719 2586 930 2670 docemus:
965 2588 1099 2672 sedita
1130 2590 1339 2694 docemus,
1365 2618 1409 2676 ut
1435 2596 1533 2679 clara

90 2733 186 2789 voce
203 2703 483 2819 profiteamur,
516 2702 833 2815 dispensationem
865 2732 944 2786 non
961 2731 1064 2811 esse,
1089 2705 1149 2788 cui
1181 2736 1259 2791 non
1290 2735 1464 2822 suppetat
1489 2743 1534 2797 ea

89 2847 226 2928 causa,
251 2850 352 2936 quae
365 2817 506 2924 faciat,
522 2845 624 2906 recta
653 2820 798 2904 ratione
815 2817 1039 2931 dijudicante
1056 2883 1068 2925 ‚
1085 2846 1127 2905 ut
1154 2827 1392 2910 commodius
1412 2831 1535 2944 aequi·

91 2966 209 3052 usque
226 2939 271 3022 sit
283 2938 348 3023 tali
361 2962 532 3052 tempore
550 2996 562 3041 ,
583 2960 648 3019 aut
665 2936 728 3020 tali
745 2964 833 3020 casu
848 2937 897 3020 sic
917 2938 1057 3042 statui,
1079 2968 1194 3052 quarn
1212 2971 1282 3056 pro
1308 2943 1445 3057 scripto
1470 2978 1535 3060 pu·

91 3053 205 3138 blicae
231 3054 349 3170 legis,
369 3084 476 3169 quae
503 3053 649 3140 venerit
673 3054 711 3136 in
735 3055 1031 3141 controversiam
1061 3090 1072 3146 a
1106 3056 1417 3170 dispensationem
1446 3064 1535 3147 nihil

89 3169 190 3258 aliud
212 3172 437 3285 appellantes
455 3233 467 3276 ,
496 3201 611 3286 quam
627 3171 910 3283 prudentemac
927 3171 1134 3286 religiosam
1159 3200 1197 3259 et
1212 3175 1428 3292 gravissimo
1442 3203 1533 3264 con·

88 3287 170 3373 silio
191 3284 398 3375 faciendam
433 3289 616 3373 incarnis
648 3316 751 3372 extra
785 3288 956 3374 ordinem
989 3288 1235 3376 incidentibus
1257 3292 1534 3406 interpretatio-

88 3431 177 3489 nem
196 3434 208 3508 3
230 3406 368 3491 nonin
398 3406 453 3491 his
478 3430 627 3491 tantum
643 3404 815 3521 legibus,
838 3435 937 3519 quae
961 3406 1012 3491 ad
1040 3408 1279 3520 sempiternas
1309 3410 1385 3496 illas
1419 3436 1532 3496 ratas·

88 3550 163 3636 que
181 3547 335 3608 naturae
362 3520 492 3638 leges,
522 3525 571 3606 de
595 3520 730 3636 quibus
763 3552 874 3635 supra
893 3525 1211 3631 memoravimus,
1238 3528 1405 3641 proxime
1429 3558 1533 3614 acce·

90 3638 186 3722 dunt
207 3636 470 3753 (quamquam
489 3639 562 3724 hae
578 3668 659 3753 quo
678 3639 876 3725 sanctiores
889 3642 1232 3757 constantioresque
1259 3668 1366 3748 sunt,
1383 3644 1458 3728 hoc
1475 3676 1532 3731 ra-

89 3755 163 3838 rius
181 3755 493 3870 constantiusque
514 3781 602 3840 sunt
617 3757 950 3869 interpretandae)
974 3758 1090 3841 sedin
1108 3759 1157 3843 eis
1180 3759 1289 3844 eriam
1307 3805 1319 3864 ·,
1335 3790 1434 3877 quae
1450 3763 1533 3847 lon·

91 3872 173 3986 gius
191 3873 240 3957 ab
276 3902 324 3957 eo
351 3873 456 3960 velut
479 3870 586 3957 fonte
612 3874 800 3978 derivatae
832 3874 1052 3977 discessere,
1089 3901 1128 3959 et
1154 3903 1365 3962 sanctorum
1382 3904 1532 3991 patrum

88 3991 410 4105 conciliorumque
428 3990 582 4077 decretis
598 3989 841 4075 confirmatae
873 4019 916 4075 ac
945 3991 1121 4076 stabilitae
1151 4020 1265 4078 sunt.
1307 4001 1409 4080 Nam
1432 4026 1532 4110 quae

87 4108 282 4215 precibus,
308 4133 375 4195 aut
392 4107 525 4222 ,quod
539 4108 653 4222 longe
673 4109 817 4221 turpius
833 4133 887 4191 est
904 4168 917 4210 ,
931 4109 1051 4221 pretio
1065 4168 1078 4210 ,
1095 4109 1267 4223 breviter,
1283 4111 1353 4193 alia
1369 4114 1529 4219 ratione,

89 4250 204 4333 quam
223 4226 484 4337 exposuimus,
503 4226 698 4339 impetrata
714 4224 930 4340 quaesitave
946 4225 990 4307 sit
1007 4286 1018 4325 ,
1034 4225 1125 4308 haec
1142 4292 1152 4325 ,
1182 4227 1210 4309 si
1238 4255 1369 4311 uerum
1386 4232 1531 4343 quaeri·

89 4368 196 4442 mus,
229 4341 382 4453 ¹quidvis
409 4341 530 4454 potius
547 4341 646 4429 aliud
667 4403 678 4445 ,
701 4372 817 4455 quam
846 4340 1069 4454 dispensatio
1096 4367 1194 4425 recte
1226 4347 1530 4458 nuncupabitur:

87 4454 156 4539 nisi
180 4453 279 4539 forte
298 4455 424 4541 ludere
441 4482 615 4572 putamus
640 4460 902 4560 Bernardum,
929 4487 1048 4571 aquo
1064 4457 1101 4541 in
1129 4487 1176 4542 eo
1202 4458 1325 4563 libro,
1346 4493 1461 4577 quem
1483 4471 1529 4546 de

87 4577 376 4656 consideratione
392 4576 442 4659 ad
465 4576 679 4690 Eugenium
707 4578 851 4688 Papam
878 4575 997 4675 misit,
1031 4600 1069 4658 et
1095 4574 1165 4659 alia
1193 4572 1405 4688 praeclare,
1436 4607 1474 4665 et
1489 4582 1529 4664 il·

86 4689 152 4776 lud
167 4691 205 4773 in
222 4690 344 4804 primis
364 4691 537 4804 scriptum
552 4717 606 4775 est
624 4723 633 4773 ε
663 4692 735 4773 Ubi
750 4702 952 4775 necessitas
969 4709 1077 4798 urget
1095 4699 1347 4796 ,excusabilis
1362 4714 1419 4777 est
1446 4704 1525 4780 dis·

81 4817 252 4914 pensatio
288 4842 296 4893 :
331 4811 395 4895 ubi
423 4817 570 4893 utilitas
593 4826 782 4919 prouocat
804 4867 818 4918 ,
844 4815 1070 4926 dispensatio
1098 4815 1304 4895 laudabilis
1332 4842 1341 4898 :
1379 4821 1526 4897 utilitas

1441 4936 1523 5017 dico
