4192 5880
551 418 601 473 ιι·
868 392 1162 475 -RERUM
1203 394 1600 474 GESTARUM

519 591 547 649 „
561 558 601 616 se
604 522 897 632 sollicitudine,
923 523 1084 640 populos
1114 521 1371 612 ecclesiasticos
1396 553 1441 610 ea
1471 526 1638 614 molestia
1665 527 1976 664 sublevare,es-

518 711 546 758 „
560 679 644 737 rum
674 649 870 735 civitatum
911 671 1128 780 sequeretur
1159 644 1404 778 exemplum,
1439 675 1539 760 quae
1570 653 1745 765 pecunias
1778 682 1968 745 numerar-

516 830 543 878 „
560 795 664 855 sent.
678 776 705 818 “
738 775 791 853 Et
804 794 981 880 magnam
998 764 1075 851 vim
1101 763 1341 879 pecuniarum
1358 789 1516 880 petunt

577 890 745 972 XXXV.
805 889 920 968 Hanc
936 889 1218 968 Gennanorum
1245 882 1478 969 insolentiam
1494 886 1657 1002 graviter
1683 889 1893 980 admodum
1912 921 1972 983 tu

517 1007 559 1092 lit
576 1006 780 1124 Aegidius,
797 1002 1010 1119 praesertim
1033 1001 1124 1117 quia
1155 1001 1440 1117 suspicabatur,
1468 1010 1684 1094 Germanos
1701 1010 1856 1122 Joannis
1889 1017 1973 1104 Vici

514 1127 755 1214 voluntatem
780 1147 953 1229 secutos,
970 1120 1010 1204 in
1026 1121 1063 1208 id
1079 1120 1259 1207 audaciae
1276 1153 1320 1207 ac
1335 1123 1581 1250 imprdbitatis
1612 1129 1818 1215 adversum
1814 1164 1866 1219 se
1882 1165 1971 1248 pro

514 1245 695 1351 cessisse,
711 1273 798 1328 cum
829 1242 937 1326 ille
902 1266 1023 1328 victus
1051 1242 1351 1348 necessitatibus,
1368 1272 1484 1328 unam
1505 1274 1551 1329 ex
1573 1242 1717 1333 filiabus
1737 1250 1970 1340 suisAnibal

516 1365 570 1452 do
585 1306 737 1451 Moritis
752 1361 899 1478 Regalis
933 1358 1035 1444 lratri
1065 1390 1154 1445 cum
1177 1363 1311 1498 grandi
1341 1364 1432 1447 dote
1456 1366 1745 1479 spopondisset,
1762 1370 1971 1470 existimans

514 1484 565 1568 sic
592 1484 803 1570 universam
819 1480 1035 1564 societatem
1062 1508 1169 1592 posse
1196 1481 1242 1564 in
1249 1505 1373 1594 partes
1397 1510 1481 1566 suas
1507 1483 1665 1570 adduci
1699 1492 1804 1604 Ergo
1824 1489 1973 1607 legatos

320 1637 359 1686 ιι
395 1633 498 1682 corma
514 1603 651 1688 iterum
674 1601 727 1688 ad
756 1598 971 1686 societatem
987 1626 1075 1682 cum
1101 1597 1155 1683 lris
1179 1600 1363 1686 mandatis
1388 1601 1523 1686 mittit:
1551 1605 1723 1709 „Mirari
1748 1632 1826 1694 sese
1841 1670 1853 1713 ,
1868 1638 1972 1750 quae

320 1709 418 1805 llll'l
434 1691 499 1802 pii
515 1784 543 1831 „
557 1749 667 1806 causa
689 1723 810 1836 ipsos,
827 1748 893 1804 sua
920 1717 1168 1835 ecclesiaeque
1180 1724 1380 1806 Romanae
1396 1720 1794 1837 amicitiasrepudiata,
1800 1756 1860 1812 eo
1873 1730 1972 1842 inju

321 1818 440 1880 “md“
514 1904 541 1950 „
558 1841 695 1926 riarum
712 1865 750 1925 et
765 1839 803 1923 in
833 1863 913 1925 tam
929 1838 1056 1953 iniqua
1073 1839 1259 1953 postulata
1284 1839 1549 1954 compulisset,
1565 1868 1652 1926 cum
1674 1873 1713 1927 se
1744 1844 1853 1932 hoste
1886 1877 1967 1936 non

515 2023 543 2069 „
556 1959 867 2062 contemnendo,
897 1957 1018 2041 amico
1041 1954 1194 2043 fortasse
1219 1988 1298 2045 non
1323 1958 1476 2064 inutili,
1501 1958 1552 2044 eis
1580 1957 1721 2047 liceret
1736 1963 1829 2067 uti,
1856 1993 1967 2055 tanto

511 2081 672 2197 „magis
697 2107 785 2163 cum
799 2079 918 2162 Mons
936 2075 1082 2206 Regalis
1107 2078 1295 2212 superiqre
1311 2106 1442 2183 anno,
1459 2019 1535 2164 lide
1550 2076 1665 2186 data,
1683 2080 1864 2194 pollicitus
1881 2082 1971 2173 fuis-

513 2224 642 2309 „set,
656 2197 872 2286 societatem
898 2223 937 2280 se
954 2195 1002 2279 ab
1012 2191 1250 2282 inlerenda
1240 2196 1369 2309 mjuria
1393 2195 1600 2291 civitatibus
1618 2199 1859 2287 ecclesiasticis
1873 2232 1971 2292 con-

512 2343 767 2428 ,.,tenrurum
803 2321 906 2401 Nam
923 2316 1037 2431 quod
1068 2315 1133 2402 sibi
1158 2317 1399 2432 pecuniarum
1416 2317 1493 2404 vim
1523 2319 1735 2440 extorqueri
1763 2350 1871 2435 posse
1896 2354 1972 2439 pu·

512 2502 540 2547 „
554 2462 704 2545 tarent,
721 2465 801 2524 non
823 2435 969 2522 modo
945 2436 1091 2570 iniuste
1119 2466 1185 2522 eos
1201 2434 1346 2541 facere,
1363 2437 1428 2524 sed
1451 2436 1562 2522 etiam
1573 2436 1850 2551 imprudenter.
1890 2445 1971 2530 Ne·¹

510 2620 539 2666 „
552 2587 629 2692 qqe
652 2558 752 2644 enim
776 2584 906 2641 earum
922 2553 1142 2661 civitatum,
1159 2584 1252 2671 quas
1277 2586 1410 2672 pacem
1436 2586 1458 2640 a
1485 2586 1523 2642 se
1549 2586 1692 2673 magno
1710 2558 1832 2672 pretio
1854 2563 1967 2648 rede·

510 2676 658 2786 „misse
687 2677 892 2810 jactarent,
908 2698 947 2758 et
967 2703 1073 2759 suam
1102 2675 1359 2760 conditionem
1380 2674 1532 2760 similem
1558 2703 1656 2760 esse.
1688 2676 1768 2761 lllas
1800 2707 1969 2795 namque

511 2796 675 2908 „multo
692 2793 843 2912 plus,sr
869 2792 1033 2878 resistere
1048 2791 1266 2899 vellent,m
1294 2823 1443 2881 novum
1464 2794 1666 2881 exercittun
1686 2793 1965 2885 conficiendum

509 2911 659 3028 „fuisse
689 2914 913 3018 collaturas,
932 2936 971 3004 et
991 2939 1080 2998 cum
1106 2941 1287 3048 ..magno
1286 2938 1369 3005 tum
1394 2913 1553 3001 universi
1543 2913 1723 3029 populi,
1740 2939 1822 3000 mm
1835 2915 1964 3034 singu

510 3098 538 3147 ,‚
553 3033 680 3121 lorum
713 3031 959 3119 incommodo
988 3060 1011 3115 a
1035 3058 1132 3146 pacrs
1157 3032 1318 3148 negotiis
1339 3032 1585 3121 evocandas:
1605 3062 1644 3119 se
1677 3035 1830 3119 veroin
1855 3036 1966 3123 armis

510 3216 538 3300 „
551 3182 654 3259 esse,
671 3178 709 3241 et
733 3182 777 3239 ea
792 3150 949 3286 pecunia
972 3148 1164 3235 honestius
1192 3150 1439 3267 libentimque
1456 3180 1603 3238 novum
1629 3151 1782 3237 militem
1811 3153 1861 3239 ad
1876 3185 1967 3268 pro-

510 3335 539 3384 „
519 3270 783 3389 pulsandas
775 3268 948 3384 injurias,
964 3268 994 3353 si
1017 3298 1147 3405 opus·
1141 3292 1256 3375 esset,
1270 3270 1548 3356 conducturum
1566 3332 1578 3375 ,
1576 3300 1828 3407 'quamquam
1847 3273 1899 3359 ad
1917 3273 1966 3362 id

510 3391 637 3501 „satis
650 3418 833 3506 superque
847 3386 992 3474 roboris
1022 3414 1066 3471 ac
1082 3386 1216 3475 virium
1240 3387 1304 3473 sibi
1319 3414 1410 3476 esse
1417 3389 1455 3474 in
1469 3391 1588 3477 veteri
1601 3413 1639 3475 et
1653 3391 1855 3477 exercitato
1873 3391 1961 3477 mili·

510 3534 594 3619 „te
610 3538 778 3626 sperare.
812 3506 925 3592 Serta
953 3533 1029 3593 esse
1045 3534 1278 3642 semperque
1286 3503 1393 3594 luisse
1408 3507 1639 3615 animatum,
1663 3532 1707 3594 ut
1735 3510 1835 3596 ultro
1849 3534 1966 3596 num-

512 3690 540 3740 „
554 3658 672 3745 quam
688 3657 834 3715 novum
848 3626 995 3711 hostem
1009 3651 1102 3713 esset
1123 3625 1383 3762 quaesiturus:
1400 3627 1584 3714 lacessitus
1610 3653 1749 3713 autem
1748 3628 1967 3746 ,dignitatis

512 3809 541 3855 „
556 3776 643 3831 suae
672 3774 716 3829 ac
747 3745 965 3879 civitatum,
992 3772 1156 3858 quarum
1188 3744 1437 3859 patrocinium
1468 3774 1492 3831 a
1521 3743 1702 3831 Pontifice
1726 3747 1966 3881 suscepisset,

513 3862 834 3974 „commoditatis
860 3861 1043 3947 rationem
1075 3861 1179 3948 haud
1207 3863 1367 3980 segniter
1398 3864 1618 3951 habiturus.
1644 3863 1841 3951 Proinde
1832 3890 1968 3952 rterum

512 3982 765 4096 „iterumque
793 4008 927 4096 rogare
954 4009 1187 4116 monereque
1221 4011 1286 4096 per
1302 3984 1454 4068 Deum
1446 3983 1529 4097 ,usti
1555 3982 1641 4067 belli
1667 4012 1810 4097 semper
1836 3982 1968 4079 fauto-

513 4139 540 4210 „
555 4130 649 4235 rem,
671 4098 930 4218 ultoremque
921 4097 1069 4210 rnjusti,
1087 4098 1331 4186 ecclesiasticis
1347 4099 1494 4207 linibus,
1511 4101 1611 4187 nulla
1627 4101 1783 4215 amplius
1796 4099 1917 4185 illata
1908 4130 1966 4186 rn-

514 4258 541 4328 „
555 4219 671 4331 juria,
687 4215 821 4304 oedete
845 4243 1062 4304 maturent:
1087 4247 1187 4333 quae
1208 4248 1236 4302 sr
1225 4215 1426 4306 fecissent
1440 4250 1646 4337 ,magnam
1669 4248 1708 4303 se
1727 4220 1793 4304 illis
1806 4219 1967 4335 gratiam

512 4374 539 4446 „
558 4338 772 4423 habiturum
791 4398 803 4442 ‚
820 4362 859 4422 et
879 4365 978 4453 quae
995 4338 1126 4422 Monti
1139 4336 1269 4472 Regali
1285 4337 1473 4452 superiore
1489 4367 1592 4424 anno
1610 4334 1734 4423 luisset
1759 4337 1964 4452 pollicitus,

513 4456 864 4572 „quamprimum
893 4483 1008 4570 opere
1040 4455 1326 4570 praestiturum:
1345 4455 1400 4541 sin
1427 4456 1549 4547 minus
1564 4457 1804 4571 impetraret,
1820 4456 1871 4543 ita
1900 4456 1968 4541 sibi

512 4635 542 4685 „
555 4576 848 4692 persuaderent,
863 4576 975 4660 rebus
1003 4602 1041 4657 se
1058 4574 1131 4660 suis
1155 4599 1194 4661 et
1210 4574 1381 4663 ecclesiae
1407 4576 1599 4662 clientibus
1631 4575 1811 4711 sociisque
1834 4574 1967 4691 gnavi·

512 4756 541 4803 „
558 4720 615 4781 ter
644 4724 720 4782 esse
754 4693 1030 4782 comulturum.
1041 4699 1068 4744 “
1098 4692 1250 4790 Quibus
1264 4691 1424 4800 auditis,
1460 4694 1641 4782 Germani
1657 4694 1791 4809 partim
1818 4693 1870 4779 rei
1897 4693 1969 4779 Ιιο·

426 4882 438 4899 .
513 4839 657 4901 nestate
673 4877 686 4922 ,
704 4815 839 4950 partim
864 4812 999 4898 timore
1026 4811 1139 4921 victi,
1157 4844 1222 4931 per
1248 4813 1504 4902 ecclesiasticos
1527 4814 1706 4902 terminos
1735 4842 1758 4900 a
1785 4809 1969 4900 maleficio

509 4957 788 5052 temperantes,
813 4932 853 5022 in
878 4961 1013 5053 agrum
1039 4934 1278 5024 Senensem
1269 4960 1338 5025 rtet
1370 4935 1590 5054 suscipiunt.
1622 4931 1808 5052 Aqubus
1822 4957 1971 5020 extorta

1910 5077 1971 5167 P*
