4020 5864
525 386 591 461 530
814 364 880 436 DE
906 360 1126 434 FATOET
1151 359 1335 435 LIBERO
1352 358 1590 435 ARBITRIO

349 513 400 563 cor·
416 529 439 576 a·
500 518 544 578 ut
559 491 680 578 scribit
695 488 830 577 Paulus
842 491 893 576 ad
917 494 1037 574 Rom.
1055 513 1094 575 et
1110 487 1161 574 ad
1175 489 1351 576 Corinth.
1384 489 1504 574 Nemo
1515 496 1704 599 glorietur
1720 501 1779 578 *in
1796 495 1945 582 bomin·

344 575 449 695 iiii-l·
500 615 570 695 bus
586 669 601 716 ,
618 620 736 697 omniu
750 626 883 695 uestra
899 623 984 692 sunt
998 670 1010 712 ,
1026 634 1098 692 vus
1114 609 1280 712 Christi,
1297 608 1477 694 Christus
1492 611 1586 694 Dei.
1604 617 1702 697 Item
1719 673 1733 718 ,
1751 613 1867 720 ,Quid
1879 618 1944 699 ba-

500 733 567 813 bes
581 734 677 835 quod
691 755 760 814 non
776 729 988 837 accepisti?
1020 733 1073 811 Et
1089 785 1102 831 ,
1120 727 1253 810 Omnia
1264 744 1417 835 possum
1440 735 1617 837 incoqui
1639 738 1878 817 meroburat.
1908 737 1944 821 Si

501 847 668 934 adhunc
696 847 796 957 enim
813 845 973 931 modum
989 845 1076 930 talia
1098 845 1296 959 scripturae
1321 844 1406 931 loca
1430 844 1791 961 interpretabbnur,
1816 854 1942 941 omnia

501 965 596 1050 inter
613 996 651 1052 se
665 965 903 1051 cohaerentia
920 1025 932 1069 ,
949 987 988 1047 et
1020 963 1239 1048 examussim
1256 962 1479 1077 quadrantia
1504 967 1733 1079 reperiemus
1753 1026 1768 1074 ,
1793 995 1829 1055 et
1842 999 1940 1056 com·

500 1111 655 1170 munem
682 1082 921 1198 prudentium
952 1081 1152 1166 hominum
1179 1081 1405 1167 intellectum
1439 1082 1637 1200 ipsumque
1675 1115 1809 1171 rerum
1836 1116 1941 1176 usum

498 1202 774 1288 retinebimus:
809 1200 864 1286 sin
895 1199 1031 1305 aliter,
1061 1198 1249 1286 dissidium
1275 1227 1423 1286 necesse
1450 1197 1562 1287 buerit
1590 1203 1629 1287 in
1652 1203 1795 1291 divinis
1825 1205 1942 1292 litenis

502 1320 690 1425 excitare,
713 1344 751 1405 et
781 1343 915 1404 contra
940 1346 1115 1402 sensuum
1148 1341 1371 1434 argumenta
1410 1343 1450 1403 et
1477 1344 1705 1407 cunctorum
1751 1323 1943 1409 hominum

503 1434 680 1548 judicium
703 1436 821 1523 multa
845 1437 1034 1552 paradoxa
1049 1434 1231 1521 confiteri.
1264 1436 1413 1532 Quibus
1435 1436 1698 1551 explicatis,in
1726 1466 1945 1556 promtuest

499 1580 539 1641 et
554 1557 729 1673 expedito
746 1556 795 1642 ad
819 1581 1041 1672 argumenta
1068 1554 1222 1640 Lutheti
1241 1555 1495 1667 respondere,
1524 1557 1745 1672 eademque
1771 1557 1943 1647 refutare:

501 1702 600 1787 quae
616 1675 743 1762 omnia
766 1670 843 1759 fete
858 1675 908 1758 ab
933 1671 1148 1788 Augustino
1174 1696 1213 1757 et
1229 1672 1469 1788 Hieronymo
1487 1730 1501 1777 ,
1527 1675 1592 1759 ubi
1617 1704 1793 1761 errorem
1814 1679 1946 1794 Pelagii

499 1792 656 1880 nimium
686 1791 836 1877 arbitrio
852 1790 1045 1877 tribuentis
1070 1787 1283 1875 rei'elletunt
1306 1848 1321 1894 ,
1342 1817 1398 1877 cst
1427 1815 1645 1895 mutuatus3
1688 1796 1823 1910 nequis
1851 1792 1945 1882 forte

498 1935 606 2022 putet
636 1910 844 1996 Luthetum
873 1908 935 1997 vel
965 1907 1117 2023 ingenio
1144 1908 1206 1993 vel
1234 1907 1404 1993 doctrina
1437 1910 1575 2021 priores
1604 1910 1765 2026 philoso
1793 1913 1862 1999 hos
1885 1941 1943 2000 aut

500 2028 702 2144 theologos
725 2055 925 2141 superasse.
950 2030 1046 2111 Non
1060 2050 1116 2110 est
1139 2025 1363 2142 ingeniosior
1395 2027 1608 2133 Martinus,
1643 2031 1715 2116 sed
1816 2032 1943 2137 'osior5

500 2170 580 2228 non
597 2145 743 2233 doctior
761 2205 774 2250 ,
796 2145 862 2230 sed
877 2143 1158 2256 impudentior,
1185 2142 1251 2257 qui
1267 2144 1380 2229 dubia
1393 2173 1463 2258 pto
1479 2146 1585 2231 certis
1615 2146 1712 2232 citra
1743 2151 1938 2236 nuendo-

498 2289 587 2349 nem
604 2287 787 2351 asseverat
803 2321 817 2367 ,
842 2258 931 2346 falsa
947 2291 1018 2375 pto
1034 2261 1128 2347 vetis
1144 2257 1370 2349 fricatissima
1391 2257 1518 2348 frome
1534 2266 1767 2379 pronuntiat
1784 2267 1939 2372 ‚temris-

498 2381 629 2467 simam
644 2383 695 2468 eis
710 2407 749 2467 et
764 2381 1027 2466 adumbratam
1045 2376 1204 2492 speciem
1226 2377 1389 2466 veritatis
1406 2382 1668 2493 praetendens.
1700 2386 1764 2471 Fit
1778 2387 1875 2472 enim
1886 2414 1941 2472 no

414 2514 416 2518 ’
496 2499 574 2586 scio
597 2529 678 2614 quo
704 2523 848 2612 pacto,
880 2523 926 2587 ut
955 2495 1046 2581 nihil
1062 2496 1351 2609 {propemodum
1376 2522 1455 2582 tam
1480 2495 1614 2585 falsum
1633 2501 1682 2588 sit
1712 2561 1730 2608 ,
1752 2506 1861 2619 quod
1883 2533 1940 2591 nc·

443 2660 445 2662 ·
496 2642 640 2734 queant
655 2618 871 2731 importuna
895 2614 1044 2732 ingenia
1075 2612 1261 2700 malitiosis
1282 2613 1649 2729 interpretationibus
1677 2618 1834 2707 inlicere
1860 2619 1941 2709 falso

436 2752 444 2760 “
498 2737 628 2824 colore
646 2736 823 2823 veritatis.

357 2877 486 2950 quirinu
559 2857 650 2938 XX.
710 2851 817 2946 Quid
846 2849 1141 2937 enimhaetenus
1169 2848 1394 2968 excogitavit
1423 2849 1646 2962 Lutherus,
1675 2858 1788 2972 quod
1808 2881 1896 2945 ame
1910 2857 1941 2943 i·

305 2936 485 3057 iii'i'iiiii}
499 3002 608 3087 psum
623 2999 646 3055 a
662 2969 843 3085 plerisque
860 2999 940 3054 non
956 2966 1066 3054 fuerit
1081 2968 1381 3055 animadversum
1407 2971 1568 3084 primum
1585 3031 1599 3076 ,
1632 2973 1777 3062 deinde
1807 3006 1942 3093 magno

303 3057 486 3169 billiddm
496 3119 679 3178 consensu
695 3091 917 3177 damnatum
932 3096 944 3170 ἓ
960 3086 1156 3204 Virgilium
1170 3084 1297 3172 ferunt
1316 3147 1328 3192 ,
1345 3115 1433 3172 eum
1452 3090 1559 3176 rudia
1574 3091 1693 3176 Ennii
1717 3095 1881 3180 carmina
1896 3093 1940 3179 le

496 3210 672 3314 ctitaret,
696 3208 944 3324 interrogatus
958 3204 1051 3321 quid
1069 3230 1224 3322 ageret,
1250 3206 1511 3319 respondisse,
1535 3237 1671 3294 aurum
1689 3239 1772 3297 sese
1801 3240 1847 3297 ex
1859 3238 1938 3297 ster·

494 3355 585 3415 cote
617 3326 729 3417 Ennii
745 3326 931 3442 colligere.
966 3322 1153 3408 Martinus
1168 3323 1353 3410 Lutherus
1382 3324 1603 3431 ediverso,
1634 3355 1729 3411 cum
1749 3329 1937 3446 Augustini

495 3447 556 3533 vel
589 3443 815 3557 Hieronymi
839 3470 906 3528 aut
933 3466 1145 3527 ceterorum
1177 3440 1348 3527 doctrina
1380 3465 1419 3527 et
1451 3443 1647 3530 sanctitate
1668 3447 1935 3557 praestantium

494 3565 663 3651 virorum
678 3562 811 3676 scripta
826 3560 915 3676 legit
930 3620 944 3665 ,
957 3560 998 3663 si,
1015 3558 1107 3674 quid
1124 3582 1213 3674 agat
1227 3583 1398 3676 rogatus,
1415 3590 1549 3647 verum
1572 3565 1826 3675 respondeat,
1842 3593 1936 3650 com·

496 3682 708 3767 modissime
724 3680 850 3781 dicat,
875 3702 1012 3763 stercus
1029 3706 1067 3761 se
1082 3677 1255 3793 colligere
1283 3706 1331 3762 ex
1353 3705 1448 3769 auto
1464 3679 1694 3791 Hieronymi
1721 3683 1785 3769 vel
1815 3689 1934 3800 Augu

494 3799 591 3884 atini.
620 3800 701 3892 Qui
716 3826 837 3912 pravo
850 3796 978 3880 animo
1024 3823 1276 3908 perversoque
1299 3794 1452 3910 ingenio
1480 3795 1666 3908 majorum
1700 3799 1840 3915 scripta
1855 3829 1931 3886 vet·

494 3941 580 4021 sat,
601 3941 645 4002 ut
677 3917 871 4002 damnatas
903 3911 1098 4027 opiniones
1125 3911 1286 4016 excitet,
1318 3937 1358 3998 et
1385 3941 1484 4027 quae
1507 3915 1566 4003 alii
1591 3917 1811 4032 excogitata
1839 3919 1932 4003 velut

493 4034 591 4120 veris
605 4032 856 4147 obstrepentia
871 4092 883 4136 ,
901 4055 944 4115 ut
960 4028 1038 4113 lieri
1059 4029 1181 4133 solet,
1211 4029 1278 4116 sibi
1294 4029 1529 4142 objecerint,
1559 4061 1602 4118 ac
1628 4035 1775 4126 deinde
1799 4032 1933 4121 refuta·

493 4153 642 4257 verint,
671 4154 764 4237 haec
779 4152 855 4264 ipse
869 4148 1036 4266 cogatin
1063 4147 1284 4251 diversum,
1310 4148 1525 4265 eisdemque
1550 4151 1600 4235 ad
1624 4151 1741 4267 impia
1756 4154 1932 4272 dogmata

493 4273 598 4384 quasi
620 4270 729 4357 novis
759 4265 1183 4355 inventis-asserendum
1207 4265 1445 4380 impudenter
1468 4270 1658 4355 abutatur.
1696 4275 1798 4357 Non
1831 4273 1932 4391 igitur

492 4385 716 4502 ignorabant
731 4417 777 4472 ea
800 4386 884 4473 loca
906 4384 1163 4495 Hieronymus
1184 4407 1224 4469 et
1238 4383 1469 4500 Augustinus
1495 4449 1507 4492 ,
1532 4415 1612 4473 non
1645 4386 1826 4505 legerant
1852 4391 1932 4477 osti-

492 4527 616 4591 tanter
640 4566 653 4609 ,
676 4536 755 4590 non
788 4503 1016 4620 negligenter
1041 4500 1302 4614 dispexerant3
1333 4501 1400 4587 sed
1427 4505 1534 4589 omni
1565 4534 1653 4590 cura
1677 4529 1719 4592 et
1743 4507 1925 4627 diligentia

489 4624 755 4710 accuratissime
779 4622 1026 4708 trutinatant:
1053 4618 1121 4705 viti
1143 4643 1270 4705 tamen
1282 4619 1522 4728 sanctissimi,
1548 4624 1868 4741 ingeniosissimi,
1889 4628 1922 4708 in
1963 4720 1966 4726 ,

486 4745 593 4828 sacris
617 4741 743 4826 litteris
759 4736 1015 4841 eruditissimi,
1031 4737 1198 4822 etiamin
1220 4767 1270 4824 eo
1283 4736 1373 4823 loco
1390 4798 1403 4842 ,
1419 4738 1487 4823 ubi
1511 4741 1572 4828 vel
1597 4743 1770 4830 studiose
1785 4746 1823 4831 in
1848 4747 1925 4828 libe·

318 4954 320 4958 ,
432 4920 441 4963 4
483 4888 567 4947 rum
584 4857 776 4947 arbitrium
792 4857 1050 4972 disputarent,
1067 4855 1170 4945 nefas
1185 4884 1262 4945 esse
1280 4882 1539 4981 putaverunt,
1566 4884 1605 4948 et
1619 4888 1761 4951 contra
1779 4890 1923 4952 omnem

1852 5006 1923 5069 tum
