4020 5864
608 395 857 472 nume
880 399 1017 469 ·Ill
1208 454 1212 460 ,
1446 417 1514 493 523

97 546 155 621 ιἰι
170 532 270 621 eninr
293 524 408 646 paulo
423 551 541 630 ante,
556 520 715 612 factores
731 525 835 644 legis
847 457 1157 639 justificabuntur.
1173 529 1275 614 Cum
1291 550 1420 614 autem
1432 553 1537 640 prae

94 679 241 768 postere
266 673 412 766 agant,
447 671 487 732 et
502 583 580 730 sdla
594 645 812 782 cognitione
827 644 996 759 peccati,
1026 674 1126 759 quae
1160 643 1295 732 inutilis
1323 671 1407 749 est,
1439 673 1535 730 con-

94 795 186 859 ιιιιιι
176 770 325 886 legem
341 763 593 869 frustrenntr,
621 762 711 881 legis
741 788 952 899 praecepta
948 763 1167 850 obstruam
1175 763 1434 881 negligentes,
1449 793 1537 849 non

89 885 385 998 justificabuntur
399 911 447 969 ιιι
461 883 634 997 operibus
650 883 739 998 legis
753 941 767 987 ,
783 881 924 1026 quippe
936 881 1170 996 quibusnon
1185 879 1412 998 funguntur
1424 886 1533 968 Con·
1619 900 1634 910 ’·
1726 890 1739 923 ’·

85 1005 241 1092 eludit
231 1004 368 1122 igitur,
391 1000 538 1088 dicens:
571 998 686 1086 Nunc
700 1002 825 1085 autem
837 1010 918 1091 sirre
932 1006 1013 1111 ege
1026 1002 1184 1110 justitia
1213 1002 1294 1098 Der·
1310 998 1538 1108 marrifhsta

87 1137 130 1205 ra
148 1139 240 1227 est,
264 1117 471 1220 ιιιιιιιιιι
486 1145 511 1203 ιι
526 1125 607 1229 rege
623 1134 666 1202 et
676 1119 904 1228 propina.
927 1121 1086 1226 justitia
1101 1134 1232 1203 aurem
1240 1122 1321 1201 Det
1330 1117 1535 1229 perfidem

86 1237 186 1356 Jesu
200 1240 351 1327 Christi
371 1247 412 1324 ιιι
434 1263 556 1324 omnes
574 1250 612 1320 et
627 1256 742 1347 super
759 1263 886 1322 ornnes
901 1262 964 1342 qur
957 1240 1175 1322 ''credurrt
1157 1262 1198 1320 ιιι
1214 1262 1320 1320 eurr:
1352 1248 1421 1343 porr
1435 1246 1537 1321 erim

88 1375 149 1442 ιιι
170 1364 396 1462 ιίίιιίιιιιίι,
405 1364 542 1442 ιιιιιι
556 1362 652 1438 enirr
672 1359 934 1465 peceaverunt
949 1357 990 1437 et
1006 1371 1114 1464 egent
1137 1362 1263 1464 gioria
1280 1355 1373 1463 Dei,
1400 1361 1481 1470 Atq
1481 1382 1537 1441 tre·

89 1475 150 1562 bic
165 1477 320 1594 quidem
340 1473 546 1562 intellectus
576 1497 633 1558 ιιι
654 1476 859 1559 verborum
885 1471 990 1557 Pauli
1019 1469 1160 1577 facilis,
1193 1496 1377 1587 apertus,
1404 1474 1537 1559 diluci·

88 1592 188 1702 dus,
209 1622 333 1711 quern
353 1593 381 1678 si
396 1592 480 1708 quis
494 1591 634 1706 paulo
625 1592 826 1677 intentiore
850 1590 979 1677 animo
993 1533 1225 1705 perpendere
1252 1603 1336 1675 uon
1359 1591 1538 1707 gravabi-

87 1734 179 1819 tut,
207 1713 427 1798 malitiosam
442 1708 719 1798 L'uthetisimul
740 1733 779 1796 et
800 1707 987 1796 stultam
978 1709 1327 1856 interpretationem
1344 1708 1428 1795 luce
1451 1709 1531 1796 cla·
1537 1777 1539 1780 -

88 1829 163 1916 rius
179 1827 449 1946 deprehendet.
1536 1856 1539 1863 ·

104 1863 254 2034 sp.le
310 1945 383 2033 Sed
400 1946 565 2032 clamitat
580 1945 680 2032 hoc
669 1976 709 2032 ιιι
723 1942 811 2033 Ῑοιο
836 1943 998 2035 versutia
1012 1943 1195 2053 Lutheri,
1212 1940 1365 2032 Christo
1380 2004 1394 2051 ,
1411 1973 1528 2063 quem
1840 2055 1842 2059 Ι

87 2066 203 2152 corde
220 2090 261 2153 ιι
282 2094 397 2181 opere
411 2062 617 2182 crucifigit,
641 2065 804 2153 verbo
779 2090 889 2152 tenus
904 2065 1203 2180 patrocinantis.
1225 2066 1301 2147 Si
1288 2083 1449 2173 possunt
1466 2067 1528 2150 ho·
1544 2081 1612 2192 eug
1627 2082 1722 2138 cras

86 2191 203 2267 rrrirres
212 2189 531 2294 praeceptalegis
544 2185 760 2288 obseruare,
773 2189 936 2291 quidest
950 2203 1043 2293 opus
1053 2182 1215 2268 Christo
1224 2181 1421 2317 crucifixo?
1436 2144 1575 2269 rioci}
1574 2155 1709 2255 mm

88 2330 185 2415 opus
201 2326 280 2406 est,
304 2302 498 2404 Luthere,
520 2325 565 2386 ut
581 2300 659 2415 ipsa
674 2295 812 2386 fadlius
826 2328 974 2388 servare
988 2299 1170 2434 possimus
1185 2358 1210 2406 ,
1208 2300 1324 2414 quod
1339 2300 1438 2413 prius
1448 2300 1528 2388 sine

88 2447 227 2535 magna
244 2364 465 2505 difficultate
482 2447 563 2503 non
595 2418 784 2504 dabatur.
812 2443 858 2504 ut
883 2418 993 2533 ipsius
1023 2417 1244 2503 meritorum
1269 2417 1528 2534 magnitudine

87 2564 210 2672 genus
232 2537 443 2621 humanum
473 2593 489 2644 ,
518 2534 628 2652 quod
654 2536 813 2650 peccatis
843 2537 1024 2622 obtutum
1051 2557 1176 2641 etat,
1208 2533 1450 2621 sublevetur:
1483 2561 1528 2626 ut

86 2654 155 2788 qui
179 2679 280 2740 recte
305 2652 478 2790 egerint,
502 2653 726 2790 sempiterna
750 2644 924 2740 felicitate
951 2648 1151 2739 fruantur:
1182 2651 1283 2766 prius
1312 2652 1428 2739 ιιιίιιι
1442 2652 1528 2766 justi

85 2773 201 2858 etiam
218 2773 409 2888 sanctique
432 2797 555 2887 patres
581 2771 621 2855 in
648 2770 766 2857 limbo
793 2771 900 2887 quasi
914 2769 954 2856 in
979 2769 1150 2857 custodia
1175 2770 1367 2856 Christum
1400 2799 1529 2887 exspe-
1510 2816 1540 2841 -ι

86 2914 230 2978 etantes
253 2893 508 2996 tenebantur,
535 2914 624 2976 ante
654 2919 771 3005 quem
800 2891 955 2975 obtrusa
983 2915 1066 2976 erat
1097 2885 1210 3024 janua
1241 2887 1341 2977 vitae
1367 2889 1543 3025 beatae,

86 3035 205 3122 quam
222 3009 298 3123 ipse
325 3005 534 3093 omnibus
525 3007 627 3118 iustis
650 3008 764 3093 etiam
795 3007 989 3122 superioris
1020 3006 1198 3124 temporis
1218 3006 1427 3114 reseravit,
1451 3007 1529 3095 hoc

87 3148 173 3231 est,
199 3125 341 3212 cunctis
356 3125 600 3260 hominibus,
628 3124 697 3242 qui
723 3125 877 3214 virtutes
896 3149 943 3212 ιι
966 3150 1164 3241 praecepta
1178 3123 1269 3243 legis
1289 3151 1377 3212 ante
1402 3125 1528 3242 ipsum

83 3242 311 3349 coluissent,
341 3242 435 3330 vel
426 3272 464 3327 ιιι
497 3267 690 3358 posterum
720 3269 841 3330 essent
865 3243 1128 3330 observatoris
1162 3241 1286 3360 legem
1307 3269 1435 3331 autem
1461 3275 1528 3360 ap·

84 3359 186 3474 pello
211 3361 273 3449 vel
299 3360 541 3495 naturalem,
570 3360 632 3448 vel
663 3359 902 3466 Mosaicarn,
928 3360 990 3449 vel
999 3359 1297 3497 evangelicam.
1330 3365 1441 3496 Opus
1470 3386 1542 3463 est.

86 3479 286 3584 Christo,
314 3503 359 3566 ut
383 3476 464 3589 ejus
486 3475 670 3564 beneficio
698 3508 780 3565 non
802 3477 926 3566 solum
942 3478 1039 3565 ratio
1054 3506 1212 3563 mmusa
1227 3478 1528 3595 eomupiscentia

83 3601 305 3711 superetur,
304 3596 400 3683 sed
411 3594 530 3683 etiam
544 3595 715 3695 homines
740 3596 946 3714 praeceptis
956 3596 1159 3683 tenuandis
1166 3597 1292 3731 magis
1314 3595 1541 3735 profitiant,¹
1650 3702 1652 3705 Ι

87 3738 127 3799 ιι
142 3715 369 3849 praesentius
391 3714 597 3829 praemium
624 3741 892 3832 assequantur:
919 3738 968 3801 ut
997 3741 1148 3830 quaep
1149 3712 1221 3799 rius
1246 3715 1335 3800 data
1355 3741 1462 3801 erant
1484 3717 1541 3802 in

85 3831 329 3968 aenigmate,
358 3829 432 3939 iam
448 3832 548 3918 clara
561 3833 643 3919 luce
657 3858 850 3919 teneamus
867 3891 880 3938 ,
909 3858 949 3920 et
965 3831 1142 3949 pleraque
1157 3831 1227 3917 alia
1249 3832 1526 3948 compleantur,

78 3977 185 4066 quae
200 3980 328 4068 generi
317 3949 515 4037 humano
531 3956 635 4037 Deus
651 3949 772 4037 l'trerat
785 3980 852 4066 per
868 3950 1072 4067 prophetas
1087 3949 1283 4064 pellicitus.
1346 4000 1347 4003 ι

108 4070 237 4154 XV.
296 4069 371 4156 Sed
387 4068 648 4156 redeamusad
663 4068 887 4185 praeclaram
903 4068 1059 4154 Lutheti
1075 4067 1381 4194 responsionem:
1406 4079 1524 4153 Prae·

85 4200 224 4308 cepta,
241 4186 395 4315 inquit,
423 4203 462 4272 et
487 4188 875 4276 exhortationum
886 4192 948 4270 ad
957 4195 1149 4270 arderem
1158 4190 1350 4294 pertinent
1373 4214 1521 4295 eorum,

84 4325 179 4408 quae
189 4308 511 4413 praeoptantur,
538 4309 834 4416 sedadpeecoti
847 4309 1102 4413 cognitionem.
1135 4303 1280 4389 Stultus
1296 4333 1366 4409 es,
1389 4306 1522 4392 Marti·
1554 4356 1629 4409 „p
1640 4360 1717 4416 ,Μ

85 4444 167 4523 ne,
192 4448 243 4505 an
262 4421 395 4508 stultos
410 4447 519 4538 putas
538 4453 706 4510 summos
720 4424 992 4558 philosophos,
1012 4422 1088 4559 qui
1114 4448 1312 4538 praecepta
1338 4421 1522 4511 virtutum

85 4562 163 4622 erte
180 4540 328 4651 prossus
342 4539 482 4630 inutilia
497 4540 668 4628 clamant
643 4565 697 4646 t,
718 4542 748 4626 si
770 4568 923 4659 propter
935 4540 1191 4676 cognitionem
1209 4565 1411 4655 petantur,
1440 4572 1521 4628 non
1618 4599 1620 4602 .

85 4655 140 4739 ob
156 4656 371 4742 actionem.
405 4660 597 4746 dementes
611 4686 745 4747 omnes
770 4659 973 4794 mortales,
1000 4657 1142 4795 quine
1169 4685 1407 4775 praeceptum
1441 4660 1524 4776 qui·

85 4772 175 4859 dem
192 4804 270 4862 esse
281 4798 443 4889 putant,
472 4776 584 4889 quod
598 4803 679 4861 non
696 4776 878 4890 pertineat
895 4776 944 4862 ad
969 4779 1182 4866 actionem:
1216 4801 1255 4863 et
1287 4804 1329 4864 tu
1344 4776 1444 4863 solus
1461 4806 1523 4862 ex·

88 4890 208 4981 saltim
234 4917 320 5014 post
335 4892 769 4996 honinammemotiam
785 4956 799 5004 ,
814 4893 881 5014 qui
896 4892 1031 5104 sagias
1027 4953 1047 5004 ,
1065 4897 1132 5018 qui
1160 4921 1266 4985 recte
1281 4911 1405 4983 sacras
1423 4894 1526 4980 litte·

964 5044 1059 5105 vva
1470 5040 1531 5100 tas
