4192 5880
487 371 1311 446 ABG.ALBORNOT11LIB.111.
1451 440 1453 445 s
1545 375 1588 469 ὅς

157 495 290 615 pulum
305 495 585 585 Bononiensem
603 528 612 582 :
629 521 674 580 ut
701 493 729 578 si
745 491 903 607 quando
930 493 970 579 id
984 492 1192 611 collegium,
1207 494 1387 612 quapiam
1416 490 1612 583 difficulta-

124 617 127 623 ’
160 641 199 706 te
224 615 399 702 affectum
415 615 493 730 ejus
513 611 762 730 patrocinium
779 610 1033 726 implorasset,
1051 613 1161 728 ipsius
1176 614 1215 698 in
1231 646 1269 701 se
1289 616 1509 702 meritorum
1526 647 1615 703 me·

162 766 285 822 mores
316 739 365 822 ab
383 735 488 822 omni
520 733 651 846 injuria
678 755 911 835 tutarentur.
947 736 1094 817 Omnes
1126 732 1238 850 igitur
1246 792 1267 840 ,»
1275 735 1340 850 qui
1363 735 1491 846 injuria
1520 765 1613 848 pro·
1636 755 1765 828 Quidquid
1781 763 1809 815 n

158 854 308 969 scripti,
326 855 388 942 vel
402 855 441 939 in
457 853 621 939 exsilium
639 850 735 936 missi
750 846 900 935 fuerant
918 910 930 954 ,
949 849 1052 963 jubet
1066 852 1105 936 in
1117 853 1275 966 patriam
1292 855 1471 939 revocari.
1500 856 1612 946 Quo
1629 820 1808 950 iiiiiiyriil

157 1002 243 1058 rum
265 970 373 1060 fuisse
403 972 611 1087 accepimus
627 967 1063 1056 Toniolum‘Paschalem
1078 1031 1089 1076 ,
1106 971 1267 1056 Nerium
1287 973 1475 1078 Pilatum,
1509 975 1612 1060 Pori·
1628 947 1810 1068 dimidii

156 1092 297 1180 trellum
312 1092 532 1178 Suzolinum
548 1153 560 1195 ,
578 1087 825 1177 Berturellum
847 1093 997 1202 Lapum
1014 1150 1028 1195 ,
1043 1090 1289 1176 Guilielmum
1306 1091 1467 1177 Pilatum
1484 1151 1496 1198 ,
1530 1093 1616 1201 Bel·⁸
1628 1063 1740 1117 mimi

157 1213 336 1298 trandum
358 1212 645 1315 Guandonem,
667 1212 909 1321 Ramponem
930 1208 1190 1325 Magardum,
1221 1210 1394 1296 Aletrium
1420 1209 1613 1321 huelem,
1736 1220 1739 1227 ’

157 1329 408 1415 Scarabellum
428 1328 674 1415 Donducium
689 1388 701 1435 ,
718 1325 952 1440 Jacobellum
966 1330 1230 1442 Lampasium,
1247 1329 1389 1415 nobiles
1418 1357 1550 1416 omnes
1574 1357 1614 1420 et

158 1448 208 1534 de
231 1448 349 1564 partia
361 1449 504 1564 optime
519 1447 694 1532 meritos.
722 1450 833 1532 Bona
849 1471 1040 1559 praeterea
1059 1447 1246 1560 publicata
1265 1448 1428 1534 dominis
1445 1448 1484 1533 in
1513 1448 1613 1536 inte-

158 1596 269 1680 grum
293 1567 468 1683 praecipit
493 1566 651 1653 restitui.
683 1569 950 1651 Foeneratores
968 1625 980 1667 ,
998 1563 1230 1680 quicumque
1258 1565 1443 1654 solvendo
1469 1593 1612 1677 essent,

157 1685 296 1771 rusticis
326 1685 440 1772 etiam
464 1710 532 1772 aut
562 1683 713 1769 urbanis
742 1682 899 1798 praediis
928 1682 1131 1790 distractis,
1161 1709 1291 1770 exacta
1318 1681 1477 1772 foenora
1510 1689 1615 1804 cogit

157 1803 266 1917 plene
282 1806 470 1894 restituere
486 1867 497 1911 ,
513 1803 715 1891 constituta
738 1801 848 1887 emilii
864 1831 1015 1917 poena,
1036 1802 1065 1888 si
1081 1802 1165 1918 quis
1187 1804 1227 1888 in
1243 1827 1438 1921 posterum
1472 1805 1613 1893 crimen

157 1924 365 2038 repetisset.
400 1927 473 2011 Sed
487 1923 672 2041 quoniam
697 1923 904 2009 inveterata
922 1920 996 2035 jam
1027 1923 1285 2038 possessione,
1305 1923 1425 2008 aliena
1456 1924 1613 2012 reddere

156 2040 321 2158 plerique
343 2043 555 2161 gravissime
573 2039 743 2127 ferebant
759 2103 771 2143 ,
789 2040 946 2155 quidam
977 2040 1089 2125 etiam
1105 2040 1144 2124 in
1161 2070 1347 2127 summam
1362 2042 1530 2157 inopiam
1555 2072 1611 2130 re·

156 2157 381 2275 digebantur
398 2222 410 2267 ,
426 2187 471 2247 ut
494 2162 657 2276 utrisque
672 2185 744 2264 ,et
772 2158 1017 2244 creditoribus
1042 2186 1082 2244 et
1098 2159 1354 2269 debitoribus,
1369 2161 1500 2276 quoad
1535 2158 1614 2248 lieri

155 2304 280 2391 posset
299 2342 312 2385 ,
328 2276 575 2386 satisfaceret,
607 2307 673 2393 per
702 2307 889 2363 summam
918 2277 1172 2363 liberalitatem
1198 2309 1382 2397 magnum
1413 2308 1615 2371 numertun

155 2398 396 2509 pecturiarum
412 2399 460 2485 de
477 2394 560 2486 suo¹
578 2397 731 2514 largitus
757 2423 832 2482 est.
870 2395 1069 2512 Edicitque
1095 2398 1279 2502 tandem,
1296 2423 1340 2485 ut
1366 2423 1614 2508 scortatores,

155 2543 379 2630 ganeones,
401 2517 540 2623 simrii,
567 2542 607 2603 et
623 2517 734 2602 ceteri
763 2514 803 2600 id
827 2528 946 2633 genus
971 2514 1144 2602 homines
1163 2517 1288 2602 cuncti
1317 2517 1463 2631 oppido
1478 2518 1615 2605 evesti-

155 2632 222 2746 gio
235 2637 433 2742 cederent,
452 2636 578 2752 capitis
601 2663 725 2750 poena
737 2634 941 2721 constituta
957 2693 971 2736 ,
988 2633 1016 2719 si
1031 2633 1115 2750 quis
1140 2634 1277 2722 deinde
1298 2661 1466 2751 repertus
1496 2660 1613 2748 esset,
1748 2699 1755 2712 .

155 2749 259 2865 cujus
288 2755 467 2842 honestae
484 2758 586 2843 vitae
601 2753 697 2839 ratio
723 2782 803 2837 non
819 2775 1021 2838 constaret.

211 2872 302 2959 XV.
365 2876 431 2961 Ad
447 2874 549 2959 hunc
572 2873 732 2959 modurn
757 2872 903 2957 reddita
934 2869 1000 2958 sibi
1015 2871 1192 2958 Bononia
1211 2932 1224 2975 ,
1242 2897 1472 2991 receptaque
1497 2875 1610 2993 Aegi·¹
1776 2976 1778 2981 y

153 2985 202 3078 dii
235 2989 420 3077 beneficio
437 2992 585 3105 pristina
601 2989 806 3109 dignitate,
823 3018 966 3106 magno
991 3013 1119 3077 tamen
1135 2991 1243 3083 bono
1257 2993 1409 3090 carebat
1426 3053 1439 3099 ,
1457 3022 1538 3079 non
1551 3024 1608 3099 so
1690 2993 1692 2999 ’
1712 2996 1718 3001 ”

152 3105 231 3190 lum
260 3110 311 3195 ad
335 3109 647 3224 pulchritudinem
673 3135 712 3195 et
743 3133 1031 3214 ornamentum,
1053 3110 1120 3196 sed
1147 3109 1260 3194 etiam
1290 3110 1339 3197 ad
1365 3111 1611 3227 quotidianos

153 3254 240 3311 usus
269 3228 498 3332 necessari03
518 3230 623 3314 nullo
648 3226 832 3343 siquidem
864 3224 984 3314 fluvio
1008 3227 1250 3314 interlabente
1282 3230 1496 3315 Bononiam
1514 3292 1526 3339 ,
1543 3232 1610 3320 sed

154 3371 204 3429 ne
232 3346 522 3460 praeterfluente
548 3347 702 3464 quidem
728 3346 881 3461 propius
909 3364 1085 3460 passuum
1105 3347 1222 3431 tribus
1247 3345 1433 3455 millibus,
1460 3350 1610 3451 assiduo

152 3460 347 3576 dispendio
376 3465 525 3583 longius
538 3469 588 3553 ab
610 3466 703 3551 urbe
720 3465 930 3578 oppidanos
947 3465 1125 3552 excedere
1156 3466 1207 3550 ad
1231 3463 1507 3554 conficiendum
1536 3465 1611 3554 frto

154 3606 321 3668 mentum
336 3614 484 3671 necesse
500 3609 607 3670 erat.
633 3589 706 3668 Res
720 3611 801 3668 non
819 3583 940 3668 modo
969 3584 1119 3698 gravis,
1136 3583 1201 3669 sed
1219 3583 1359 3668 bellum
1391 3584 1609 3701 gerentibus

151 3698 301 3787 minime
321 3726 422 3789 tuta.
455 3706 551 3797 Quo
567 3700 828 3793 animadverso
844 3761 856 3806 ,
872 3701 1055 3816 Aegidius
1072 3765 1084 3808 ,
1103 3727 1147 3788 ut
1162 3703 1420 3800 Bononienses
1442 3732 1512 3787 suo
1537 3702 1609 3803 be7

149 3814 283 3904 neficio
304 3849 328 3904 a
350 3845 461 3908 tanto
475 3820 722 3907 incommodo
749 3819 946 3924 liberaret,
963 3844 1083 3933 utque
1108 3820 1197 3904 urbs
1226 3819 1419 3906 honestior
1447 3818 1608 3910 simulet

148 3936 327 4024 munitior
352 3939 597 4043 redderetur,
613 3962 759 4053 partem
792 3936 943 4041 Rheni,
960 3937 1028 4050 qui
1059 3937 1276 4023 Bononiam
1295 3967 1319 4022 a
1342 3937 1454 4024 terrio
1483 3937 1607 4051 lapide
1621 3979 1724 4032 nram
1752 3985 1801 4036 ru.

1618 4039 1676 4089 vius
1712 4044 1800 4092 Bono·

147 4056 454 4165 praeterlabitur,
475 4087 616 4174 magno
647 4057 777 4141 labore
806 4053 1026 4170 magnisque
1058 4056 1129 4141 suis
1163 4055 1335 4169 impensis
1357 4086 1425 4169 per
1440 4057 1604 4144 mediam
1618 4100 1686 4149 „tam
1725 4102 1801 4156 nau·

149 4173 282 4259 urbem
298 4175 499 4263 derivavit.
534 4177 615 4270 Qui
640 4172 777 4262 fluvius
802 4173 841 4256 in
868 4171 1049 4287 plurimos
1080 4202 1317 4291 magnosque
1339 4203 1426 4260 usus
1448 4175 1605 4278 civitatis
1618 4171 1684 4212 “¹¹¹⁵

144 4290 278 4376 cessit:
298 4321 387 4379 nam
413 4292 536 4379 molae
553 4293 728 4410 aquariae
753 4288 967 4407 frequentes
1002 4290 1098 4378 intra
1124 4292 1275 4377 moenia
1304 4290 1519 4380 aedificatae
1550 4292 1605 4408 pi·

145 4407 349 4495 strinorum
378 4410 632 4513 necessitatem
645 4473 659 4518 ,
674 4438 714 4498 et
729 4411 877 4527 longius
893 4410 1098 4498 excedendi
1112 4409 1314 4498 molitionis
1328 4441 1439 4498 causa
1459 4412 1600 4500 incom-

146 4526 309 4611 modum
338 4531 586 4617 sustulerunt.
622 4529 826 4617 Machinae
858 4553 1047 4645 praeterea
1077 4554 1313 4616 constructae
1345 4534 1513 4620 suntad
1540 4559 1601 4617 se·
1659 4587 1793 4644 Mn„

144 4645 310 4732 candum
344 4646 437 4731 mira
450 4648 634 4736 celeritate
659 4647 851 4734 materiam
874 4676 972 4733 serra
990 4648 1171 4753 trusatili3
1189 4677 1289 4765 quae
1313 4678 1436 4766 aquae
1452 4649 1491 4738 vi
1518 4679 1596 4737 sur·
1613 4647 1698 4699 ”¹⁵²⁶
1731 4666 1794 4704 ⁰⁰⁰·

1613 4720 1723 4760 structae
1734 4726 1794 4765 Sim

144 4791 226 4850 sum
244 4765 500 4882 deorsumque
515 4767 675 4883 agitata,
690 4795 768 4852 una
796 4765 1002 4851 multorum
1018 4768 1217 4852 hominum
1245 4794 1378 4882 operas
1407 4769 1595 4887 adaequa-
1610 4769 1793 4886 {zmgfflff

144 4908 222 4971 ret.
259 4886 361 4989 Quo
376 4913 448 4974 nec
463 4883 587 4974 minus
610 4886 701 4976 utile
716 4947 729 4994 ,
746 4910 786 4973 et
816 4882 957 5001 majore
970 4882 1085 4972 etiam
1099 4883 1346 4975 admiratione
1363 4886 1524 5008 dignum
1521 4912 1596 5094 fpst

1556 5037 1593 5095 e·
