4034 5858
569 378 765 454 ORATIO
792 381 861 452 AD
890 381 1067 454 CAROI..
1087 379 1133 447 V.
1423 384 1504 475 :365

62 531 173 594 ,ιιοιι
195 502 397 590 ambition‘e
423 501 594 619 populari
622 504 687 591 sibi
704 531 819 620 regna
845 503 1055 618 peperisse,
1071 502 1137 588 sed
1154 500 1308 612 justitiae
1326 529 1370 586 ac
1387 502 1530 591 virturis

82 625 290 737 opinione,
317 647 356 709 et
384 644 550 754 spectata
566 623 663 710 inter
680 623 802 708 bonos
819 622 1109 727 moderatione,
1130 620 1445 706 consentientibus
1461 654 1529 737 po-

63 742 199 855 pulis,
204 743 267 828 ad
284 739 517 859 fastigium
487 771 563 851 erus
580 742 776 855 majestatis
793 738 902 826 l'uisse
916 764 1142 854 provectos,
1164 764 1208 823 ut
1223 764 1316 823 esset
1333 801 1344 843 ,
1367 741 1434 854 qui
1455 774 1528 856 po·

65 863 282 947 ,tentiorum
298 861 485 974 injuriosa
506 859 773 947 tenuioribus
756 884 857 971 ruste
873 888 917 944 ac
942 884 1067 945 sancte
1092 856 1347 974 propulsaret,
1381 887 1528 947 coetus·

63 1007 155 1094 -que
190 1008 228 1068 et
244 981 401 1066 concilia
417 980 646 1085 hominum,
663 978 737 1064 hoc
752 1004 832 1083 est,
853 979 1018 1064 civitates
1048 977 1085 1062 in
1103 1006 1194 1093 pace
1209 976 1449 1063 etlibertatae
1464 1011 1526 1067 ac·

77 1099 276 1217 quabiliter
291 1125 528 1186 conservaret
543 1127 732 1214 ,remque
749 1098 935 1213 publicam
950 1126 1030 1183 ιιοιι
1055 1097 1176 1182 solum
1205 1095 1290 1179 ab
1280 1100 1529 1229 impugnanti·

64 1218 152 1303 bus
168 1217 398 1354 defenderet,
416 1219 481 1304 sed
498 1217 633 1333 opibus
645 1243 800 1354 augeret
815 1245 863 1301 ac
886 1217 1091 1334 dignitate·
1084 1276 1094 1318 ,
1110 1244 1209 1351 quae
1225 1244 1290 1330 qur
1307 1242 1407 1303 recte
1423 1247 1528 1332 prae·

77 1337 267 1442 stiterint,
300 1338 369 1424 hos
384 1338 565 1452 sapientes
579 1337 819 1453 optimosque
834 1341 957 1452 Reges
973 1361 1012 1421 er
1034 1335 1218 1449 Principes
1234 1362 1366 1419 omnes
1390 1361 1530 1423 morta-

80 1453 164 1560 les,
180 1456 286 1546 omni
302 1456 510 1564 memoria,
525 1480 563 1549 et
581 1456 721 1548 cunctis
737 1455 775 1540 in
792 1455 1005 1590 regionibus
1019 1476 1213 1570 putavere.
1237 1445 1416 1546 Quorum
1431 1487 1529 1544 mor·

88 1518 217 1660 taliirm
234 1576 528 1662 consentientem
557 1605 693 1665 vocem
713 1599 751 1661 et
772 1574 992 1689 opinionem
1012 1575 1133 1689 placet
1157 1571 1381 1707 sapientibus
1405 1575 1529 1694 legent

41 1734 42 1737 ι
77 1720 155 1780 esse
175 1720 331 1789 naturae
347 1758 358 1801 ,
373 1727 395 1779 a
414 1724 492 1812 qua
511 1693 638 1781 divina
654 1722 864 1810 numquam
882 1693 1068 1780 dissensit:
1084 1692 1267 1809 quoniam
1285 1719 1419 1778 natura
1435 1696 1529 1812 quid

77 1812 180 1902 aliud
199 1840 286 1921 est,
304 1815 370 1899 nisi
386 1843 581 1904 causarum
610 1839 785 1900 constans
810 1812 939 1919 ordo,
976 1842 1139 1929 quarum
1167 1812 1285 1928 prima
1319 1839 1358 1898 et
1385 1838 1530 1900 cetera·

64 1962 164 2023 ,rum
186 1934 414 2020 moderatrix
432 1936 536 2020 Deus
553 1957 629 2019 est
622 1943 634 1992 Ι
663 1938 719 2018 lta
736 1933 801 2048 qui
814 1957 985 2017 naturam
1000 1932 1182 2047 optimam
1207 1932 1367 2017 ducem
1359 1961 1530 2019 incorru-

75 2077 163 2166 ptus
182 2053 261 2170 ipse
279 2052 445 2138 moribus
461 2080 505 2136 ac
521 2052 698 2175 opinione
716 2051 915 2167 sequitur,
931 2051 1082 2136 Deum
1072 2080 1194 2164 rpsum
1210 2051 1404 2166 sequitur,
1421 2077 1460 2139 et
1477 2055 1530 2143 vi-

66 2171 189 2257 cissim
215 2180 279 2279 qai
307 2181 343 2255 ei
362 2188 579 2282 repugnat,
605 2200 687 2256 curn
715 2176 793 2255 diis
816 2170 1086 2257 immortalibus
1104 2197 1200 2254 more
1240 2178 1437 2279 gigantum
1452 2232 1467 2279 ,
1484 2199 1528 2260 ut
1540 2187 1718 2298 callimus?

63 2320 238 2407 magnus
250 2319 402 2397 orator,
435 2318 474 2376 et
491 2291 593 2376 idem
625 2289 917 2426 philosophus
884 2314 965 2396 art,
997 2293 1069 2373 bell
1039 2297 1127 2374 lum
1148 2295 1265 2399 gerit.
1286 2289 1395 2387 Quid
1411 2323 1527 2407 porro
1539 2322 1607 2367 tore
1623 2320 1686 2358 cr

75 2410 204 2545 magis
213 2435 270 2496 est
285 2434 420 2495 contra
437 2434 639 2516 naturam,
668 2439 784 2524 quam
807 2409 935 2520 injuria
950 2409 1186 2513 lacessitum,
1208 2407 1273 2492 ubi
1296 2438 1378 2493 non
1405 2415 1528 2502 modo

74 2526 273 2642 imperium
293 2553 332 2614 et
349 2526 532 2645 dignitas,
560 2527 628 2613 sed
645 2526 791 2613 libertas
806 2553 845 2613 et
861 2528 980 2613 salus
971 2558 1010 2613 ιιι
1026 2527 1222 2614 discrimen
1237 2552 1423 2635 vocatur,
1446 2561 1527 2620 non

73 2675 308 2765 repugnare
302 2656 313 2705 Ι
340 2646 435 2764 quid
456 2646 572 2764 magis
588 2672 721 2733 contra
737 2645 985 2762 religionem,
1009 2675 1125 2762 quam
1145 2644 1329 2761 religionis
1343 2647 1526 2791 hostibus,

72 2794 325 2904 quacumque
334 2765 482 2851 ratione
501 2767 644 2870 datur,
671 2795 749 2851 non
742 2765 965 2852 obsistere?
993 2768 1059 2850 An
1085 2764 1169 2850 licet
1186 2763 1302 2850 bruris
1330 2766 1526 2858 animanti·

71 2885 142 2971 bus
157 2885 232 2970 ab
224 2884 462 2971 mimicorum
502 2882 684 2971 maleficio
714 2913 886 2971 suamet
921 2912 967 2969 ex
997 2914 1036 2970 se
1064 2884 1279 3003 genitorum
1294 2883 1410 2971 vitam
1431 2914 1470 2974 et
1485 2890 1525 2976 li-

76 3003 260 3090 bertatem
277 3000 509 3111 defendere,
533 3004 582 3089 ad
601 3004 709 3119 quod
727 3003 914 3089 nonnullis
939 3031 1111 3109 cornua,
1141 3003 1366 3119 quibusdam
1393 3007 1523 3097 dentes

71 3147 140 3208 aut
151 3152 302 3259 ungues
317 3123 526 3231 acutiores,
552 3109 627 3209 aliis
647 3122 717 3210 aha
735 3152 839 3210 arma
864 3146 997 3209 natura
1025 3122 1175 3210 tribuit:
1209 3122 1422 3212 Christianis
1443 3127 1522 3215 ho-

70 3240 229 3330 minibus
249 3272 328 3330 non
345 3243 491 3328 licebit.

129 3363 197 3448 Xl.
259 3365 348 3479 Age
372 3391 465 3448 vero
482 3357 729 3449 Abraham
692 3393 749 3451 vrr
765 3363 880 3477 justus
898 3364 936 3449 in
963 3361 1046 3481 lege
1073 3386 1256 3471 naturae,
1282 3389 1322 3450 et
1348 3367 1421 3454 Dei
1446 3396 1523 3454 vo·

67 3477 202 3566 luntati
219 3480 599 3617 obsequentissimus,
615 3512 746 3568 nonne
762 3485 947 3619 pugnavit
961 3510 1049 3568 cum
1080 3482 1417 3572 Chodorlahomor
1433 3485 1519 3572 Ela

68 3599 243 3684 mirarum
262 3659 276 3706 ,
303 3626 343 3686 et
358 3600 487 3687 ceteris
501 3602 667 3717 Regibus
683 3600 767 3686 belli
788 3602 892 3687 sociis
910 3663 922 3707 ,
946 3602 1013 3717 qui
1039 3601 1296 3688 Sodomorum
1321 3628 1360 3688 et
1376 3608 1520 3690 Amor·

68 3716 270 3804 rhaeorum
291 3720 435 3837 Reges
427 3750 465 3804 ιιι
484 3718 581 3807 valle
599 3719 750 3808 silvestri
753 3746 1055 3854 superaverant,
1073 3744 1112 3806 et
1128 3723 1325 3806 maximam
1340 3723 1518 3836 praedam
1604 3739 1607 3749 ’
1643 3728 1645 3730 ’
1669 3726 1700 3809 .''

65 3836 271 3954 abigebant
296 3866 384 3925 cum
417 3838 598 3955 plerisque
627 3837 820 3953 captivis,
851 3840 889 3924 in
917 3841 1053 3957 quibus
1079 3865 1160 3926 erat
1197 3847 1274 3927 Lot
1292 3839 1385 3926 filius
1400 3839 1518 3930 fratris

72 3956 271 4043 Abraham
287 3958 580 4074 ,eosdemque
572 3989 611 4043 ιιι
633 3954 765 4076 fugam
788 3987 916 4047 versos
942 3988 1061 4075 usque
1072 3959 1279 4046 Hobamet
1305 3959 1518 4053 Phoenicen

75 4098 236 4194 stragem
252 4107 429 4215 magnam
458 4078 612 4165 edendo
641 4104 852 4193 persecutus
876 4088 956 4165 est?
986 4077 1046 4163 cui
1072 4106 1122 4162 ex
1139 4077 1293 4164 victoria
1319 4081 1520 4166 revertenti

66 4192 224 4281 obviam
255 4198 431 4313 processit
456 4196 734 4284 Melchisedech
764 4202 844 4284 Rex
865 4197 1017 4302 Salem,
1047 4221 1086 4281 et
1107 4195 1208 4283 idem
1241 4198 1422 4285 Sacerdos
1447 4201 1520 4287 Dei
1614 4260 1679 4296 „,-

72 4309 266 4420 altissimi,
293 4314 562 4432 proferensque
581 4346 719 4433 panem
745 4343 784 4405 et
806 4317 966 4422 vinum,
984 4315 1057 4420 ei,
1073 4340 1117 4400 ut
1131 4314 1290 4432 legitur
1280 4346 1318 4401 ιιι
1341 4317 1521 4435 scriptura
1618 4339 1622 4346 ’
1661 4324 1672 4338 ’

65 4459 196 4536 sacra,
223 4433 428 4521 benedixit.
462 4435 569 4532 Quid
596 4435 738 4549 Judaei
763 4435 925 4552 populus
951 4377 1088 4520 electirs
1117 4440 1271 4542 aDeo,
1298 4461 1336 4522 et
1350 4467 1517 4554 quorum

50 4551 275 4665 'respublica
291 4583 370 4639 non
388 4556 559 4640 humano
576 4555 729 4641 consilio
749 4613 762 4659 ,
781 4555 845 4640 sed
861 4552 1033 4668 peculiari
1061 4554 1133 4638 Dei
1150 4555 1385 4668 providentia
1400 4558 1518 4645 admi-

67 4669 292 4756 nistrabatur
311 4731 325 4777 ,
344 4698 383 4758 et
405 4675 444 4759 in
472 4703 639 4791 quorum
657 4674 783 4758 locum
815 4673 1047 4758 Christianus
1062 4673 1242 4810 populus„
1253 4676 1449 4783 successit,
1466 4677 1517 4763 le·

69 4817 119 4905 ge
152 4820 219 4904 per
252 4792 446 4878 Christum
475 4822 555 4878 ιιοιι
587 4794 739 4897 soluta,
764 4791 829 4877 sed
854 4791 1005 4877 mutatis
1031 4793 1261 4878 caerimoniis
1276 4738 1463 4911 complefa
1478 4822 1518 4885 et

68 4906 296 5020 declarata,
332 4942 462 5002 nonne
475 4913 582 5000 sacris
598 4912 723 4998 litteris
738 4911 943 5030 saepissime
957 4912 1158 4999 traduntur
1173 4973 1186 5018 ,
1202 4941 1281 5001 non
1298 4917 1418 5008 modo
1430 4945 1521 5032 pro-

1438 5033 1521 5153 put-
