4006 5850
655 357 727 428 LI
753 354 835 426 BE
861 359 897 429 R
944 358 1008 426 Ill.
1445 381 1518 454 459

92 510 141 574 ut
154 481 381 573 Caelestinus
395 485 525 573 tertius
538 483 802 571 Constantiam
819 483 970 601 Rogerii
988 482 1228 601 Neapolitani
1244 489 1356 607 Regis
1371 486 1484 579 liliam
1513 526 1537 583 a

92 603 320 692 monasterio
351 605 623 691 Panormitano
652 628 740 720 post
764 602 933 690 solemne
962 630 1098 692 votum
1121 605 1298 695 eductam
1324 670 1337 715 ,
1366 613 1535 701 Henrico

91 749 197 810 sexto
223 725 443 836 Imperatori
459 722 699 809 matrimonio
723 721 937 809 collocaret.
969 727 1053 809 Nec
1079 722 1182 809 aliter
1197 746 1358 813 statuere
1379 757 1534 845 oportet
1623 768 1626 773 ·

90 841 140 934 de
154 840 427 954 impedimento
442 841 627 958 religionis
649 841 842 928 diversae:
872 869 962 926 nam
977 865 1016 926 et
1040 842 1117 927 hoc
1136 840 1215 955 jure
1231 843 1360 933 divino
1385 873 1529 958 vetere,

88 985 170 1045 non
184 959 344 1046 naturali
356 959 447 1045 olim
476 960 693 1064 nitebatur,
723 987 825 1043 nunc
851 955 1044 1074 pontificio
1059 961 1267 1049 dumtaxat.
1294 965 1409 1060 Quae
1436 997 1529 1056 vero

88 1074 357 1192 impedimenta
370 1078 410 1162 in
438 1078 607 1193 publicae
628 1076 831 1163 honestatis
856 1075 990 1189 justitia
1022 1102 1060 1164 et
1072 1081 1400 1196 consanguinitate
1426 1086 1529 1201 spiri-

71 1195 175 1302 tali,
203 1219 243 1283 et
264 1192 305 1281 iis
333 1197 543 1282 criminibus
572 1195 810 1301 consistunt,
832 1223 932 1310 quae
960 1224 1072 1310 supra
1107 1201 1426 1307 memoravimus,
1451 1232 1528 1313 ea,

85 1315 267 1428 quoniam
282 1313 360 1428 jure
383 1313 578 1430 pontificio
606 1313 761 1401 inducta
777 1336 897 1420 sunt,
922 1312 1045 1402 minus
1077 1343 1213 1402 musae
1239 1320 1425 1435 requirere
1448 1351 1527 1410 cer·

88 1454 173 1518 tum
191 1457 258 1520 est·
1150 1514 1154 1522 .

144 1555 191 1635 11.
250 1547 475 1666 Complures
488 1549 628 1637 eodem
643 1573 816 1665 tempore
830 1578 965 1638 uxores
979 1548 1147 1659 habere,
1170 1580 1405 1672 quamquam
1421 1558 1528 1649 nullo

84 1667 202 1755 ueteri
227 1668 439 1756 divinarum
455 1669 583 1785 legum
604 1668 742 1782 scripto
758 1694 886 1783 aperte
901 1669 1169 1785 prohibeatur,
1203 1675 1270 1758 sed
1285 1702 1526 1766 contracon-

85 1809 158 1872 stet
172 1816 219 1874 ex
242 1785 394 1873 historia
415 1814 517 1874 sacra
533 1786 659 1873 multis
675 1787 750 1872 hoc
764 1788 850 1874 vitis
864 1787 1092 1874 sanctissimis
1106 1790 1304 1903 quondam
1314 1789 1427 1879 ⁴luisse
1444 1826 1527 1910 per·

83 1903 265 2010 missum,
289 1931 359 1988 nec
376 1929 524 1992 vetetur
545 1904 624 2017 jure
652 1904 835 2009 naturali,
865 1906 973 2020 quod
990 1906 1138 2021 proprie
1167 1905 1411 2024 intelligitur,
1434 1941 1524 1999 cum

83 2021 188 2136 apud
202 2021 339 2108 multas
354 2022 524 2109 nationes
540 2022 579 2109 id
596 2050 697 2107 nunc
709 2023 843 2138 passim
867 2048 1090 2139 usurpetur:
1119 2047 1249 2110 tamen
1263 2029 1446 2141 quoniam
1472 2031 1525 2117 le·

82 2169 132 2255 ge
153 2140 368 2258 evangelica
383 2140 622 2227 interdictum
642 2165 700 2226 est
727 2171 749 2225 a
770 2139 951 2246 Christo,
975 2140 1115 2228 idcirco
1132 2141 1172 2227 in
1202 2141 1273 2227 hac
1298 2146 1538 2260 dispensatio

82 2287 165 2343 non
191 2283 316 2365 esset,
344 2287 444 2372 quae
469 2258 546 2344 sine
570 2288 717 2343 summa
739 2282 779 2344 et
809 2259 1024 2345 vehementi
1052 2286 1164 2343 eausa
1196 2257 1326 2346 fieret:
1357 2264 1522 2379 denique

82 2399 227 2491 quanta
242 2400 323 2463 etat
343 2375 437 2483 illa,
459 2401 745 2491 propterquam
767 2380 872 2459 Deus
889 2376 928 2460 in
942 2404 1081 2494 magna
1096 2374 1261 2461 fidelium
1279 2403 1346 2463 aut
1360 2383 1523 2470 omnino

82 2493 281 2579 hominum
298 2494 484 2608 paucitate
498 2493 630 2598 binas,
652 2520 692 2578 et
703 2516 853 2596 ternas,
870 2516 936 2578 aut
951 2521 1001 2578 eo
1017 2492 1174 2606 amplius
1189 2521 1323 2580 uxores
1339 2496 1426 2584 viris
1438 2528 1521 2584 sam
1621 2572 1633 2578 ,

80 2612 146 2697 ctis
162 2613 434 2724 permittebat?
455 2615 559 2695 Nam
574 2611 602 2696 si
618 2609 744 2715 bello,
765 2610 794 2694 si
808 2638 938 2725 quove
954 2609 1029 2695 alio
1045 2609 1147 2696 malo
1162 2611 1357 2698 necessitas
1384 2617 1520 2704 eadem

80 2754 148 2817 aut
163 2728 284 2816 similis
299 2729 462 2816 rediret:
490 2729 644 2834 (ledo,
667 2726 789 2844 inquit
802 2731 934 2813 Scotus
948 2788 968 2833 ,.
980 2731 1089 2811 Deus
1112 2731 1293 2816 ecclesiae
1307 2739 1519 2844 revelaret,
1531 2767 1627 2818 arent·
1635 2757 1705 2821 aas·

80 2863 123 2932 ut
137 2843 204 2934 boc
218 2874 352 2936 rursus
365 2850 616 2958 dispensando
625 2855 876 2958 permitteret.
906 2849 1003 2935 Rem
1024 2844 1159 2932 scilicet
1187 2845 1339 2934 videbat
1355 2849 1411 2937 vit
1434 2882 1518 2967 per·

79 2965 340 3080 spicaeissimus
356 3025 369 3070 ‚
387 2992 456 3052 nec
470 2965 558 3051 huic
573 2963 779 3050 sententiae
799 2959 1084 3099 refragabatur:
1101 2963 1365 3080 sedquoniam
1386 2997 1444 3056 res
1469 2969 1520 3058 illi

81 3106 163 3170 erat
201 3111 290 3169 curn
319 3082 453 3168 harum
472 3112 597 3170 rerum
632 3081 780 3188 avaris,
809 3109 952 3196 parcius
977 3080 1131 3197 quidem
1163 3106 1219 3168 est
1240 3078 1390 3171 locutus
1418 3089 1521 3191 ,sed-

79 3198 158 3306 ita,
182 3226 226 3288 ut
241 3226 369 3318 aperte
384 3202 479 3318 quid
502 3202 678 3307 sentiret,
693 3200 878 3289 innueret.
910 3198 1028 3309 Cujus
1051 3199 1152 3284 enirn
1168 3200 1389 3313 prudentiae
1405 3200 1519 3293 fuerit

79 3345 244 3435 negate,
262 3319 325 3406 tali
340 3344 513 3434 tempore
528 3321 579 3406 ad
594 3317 888 3433 permittendum
901 3316 940 3403 id
957 3376 970 3421 ‚
985 3314 1148 3434 quodin
1170 3317 1309 3406 eisdem
1337 3344 1406 3406 aut
1417 3322 1517 3408 simi·

78 3433 172 3521 libus
186 3467 310 3525 retum
325 3438 531 3555 augustiis,
556 3441 684 3521 Deum
698 3461 745 3522 ut
775 3433 976 3548 permisisse
990 3458 1166 3541 constat,
1190 3436 1239 3521 sic
1253 3436 1514 3551 permissurum

88 3580 167 3639 esse
190 3555 290 3642 credi
304 3578 479 3669 oportet,
499 3552 641 3641 vicario
669 3552 744 3639 Dei
759 3575 982 3667 potestatem
997 3555 1122 3639 abesse
1137 3613 1150 3659 ,
1165 3552 1379 3670 cuiligandi
1392 3580 1432 3641 et
1445 3556 1521 3642 sol·

6 3708 10 3715 ’
78 3671 195 3758 vendi
219 3671 427 3787 plenissima
449 3693 615 3787 potestas
640 3669 729 3758 data
752 3693 839 3774 est,
873 3669 1070 3786 clavesque
1092 3669 1199 3787 regni
1220 3671 1410 3757 caelorum
1435 3669 1519 3788 perss

79 3786 237 3875 ntissae?
269 3793 408 3904 Neque
426 3789 571 3875 enimsi
591 3788 831 3876 Innocentius
845 3790 909 3872 111.
925 3787 1030 3904 Papa
1044 3788 1271 3906 quibusdam
1298 3816 1322 3873 a
1347 3780 1703 3909 paganis-„”ssd‘lssffiss

78 3936 146 3992 mo
180 3907 232 3994 ad
246 3907 496 3992 Christianam
516 3905 733 4022 religionem
751 3904 938 3993 conversis
952 3932 1041 3992 cum
1070 3906 1259 4025 quaedam
1283 3905 1361 4018 jure
1392 3911 1519 4021 ponti·

78 4021 165 4111 licio
193 4024 381 4140 prohibita
394 4021 643 4139 permisisset,
670 4022 883 4138 complures
895 4051 1032 4110 uxores
1046 4072 1069 4127 ‚2
1086 4024 1267 4140 quoniam
1283 4023 1361 4136 jure
1386 4024 1518 4113 divino

79 4164 256 4229 vetantur
270 4201 286 4249 ,
311 4171 391 4229 non
407 4165 629 4257 suppetente
645 4142 730 4228 satis
745 4170 884 4258 magna
899 4168 1011 4227 caussa
1019 4141 1171 4256 negavit
1186 4139 1394 4256 ,protinus,
1410 4171 1458 4228 ne
1474 4145 1514 4230 in

77 4260 335 4461 urgieetp‘tissima
357 4261 577 4355 necessitate
597 4261 811 4375 permittere
835 4284 990 4374 posset,
1015 4279 1200 4374 potestate
1232 4258 1397 4375 privatus
1411 4260 1516 4348 vide·

78 4401 111 4460 rr
206 4401 276 4462 utt.

138 4496 201 4593 ΙΙΙ.
260 4492 384 4612 Leges
400 4492 548 4582 divinae
562 4493 927 4613 consanguineorum
942 4492 1039 4580 inter
1061 4520 1128 4599 se,
1156 4490 1219 4580 vel
1233 4487 1402 4581 affinium
1418 4496 1515 4585 inter

79 4609 180 4724 ipsos
196 4613 435 4697 matrimonia
450 4615 720 4728 prohibentes,
740 4641 828 4697 cum
857 4640 914 4698 res
929 4611 1093 4728 agendas
1108 4634 1223 4725 atque
1240 4612 1438 4699 hominum
1455 4614 1516 4701 so·

78 4728 252 4816 cietatem
267 4729 483 4846 attingant,
509 4757 590 4815 non
613 4757 761 4844 prorsus
786 4729 868 4814 illae
891 4728 1049 4845 quidem
1078 4728 1269 4815 Pontificis
1290 4732 1517 4818 moderatio·

80 4872 169 4934 nem
184 4875 358 4969 respuere
373 4847 551 4939 videntur
568 4879 579 4934 a
595 4845 975 5051 ‘edqummpissd
992 4847 1106 4935 dubie
1121 4845 1200 4965 'pure
1225 4846 1355 4937 divino
1386 4873 1518 4937 vetere

941 4990 1022 5051 nto
1426 4992 1520 5055 con·
