4050 5858
498 403 566 474 uz
962 372 1439 452 Democrates

396 567 399 572 -
470 531 511 596 et
531 503 757 622 pauperibus
783 499 974 619 largienda
990 564 1003 609 ‚
1018 503 1070 589 de
1091 502 1373 609 coelibatu,de
1388 501 1621 621 virginitate.
1650 501 1782 619 Quam
1809 528 1929 618 prae·

473 651 672 741 ceptorum
699 623 777 712 vim
792 646 832 709 et
858 621 1082 729 discrimen,
1103 651 1154 709 ne
1178 623 1256 709 sine
1281 647 1437 708 auctore
1461 621 1576 709 locuti
1600 650 1679 708 esse
1705 620 1928 732 videamur,

472 745 646 831 Christus
671 744 749 860 ipse
780 741 915 850 nobis,
942 765 986 828 ut
1015 763 1074 828 est
1101 741 1143 826 in
1174 741 1404 858 evangelio,
1429 739 1654 858 apertissime
1686 739 1927 851 declaravit,

472 863 541 979 qui
557 925 569 970 ,
585 890 673 951 cum
699 863 739 948 in
769 885 903 947 monte
925 860 1057 948 sedens
1072 860 1129 947 his
1151 860 1386 977 potissimum
1415 883 1455 948 et
1483 858 1618 946 talibus
1648 860 1800 946 monitis
1816 862 1926 949 disci-

473 982 584 1096 pulos
617 979 730 1068 adse
753 985 984 1097 Deumque,
1010 1005 1198 1096 quatenus
1225 979 1337 1087 licet,
1360 978 1585 1066 imitandum
1617 978 1843 1068 adhortatus
1868 1010 1925 1069 es-

471 1124 529 1188 set
545 1161 559 1208 ,
574 1124 618 1187 ut
641 1128 681 1187 se
708 1100 863 1186 doceret
895 1128 976 1185 non
997 1098 1098 1215 leges
1123 1098 1213 1186 dare
1229 1161 1243 1206 ,
1259 1100 1397 1214 quibus
1427 1095 1688 1213 praetermissis
1706 1125 1838 1205 ,recte
1864 1102 1927 1190 vi·

472 1246 563 1305 vere
592 1248 674 1305 non
701 1218 838 1321 liceat3
863 1219 928 1305 sed
960 1218 1063 1305 viam
1092 1241 1301 1304 monstrare
1329 1217 1380 1304 ad
1406 1245 1522 1323 eam,
1551 1217 1600 1302 de
1629 1247 1708 1333 qua
1737 1216 1927 1328 diximus,

315 1375 329 1408 a
368 1384 411 1408 ··
472 1335 591 1423 vitam
624 1334 954 1452 perfectissimam,
980 1334 1071 1422 illud
1094 1336 1291 1450 adjunxit:
1325 1338 1464 1422 Estote
1492 1362 1583 1445 ergo
1606 1334 1780 1445 perflati
1792 1400 1807 1447 ,
1825 1348 1926 1425 siorrt

440 1492 445 1494 ’
474 1469 513 1539 et
528 1456 649 1540 Pater
670 1470 801 1540 uester
829 1461 1000 1548 caelems
1022 1453 1221 1566 perficias
1253 1469 1331 1540 est.
1365 1455 1550 1570 Idemque
1581 1480 1787 1572 rogatusa
1819 1486 1927 1573 quo·

476 1573 566 1667 dam
581 1632 595 1679 ,
610 1573 706 1689 quid
720 1573 812 1679 boni
825 1568 963 1661 faciem
979 1635 993 1680 ,
1008 1574 1127 1660 vitarn
1150 1576 1343 1662 aeternam
1365 1598 1659 1688 consequeretur
1676 1634 1688 1679 ,
1705 1578 1924 1692 respondit:

388 1690 426 1742 ¹⁹·
474 1689 525 1776 Si
551 1699 620 1787 ¹tris
648 1696 701 1775 ad
724 1702 848 1778 vitam
871 1696 1051 1803 ingredi,
1077 1718 1195 1778 serva
1225 1695 1426 1777 mandata.
1459 1696 1602 1778 Rursus
1634 1693 1684 1779 de
1718 1698 1924 1812 praeceptis

475 1808 676 1926 inquirenti
691 1869 704 1917 ,
718 1837 771 1898 ,et
799 1809 1003 1928 numquid
1030 1809 1125 1900 noui
1145 1811 1345 1927 Deculogo
1368 1809 1527 1897 adderet
1541 1870 1554 1916 ,
1568 1811 1835 1921 addubitanti,
1858 1813 1925 1902 illis

325 1945 390 2001 Μ·
475 1929 779 2016 connumeratis:
812 1933 901 2016 Non
923 1932 1158 2016 homicidium
1166 1928 1327 2035 fiaaies:
1352 1930 1442 2014 Non
1466 1931 1728 2016 adulterabis:
1755 1934 1845 2018 Non
1855 1931 1928 2038 fa·

477 2055 555 2132 aies
564 2046 748 2154 flurium:
773 2050 862 2134 Non
873 2047 1024 2155 falsum
1046 2056 1294 2135 testimonium
1311 2051 1444 2132 dices:
1471 2048 1628 2133 Honora
1644 2066 1797 2158 patrem
1821 2066 1928 2135 tuum

288 2184 435 2238 alcala·
477 2179 515 2250 et
542 2182 697 2251 matrem
719 2180 845 2252 taam:
879 2190 1122 2283 praeceptum
1150 2168 1310 2253 caritatis
1340 2164 1500 2278 adjecit:
1530 2168 1686 2276 Diliges
1706 2176 1927 2276 proximum

291 2331 403 2384 aar...
415 2340 451 2388 η,
476 2299 581 2368 luum
605 2292 705 2370 siam
724 2299 762 2368 ee
781 2294 931 2395 ipsum:
953 2294 994 2369 in
1020 2312 1091 2393 quo
1110 2312 1273 2371 sermone
1293 2293 1411 2371 omnis
1426 2291 1489 2367 lest
1505 2342 1518 2389 ,
1534 2308 1580 2371 ut
1604 2285 1739 2371 Paulus
1755 2283 1806 2371 ait
1824 2294 1925 2391 ,irn-

472 2409 631 2515 pletur,
652 2417 692 2487 et
707 2411 748 2487 in
767 2410 1000 2511 quaomnia,
1017 2402 1178 2491 utidem
1195 2402 1281 2490 albi
1303 2402 1383 2508 ait,
1397 2410 1679 2488 instaurantur.
1714 2406 1818 2489 Cum
1835 2404 1930 2492 haec

478 2550 572 2638 ergo
591 2522 820 2627 necessaria,
838 2545 878 2608 et
904 2520 945 2606 in
970 2521 1021 2607 eis
1045 2521 1131 2608 satis
1159 2520 1296 2612 uirium
1316 2550 1395 2607 esse
1419 2521 1469 2607 ad
1498 2546 1692 2607 aeternam
1707 2522 1830 2610 vitam
1859 2524 1927 2609 ob·

480 2638 675 2726 tinendam
708 2639 918 2724 dmuimet:
951 2638 1002 2723 Si
1031 2648 1097 2723 vis
1122 2657 1282 2747 aurem,
1299 2639 1420 2755 inquit
1436 2701 1448 2745 ‚
1459 2640 1660 2749 perfidus
1683 2667 1797 2748 esse,
1813 2645 1926 2746 vade,

481 2771 521 2840 et
545 2760 664 2840 vende
693 2765 816 2840 omnio
842 2782 937 2863 quoe
954 2758 1069 2841 habes
1084 2817 1097 2862 ,
1112 2774 1151 2841 et
1174 2764 1225 2842 da
1246 2760 1481 2869 pauperibus
1495 2817 1509 2865 ‚
1525 2774 1564 2842 et
1577 2785 1733 2866 sequere
1748 2786 1825 2845 me.
1854 2764 1928 2845 Po-

482 2872 603 2959 tuitne
632 2873 803 2960 Christus
829 2875 1032 2959 necessaria
1057 2900 1281 2994 praecepta,
1308 2876 1474 2993 quaein
1503 2877 1701 2994 Decalogo
1732 2877 1926 2963 continen-

483 3014 547 3077 tur
563 3052 577 3096 ,
593 2992 755 3106 apertius
771 2992 998 3109 distinguere
1023 2993 1074 3078 ab
1094 2992 1198 3101 alis,
1217 3023 1317 3111 quae
1330 3056 1342 3100 ,
1357 2993 1447 3111 quia
1463 3023 1545 3080 non
1568 2994 1710 3081 habent
1735 2996 1816 3083 vim
1838 2994 1929 3114 legis

483 3106 712 3224 obligantis,
739 3109 805 3197 sed
834 3110 1102 3199 exhortationis
1127 3111 1179 3199 ad
1203 3113 1396 3199 meliorem
1423 3109 1762 3229 perfectioremque
1788 3115 1928 3220 vitam,

484 3222 623 3313 idcirco
650 3228 802 3314 consilia
832 3228 979 3348 magis,
1006 3258 1126 3345 quam
1156 3254 1354 3346 praecepta
1382 3229 1504 3347 vulgo
1534 3230 1657 3318 solent
1687 3261 1712 3316 a
1741 3232 1928 3351 theologis

483 3346 693 3461 nuncupati
710 3407 723 3452 ,
739 3347 813 3432 lare
836 3372 1028 3462 patentem
1052 3351 1239 3466 praecepti
1263 3347 1462 3435 notionem
1476 3350 1527 3435 ad
1549 3349 1640 3467 legis
1657 3350 1858 3439 dumtaxat
1879 3353 1930 3438 in·

484 3461 678 3551 tellectum
705 3466 899 3584 angustius
914 3466 1078 3554 docendi
1100 3497 1211 3554 causa
1239 3466 1530 3555 revocantibus?
1560 3474 1693 3584 ltaque
1723 3469 1825 3556 male
1852 3499 1929 3556 me-

485 3605 632 3669 rentem
653 3583 753 3670 male
772 3585 964 3700 accipere,
981 3584 1138 3699 justitiae
1152 3613 1209 3674 est
1224 3615 1237 3692 3
1253 3586 1423 3700 injuriam
1448 3615 1530 3672 non
1554 3611 1810 3703 repugnanter
1825 3584 1931 3694 ferre,

256 3750 258 3753 ·
274 3738 421 3799 -ssmoue
486 3700 747 3814 perfectionis.
770 3709 875 3788 Nam
891 3733 1081 3819 percussus
1097 3707 1227 3792 dextra
1241 3704 1388 3791 maxilla
1411 3704 1550 3792 idcirco
1566 3705 1715 3819 jubetur
1742 3736 1766 3790 a
1779 3706 1933 3794 Christo

291 3818 668 3923 instantissimam
697 3822 876 3936 praebere
893 3881 905 3926 ,
922 3846 1016 3907 teste
1032 3823 1251 3940 Augustino
1267 3885 1280 3931 ,
1296 3849 1341 3913 ut
1355 3821 1451 3911 dum
1475 3823 1596 3911 vicem
1620 3853 1701 3910 non
1717 3824 1844 3913 reddit
1855 3855 1934 3910 ma·

296 3935 474 4044 illium
488 3934 529 4021 lo
543 3996 555 4043 ,
570 3935 755 4054 perlectus
778 3939 850 4027 sit:
886 3941 1073 4049 ,Quoniam
1088 3946 1244 4027 reddere
1259 3951 1382 4027 vicem
1397 4003 1410 4049 ,
1428 3944 1575 4052 justum
1589 3959 1648 4028 est
1663 4004 1676 4049 ,
1690 3941 1837 4058 inquit,
1860 3946 1935 4026 sed

487 4080 557 4139 non
576 4063 746 4164 plenum.
774 4060 824 4142 Si
855 4086 948 4144 vero
979 4063 1190 4145 dissimulet
1219 4062 1269 4145 ab
1296 4065 1439 4174 injurio
1455 4123 1467 4168 ,
1484 4067 1599 4173 plena
1618 4066 1776 4177 justitia
1806 4075 1865 4144 est
1894 4074 1934 4147 el

485 4174 690 4259 abundans.

547 4291 686 4377 XVIII.
744 4296 803 4380 Ut
826 4294 938 4413 igitur
964 4293 1003 4382 in
1020 4324 1141 4411 pauca
1166 4294 1433 4405 conferamus,
1449 4326 1548 4415 quae
1568 4296 1810 4415 paulolatius
1825 4360 1836 4408 ,
1852 4326 1934 4414 quo

488 4404 612 4494 minus
639 4408 679 4494 in
704 4439 744 4495 re
761 4413 1001 4503 dubitationis
1025 4415 1323 4532 relinqueretur,
1347 4417 1612 4554 explicuimus:
1628 4418 1763 4523 vides,
1785 4443 1829 4504 ut
1851 4416 1934 4502 bel-

487 4521 568 4611 lum
590 4555 672 4613 non
700 4529 821 4615 modo
844 4561 926 4616 non
950 4534 995 4619 sit
1021 4560 1156 4621 contra
1178 4534 1300 4655 legem
1330 4535 1498 4623 diurnam
1515 4597 1528 4642 ,
1544 4565 1633 4622 cum
1659 4532 1810 4622 alonte
1833 4533 1935 4643 justi·

323 4625 475 4679 Luthertnn·
505 4640 515 4658 ·

296 4696 353 4735 mm
405 4699 477 4747 ow.
488 4664 587 4747 trae,
606 4669 650 4730 ut
675 4675 784 4760 saepe
807 4646 968 4756 accidit,
984 4652 1174 4759 exorimur,
1191 4656 1256 4742 sed
1272 4678 1428 4739 auctore
1445 4658 1535 4740 Deo
1556 4654 1795 4771 suscipiatur.
1812 4650 1937 4754 Quod

296 4758 402 4858 llll„
426 4754 590 4847 ⁸⁰¹‘cnim
614 4763 710 4851 duce
735 4764 779 4851 lit
804 4795 849 4852 ac
872 4769 1047 4885 magistra
1074 4795 1209 4858 natura
1226 4833 1239 4880 ,
1255 4771 1296 4861 id
1324 4797 1479 4859 auctore
1510 4778 1599 4861 Deo
1623 4772 1732 4881 lieri,
1754 4774 1841 4860 sutis
1860 4831 1876 4881 ,
1894 4795 1939 4874 ut

255 4888 278 4895 ”
486 4880 672 4991 arbitror,
688 4907 744 4971 est
759 4884 1016 4977 declaratum.
1046 4894 1151 4980 Deus
1167 4891 1294 5001 enim,
1311 4915 1355 4979 ut
1377 4893 1497 5011 prima
1514 4921 1625 4981 causa
1650 4922 1707 4985 est
1735 4893 1941 4983 universae

1871 5036 1941 5097 na-

283 1678 377 1752 ¹llattl.
