4034 5858
492 381 571 452 «ιιο
921 345 1171 418 APOLOGIA
1198 345 1295 418 PRO
1319 345 1466 417 LIBRO

475 507 605 572 menta
633 473 847 595 complexus
870 469 1217 579 es,conlicicndo,
1234 472 1283 557 ad
1292 496 1499 587 meque
1474 467 1700 577 mittendo,
1731 471 1771 558 id
1796 470 1932 590 egisse,

478 629 523 690 ut
547 601 609 690 vel
631 629 693 685 me
714 622 899 684 errantem
914 617 955 679 et
969 589 1174 676 rationibus
1187 577 1452 695 cedentem,
1444 600 1483 673 ιιι
1500 589 1600 674 viam
1617 590 1815 676 reduceres
1832 613 1969 700 ,autt

480 721 509 807 si
532 717 760 836 persisterem
784 715 822 800 in
856 709 1076 824 sententia,
1111 707 1325 842 quomodo
1348 706 1495 842 obiecta
1519 706 1741 815 diluerem,
1777 737 1841 792 me
1874 735 1932 792 re·

480 839 691 955 spondente
723 832 866 949 planius
889 817 1133 944 intelligeres.
1181 824 1363 911 Faciam
1355 825 1467 961 rgitur
1495 815 1605 940 quod
1633 822 1769 913 tacitus
1797 826 1931 940 jubes,

481 958 559 1042 imo
582 985 675 1041 vero
690 952 770 1068 plus
789 978 905 1066 quam
929 947 1059 1060 jubes:
1089 970 1303 1079 proponam
1326 945 1427 1043 enim
1449 970 1531 1029 non
1558 971 1625 1030 ιιι
1662 945 1789 1030 solum
1819 971 1931 1061 argu,

412 1132 416 1141 .
460 1099 641 1179 menta,
666 1071 862 1158 sedetiam
890 1066 1050 1170 omnia,
1087 1061 1300 1179 quaemihi
1324 1062 1386 1150 vel
1416 1063 1613 1178 Compluti
1644 1063 1706 1150 vel
1738 1062 1929 1149 Salmanti-

480 1221 548 1278 cae
571 1189 724 1276 fuerunt
755 1187 931 1299 obiecta,
971 1209 1010 1270 et
1029 1181 1223 1294 interjectis
1241 1210 1346 1267 more
1371 1181 1592 1268 scholastico
1622 1211 1795 1268 mearum
1815 1183 1931 1267 ratio-

481 1332 577 1397 num
599 1306 849 1395 fundamentis
874 1329 913 1389 et
926 1299 1300 1407 confirmationibus,
1330 1301 1381 1386 ad
1397 1301 1541 1436 singula
1566 1299 1845 1436 respondebo,
1879 1328 1933 1386 re·

481 1426 683 1542 sellamque
707 1422 912 1510 calumnias
937 1448 1017 1506 non
1038 1445 1122 1505 naas
1153 1416 1283 1531 (novi
1306 1419 1407 1504 enim
1427 1416 1543 1503 animi
1569 1419 1636 1504 tui
1653 1419 1864 1505 candorem
1889 1445 1932 1504 ac

483 1546 751 1682 simplicitatem
776 1543 791 1657 ι
813 1542 881 1636 sed
910 1535 1195 1674 quorumdam,
1229 1536 1435 1623 ambitione
1466 1538 1684 1627 autetiam
1700 1537 1936 1672 gravioribus

485 1664 598 1749 animi
625 1661 761 1750 morbis
789 1656 1040 1745 laborantium
1071 1652 1307 1761 hominum,
1337 1684 1435 1771 quos
1460 1683 1606 1742 certum
1631 1657 1797 1762 habeo,
1828 1656 1937 1740 omni

487 1812 561 1896 ope
587 1784 820 1886 elaborasse,
848 1808 930 1929 quo
953 1801 1019 1882 re,
1042 1797 1094 1861 ut
1101 1772 1240 1860 multos
1256 1772 1386 1882 alios,
1417 1775 1556 1863 eisdem
1578 1774 1782 1894 praestigiis
1810 1771 1934 1860 ludifi-

485 1926 670 1986 carennrr

241 2122 243 2125 Ι
296 2013 421 2121 ,3333
420 2012 501 2133 33
495 2023 593 2102 ..ΙΙ
630 2014 776 2102 Sed
741 2011 902 2128 primum
928 2012 1100 2099 omnium
1122 2010 1367 2128 deponenda
1356 2011 1441 2099 tihi
1458 2031 1533 2103 ast
1547 2008 1661 2099 falsa
1661 2012 1891 2126 persuasio,
1910 2011 1939 2096 si

296 2086 362 2240 333
339 2084 462 2240 33ιιιι
435 2076 587 2248 ,,ζιοιιε
606 2160 725 2252 puras
759 2130 1081 2216 Salmanticensem
1101 2153 1181 2216 aut
1197 2129 1523 2244 Conrplutensctlu
1541 2131 1769 2219 academiam
1799 2136 1939 2214 contra

298 2254 409 2360 333
411 2265 472 2359 ,,3,
447 2265 621 2339 nmeum
645 2250 818 2338 libellum
833 2249 1029 2365 judicasse:
1059 2277 1139 2335 non
1161 2249 1270 2334 eru'm
1276 2249 1521 2345 universitatis
1546 2248 1832 2360 illudrjudicium
1847 2242 1938 2382 fuir,

296 2372 464 2433 ⁸‘1'¹¹¹V“⁸·
456 2373 553 2458 ·sed
581 2397 787 2507 paucorum
818 2393 1084 2482 corruptorum
1107 2366 1308 2452 hominum
1333 2366 1574 2475 artificium,
1591 2378 1691 2455 ιιοιι
1724 2366 1940 2453 communis

488 2490 721 2596 sententia,
749 2487 815 2573 sed
844 2487 1008 2597 duorum
1036 2507 1119 2569 aut
1134 2485 1247 2569 trium
1277 2485 1481 2600 utrobique
1516 2485 1756 2603 praestigiae,
1799 2513 1939 2570 uorum

488 2608 600 2693 cereri
633 2606 909 2693 auctoritatem
928 2626 1082 2718 propter
1119 2601 1332 2688 doctrinae
1341 2602 1521 2717 majorem
1551 2604 1772 2719 opinionem
1799 2603 1940 2716 suoiu·

495 2726 604 2811 dicio
620 2723 901 2840 praetulerunt.
935 2720 1038 2805 Sic
1024 2719 1134 2836 igitur
1162 2719 1453 2834 disputationem
1470 2721 1636 2809 ordirisr'
1661 2723 1853 2832 ,Quaestio
1866 2735 1938 2826 est,

491 2842 637 2958 inquis,
659 2869 707 2934 ara
732 2841 957 2926 iicearoelu
973 2838 1081 2922 Irrdos
1090 2845 1291 2945 prosequi,
1309 2837 1510 2945 austrum
1524 2842 1625 2925 ah
1588 2866 1645 2925 ers
1672 2844 1834 2924 dorrioia
1843 2856 1938 2947 pos·

489 2969 742 3067 arationesque
767 2973 806 3042 et
839 2960 932 3043 bona
955 2961 1176 3064 temporalia
1194 3013 1209 3061 ,
1228 2970 1266 3039 et
1280 2961 1473 3042 oceidmdo
1499 2984 1562 3044 eos
1589 3017 1604 3065 ,
1629 2965 1667 3043 si
1683 2964 1941 3042 resistentiam

490 3087 763 3188 apposuerint,
788 3090 830 3160 ut
853 3084 912 3162 sic
935 3080 1090 3183 spoliati
1114 3088 1152 3157 et
1179 3071 1337 3180 subjecti
1353 3072 1522 3181 facilius
1555 3094 1629 3188 per
1651 3079 1940 3210 praedicatores

490 3199 693 3280 suadeatur
717 3191 894 3292 eisfides.
928 3191 1200 3286 Quaestionem
1227 3215 1385 3298 autem,
1415 3218 1459 3281 ut
1484 3193 1641 3280 demea
1665 3194 1854 3279 sententia
1869 3193 1940 3278 dis-

444 3380 446 3383 .
490 3339 660 3421 seramr,
679 3314 736 3399 ad
763 3312 865 3397 hunc
885 3310 1044 3396 modum
1063 3320 1305 3444 proponere,
1318 3311 1428 3444 ’quid
1434 3311 1535 3398 aliud
1564 3336 1648 3416 est,
1677 3341 1828 3448 quam
1829 3309 1940 3396 ιιιιι

490 3433 612 3536 mine,
626 3457 670 3520 ut
691 3430 826 3543 aiunt,
845 3424 1065 3533 offendere,
1086 3451 1125 3512 et
1140 3427 1227 3563 ipso
1246 3427 1368 3512 statim
1395 3428 1653 3544 disputationis
1671 3429 1858 3544 principio
1884 3456 1939 3513 ar

490 3575 546 3636 tes
575 3579 707 3636 eorum
731 3547 920 3662 prodere,
946 3545 1095 3633 rmde
1074 3553 1165 3631 uta
1187 3545 1389 3632 sumsisti?
1411 3547 1493 3644 Qui
1514 3572 1720 3636 ceterarum
1753 3546 1941 3633 machina·

490 3668 639 3754 tionum
669 3729 681 3773 ,
711 3665 847 3782 quibus
877 3693 1007 3750 meum
1039 3661 1180 3749 librum
1204 3689 1467 3781 oppugnant,
1490 3665 1695 3754 infirmitati
1724 3661 1943 3752 diffidentes

492 3786 714 3921 praesidium
741 3807 876 3898 petum
900 3811 940 3866 ι
949 3779 1064 3868 falsis
1069 3781 1318 3888 criminibus,
1341 3807 1381 3872 et
1402 3811 1495 3899 quas
1511 3783 1666 3897 injuias
1683 3809 1731 3872 ct
1750 3784 1871 3898 impia
1887 3783 1942 3868 la-

494 3903 661 3988 troeinia
673 3902 858 3988 acerrime
876 3914 1002 3986 meus
999 3898 1182 3984 libellus
1160 3912 1405 4005 insectatur,
1442 3901 1591 3998 harum
1610 3914 1676 3992 me
1691 3901 1943 4035 patrocinium

367 4046 371 4050 ’
494 4022 691 4137 suscepisse
709 4021 972 4124 mentiunnu,
1004 4019 1161 4105 ιιιιιιιιιι
1165 4014 1306 4105 faciant
1317 4018 1601 4131 iuvidiam,sibi
1630 4042 1727 4110 vero
1744 4018 1947 4106 concilient

493 4135 665 4228 savorem
691 4139 935 4255 popularem3
959 4138 1030 4224 uisr
1018 4134 1185 4224 forte
1168 4149 1301 4225 meum
1312 4137 1452 4224 librum
1478 4140 1539 4229 uel
1563 4155 1646 4226 non
1663 4139 1865 4257 legerunt,
1881 4136 1945 4224 vel

498 4255 636 4343 lectum
662 4285 818 4372 propter
841 4255 1058 4343 characteris
1081 4254 1196 4370 paulo
1212 4254 1374 4343 cultioris
1388 4255 1622 4345 insolentiam
1649 4287 1732 4343 non
1757 4256 1947 4343 intellexe«

494 4399 608 4460 runt.
637 4377 765 4488 Quod
782 4376 903 4462 multis
919 4375 1089 4463 accidisse
1117 4374 1210 4459 sensi
1229 4403 1276 4460 ex
1291 4374 1373 4480 his,
1401 4403 1567 4490 quorum
1586 4372 1764 4492 suffragio
1783 4404 1843 4462 res
1866 4403 1943 4490 per·

494 4491 602 4578 missa
617 4517 700 4596 est,
708 4517 769 4577 ut
783 4494 872 4579 scias
894 4496 1015 4610 ipsum
1032 4492 1280 4609 aplerisque
1279 4493 1427 4582 indicta
1441 4521 1552 4582 causa
1577 4490 1688 4582 fuisse
1704 4495 1944 4595 damnatum,

492 4609 575 4721 jure
598 4611 728 4698 divino
747 4634 786 4696 et
810 4612 967 4697 naturali
981 4637 1228 4728 repugnante
1217 4612 1360 4728 Ego
1350 4611 1486 4729 rgitur,
1513 4641 1561 4697 ne
1583 4635 1728 4698 remea
1742 4612 1938 4714 sententia,

491 4728 542 4815 de
557 4759 635 4847 qua
649 4730 907 4845 quaerendum
928 4757 1013 4836 cst,
1026 4731 1170 4836 lateat,
1193 4730 1264 4815 hos
1286 4731 1464 4815 barbaros
1488 4758 1569 4815 non
1585 4731 1882 4846 possessionibus
1908 4752 1945 4815 et

490 4829 725 4938 sacrduubus
745 4848 1051 4965 spoliandosesse
1067 4849 1181 4958 dico,
1205 4847 1332 4936 necin
1363 4846 1580 4938 servitutem
1608 4846 1950 5054 redgendoskped

1907 4996 1948 5054 ιι
