4034 5858
515 382 529 453 ς
535 376 582 446 90
784 355 852 440 DE
877 358 1103 435 RATIONE
1127 359 1341 438 DICENDI'
1359 364 1625 442 TESTIMON.

487 513 528 574 te
555 484 657 623 scire·
674 501 819 606 neges,
844 487 914 576 tibi
940 484 1095 578 fortasse
1126 487 1298 577 nonnihil
1327 489 1427 580 dicas
1458 500 1611 600 ,certe
1645 494 1802 613 roganti
1829 491 1935 612 judici

488 630 691 693 mennam.
1567 678 1568 681 a

487 778 490 785 ·
546 728 591 811 lt
652 729 756 815 Nam
776 726 825 815 ad
839 726 917 843 ejus
934 725 1215 847 intelligentiam
1241 728 1358 818 verba
1388 757 1456 818 tua
1476 728 1568 820 falsa
1583 759 1684 822 sunt.
1710 736 1812 832 Quo
1826 731 1935 850 plane

325 926 329 929 ,
412 910 414 913 -
485 842 720 933 convincitur
748 845 832 936 leve
851 847 942 935 illud
968 845 1044 961 (ne
1071 847 1212 965 puerile
1236 848 1359 937 dicam
1387 875 1426 938 et
1455 851 1648 966 joculare)
1670 879 1932 942 commentum

485 962 742 1080 quorumdam
759 1027 773 1074 ,
789 965 857 1086 qui
874 996 913 1054 se
929 995 1037 1083 posse
1053 991 1189 1082 putant
1204 966 1397 1106 ingeniose
1412 969 1579 1084 judicum
1595 971 1828 1089 diligentiam
1857 970 1932 1058 ltu·

483 1081 587 1170 strari
603 1083 694 1171 citra
712 1085 896 1173 mendacii
909 1085 1077 1192 crimen,
1106 1085 1135 1172 si
1149 1114 1284 1203 quavrs
1298 1087 1603 1209 amphibologia,
1621 1091 1738 1178 etiam
1768 1090 1934 1178 inusitata

483 1226 523 1289 et
546 1201 622 1289 aliis
637 1202 830 1322 incognita
848 1265 862 1312 ,
894 1228 1203 1321 percunctantem
1218 1205 1390 1295 eludant.
1422 1208 1481 1296 Sic
1497 1209 1599 1295 enim
1616 1208 1764 1296 docent
1780 1209 1930 1324 exempli

483 1350 621 1414 musa:
652 1322 682 1408 si
696 1347 848 1438 praetor
862 1324 1033 1430 Titium,
1049 1351 1167 1440 quem
1183 1347 1229 1412 tu
1253 1321 1460 1443 fugientem
1487 1329 1610 1415 domo
1641 1352 1710 1416 tua
1741 1329 1932 1443 receperit,

481 1441 706 1529 nominatim
725 1442 932 1561 vestigans,
947 1442 982 1528 ei
997 1442 1197 1560 insequens
1207 1473 1254 1530 ex
1270 1442 1482 1551 intervallo,
1499 1471 1538 1533 te
1555 1471 1666 1563 roget
1688 1445 1755 1535 vel
1770 1446 1930 1555 juratum

484 1557 524 1644 in
541 1560 645 1646 hunc
659 1561 845 1648 modum:
865 1560 1000 1648 Vidisti
1015 1563 1091 1648 huc
1105 1561 1377 1680 ingredientem
1403 1563 1578 1650 Titium?
1608 1592 1690 1651 non
1725 1562 1934 1680 pejerabis,

484 1706 530 1764 ac
555 1709 604 1766 ne
619 1680 804 1768 mentieris
827 1680 1012 1796 quidem,
1029 1681 1122 1768 sisic
1145 1681 1407 1799 responderis:
1434 1681 1554 1770 Haud
1570 1682 1752 1798 equidem
1766 1682 1849 1770 vidi
1864 1682 1932 1772 buc

482 1794 757 1914 ingredientem
782 1801 951 1887 Titium:
984 1799 1200 1888 dummodo
1234 1831 1352 1887 manu
1374 1798 1534 1890 latenter
1561 1801 1720 1889 admota
1756 1799 1855 1887 sinui
1868 1801 1932 1889 tibi

482 1940 629 2032 partem
644 1944 732 2006 tuae
747 1919 896 2008 tunicae
928 1918 1171 2006 demonstres
1201 1923 1358 2037 Negant
1373 1918 1476 2004 enim
1505 1923 1663 2037 huopro
1679 1920 1844 2005 nomine
1870 1918 1933 2006 do

483 2065 592 2121 mum
608 2037 750 2155 magis,
777 2065 896 2156 quam
912 2038 1033 2126 sinum
1048 2063 1158 2126 tuum
1175 2036 1381 2157 significari.
1412 2041 1547 2156 ltaque
1567 2040 1654 2125 satis
1669 2038 1808 2126 essein
1832 2036 1933 2125 alter·

482 2175 574 2243 utro
590 2153 779 2245 intellectu
799 2157 999 2276 ancipitem
1031 2156 1296 2245 inficiationem
1312 2183 1391 2244 esse
1414 2185 1559 2245 veram.
1583 2161 1690 2243 Nam
1719 2155 1826 2243 imit
1854 2183 1934 2244 ver·

484 2270 623 2361 bonam
637 2273 841 2364 dubiorum
863 2275 1019 2365 artificio
1035 2307 1123 2364 cum
1146 2275 1260 2384 alios,
1292 2275 1342 2363 de
1367 2274 1513 2391 quibus
1534 2300 1594 2363 est
1619 2274 1860 2392 inscriptura
1875 2303 1931 2362 sa·

435 2488 444 2507 ,
484 2419 577 2502 cra,
600 2418 685 2482 turn
710 2395 750 2482 in
776 2395 901 2514 primis
923 2397 1121 2484 Abraham
1139 2420 1179 2484 et
1205 2394 1329 2510 Jacob
1358 2393 1601 2484 mendacium
1619 2390 1828 2513 effugisse,
1853 2420 1934 2481 ctum

483 2510 543 2599 ille
559 2517 689 2600 Saram
704 2513 818 2603 filiam
831 2514 977 2622 fratris,
1003 2544 1175 2605 sororem
1193 2544 1299 2603 stram
1315 2542 1393 2602 esse
1405 2513 1574 2623 diceret,
1596 2514 1666 2622 ,hic
1698 2514 1932 2634 primogeni‘

347 2645 442 2688 em.
485 2655 718 2722 tumseesse
745 2663 860 2722 caeco
885 2631 1225 2752 patriallirmaret,
1244 2664 1335 2721 cum
1358 2659 1455 2722 esset
1479 2634 1665 2752 posterior
1688 2638 1818 2721 Esau:
1849 2661 1934 2749 pro-

484 2776 613 2868 pterea
628 2752 740 2868 quod
756 2755 892 2842 sororis
920 2755 1075 2843 nomine
1097 2755 1212 2842 etiam
1237 2776 1473 2872 cognatam,
1502 2752 1701 2871 fiatrisque
1719 2751 1836 2840 liliam
1858 2778 1937 2839 mos

485 2894 581 2957 esser
595 2871 781 2960 Hebraeis
797 2870 1026 2992 significare,
1051 2896 1091 2962 et
1105 2872 1377 2990 primogenitus
1391 2871 1545 2990 intelligi
1574 2873 1716 2989 possit,
1742 2897 1789 2957 ut
1802 2869 1938 2986 primus

485 2983 645 3076 fratrum
667 2991 864 3107 genitaua,
890 2992 940 3079 sic
954 2993 1043 3081 item
1059 2992 1088 3079 si
1102 2993 1185 3109 quis
1200 2991 1265 3078 tali
1291 2992 1372 3107 jure
1386 3015 1583 3077 censeatur
1601 2989 1843 3102 ,cujusmodi
1856 3011 1938 3078 ,erat

485 3105 608 3220 Jacob
625 3165 640 3214 ,
655 3136 743 3195 curn
759 3111 906 3199 emisset
921 3112 971 3197 ab
987 3114 1089 3197 Esau
1109 3111 1164 3225 jus
1180 3109 1321 3226 primae
1337 3108 1545 3227 geniturae.
1570 3109 1692 3209 Quasi
1722 3138 1821 3198 vero
1851 3105 1939 3194 simi·

485 3225 528 3311 lis
544 3251 611 3313 aut
626 3256 694 3342 par
710 3230 806 3317 ratio
830 3230 876 3319 sit
886 3259 997 3319 verae
1012 3230 1275 3348 legitimaeque
1289 3227 1621 3346 amphibologiae,
1646 3252 1687 3316 et
1716 3225 1801 3340 ejus
1824 3254 1936 3343 quam

487 3342 555 3433 sibi
570 3345 730 3462 quisque
757 3372 897 3436 temere
926 3346 1074 3467 fingat,
1109 3377 1180 3434 nec
1205 3370 1395 3462 praeterea
1415 3346 1540 3435 valeat
1567 3346 1774 3465 quisquam
1812 3345 1937 3432 borni·

488 3491 585 3550 num
616 3463 810 3553 divinare.
839 3471 933 3566 Qua
953 3467 1048 3557 vello
1080 3465 1146 3554 sibi
1174 3465 1214 3552 in
1239 3464 1439 3553 mendacio
1472 3466 1741 3582 patrocinari,
1769 3462 1842 3550 nisi
1873 3493 1940 3582 ego

489 3581 607 3701 magis
618 3578 758 3691 salos,
781 3585 942 3672 hominis
958 3586 1129 3674 othaud
1144 3585 1273 3672 leuiter
1296 3584 1481 3692 errantis,
1512 3611 1579 3672 aut
1608 3609 1711 3673 certe
1727 3611 1869 3701 parum
1885 3584 1940 3698 p‘e

488 3699 651 3790 ludentis
666 3699 705 3789 in
720 3704 832 3790 rebus
849 3705 1008 3793 maxime
1024 3706 1121 3792 seriis
1146 3729 1186 3792 et
1207 3702 1426 3822 religionem
1442 3703 1738 3823 attingentibus.
1770 3707 1877 3788 Nam
1892 3701 1945 3788 vir

489 3821 613 3936 gravis
637 3846 704 3909 aut
733 3821 981 3913 misericordia
1011 3824 1146 3913 ductio
1164 3885 1177 3929 ,
1193 3848 1233 3911 et
1261 3822 1460 3940 indulgens
1478 3822 1704 3909 humanitati
1732 3818 1939 3938 simpliciter

491 3938 692 4025 mentietur
717 3936 928 4029 officiosum
958 3942 1225 4031 mendacium:
1254 3941 1315 4030 vel
1343 3969 1434 4028 cum
1464 3941 1571 4032 volet
1604 3939 1788 4057 (semper
1818 3962 1942 4024 autent

489 4057 587 4144 velle
600 4057 751 4145 debebit
801 4061 962 4148 omnino
978 4091 1060 4148 non
1083 4089 1262 4178 peccare,
1279 4060 1446 4146 tacebit:
1476 4085 1545 4147 aut
1560 4060 1590 4147 si
1617 4061 1743 4146 minus
1758 4057 1810 4145 id
1836 4055 1941 4144 dabi-

490 4199 579 4276 tur,
609 4205 742 4265 verum
771 4179 933 4265 atebitur
956 4180 1063 4265 nutis
1079 4179 1252 4266 adhibitis
1265 4179 1473 4267 verborum
1488 4178 1661 4286 technis,
1686 4202 1847 4266 auctore
1861 4179 1943 4264 Au·

300 4298 481 4404 3333?
492 4294 676 4412 gustino,
698 4295 765 4412 qui
791 4296 840 4384 sic
856 4296 996 4413 scripsit
1019 4298 1059 4384 in
1080 4298 1176 4384 libro
1206 4301 1251 4382 de
1272 4295 1447 4398 conflictu
1466 4304 1651 4386 uitium
1676 4311 1715 4381 et
1730 4302 1943 4381 mm:

494 4415 581 4497 Neu
596 4413 802 4514 artificioso
817 4421 1037 4523 mendacio,
1067 4420 1133 4501 neo
1147 4420 1313 4526 simplici
1336 4417 1456 4502 verbu
1476 4430 1624 4527 oportet
1653 4440 1874 4523 quemquam
1886 4417 1943 4499 de·

495 4539 624 4642 cipere
639 4594 652 4639 ,
669 4541 758 4641 quio
773 4538 1036 4639 quomodolibet
1051 4542 1250 4639 motitur,
1274 4538 1414 4621 occidit
1433 4542 1605 4619 ommam.
1633 4539 1686 4620 Et
1701 4532 1779 4620 alio
1794 4534 1943 4620 in‘locot

300 4658 482 4775 &pff-⁰⁸⁹·
495 4653 545 4738 Si
561 4659 674 4760 quis,
692 4651 827 4769 inquit,
845 4653 900 4737 od
910 4668 949 4737 te
965 4652 1202 4766 confregerit,
1222 4662 1286 4762 qut
1301 4655 1348 4740 de
1371 4656 1558 4740 mendacio
1573 4668 1634 4738 tuo
1645 4662 1775 4763 possit
1791 4681 1820 4738 a
1834 4666 1944 4739 morte

496 4774 683 4878 tutari,
700 4797 769 4857 ooo
787 4797 828 4856 es
842 4780 1093 4860 mentiturus:
1122 4777 1386 4882 etenimquod
1397 4782 1575 4858 mentitur
1589 4833 1602 4878 ,
1616 4778 1756 4858 occidi
1771 4781 1946 4875 animm,

496 4915 563 4982 nec
579 4905 846 5010 umatum,
875 4899 1038 5009 uteutiri
1054 4894 1241 5004 studeas,
1269 4920 1337 4984 tec
1356 4893 1524 5006 qualibet
1532 4891 1706 5007 futtuo
1725 4898 1853 4983 uitam
1883 4899 1947 4980 ui·

1889 5039 1953 5102 cun
