4192 5880
513 403 555 451 10
904 376 1125 455 RERUM
1160 372 1508 449 GESTARUM

483 490 634 596 vetitiae
662 530 701 593 et
727 504 886 594 Forilivii
917 503 1030 623 legati
1051 533 1098 600 ςχ
1123 502 1308 610 consili0,
1336 528 1382 591 ut
1418 502 1603 591 creditum
1628 528 1714 614 est,
1751 506 1944 631 Archiepi.

486 626 614 742 scopi,
630 626 705 711 aliis
726 623 877 713 fortasse
905 624 1190 730 recusantibus,
1209 623 1422 745 'Aegidium
1451 649 1715 712 convenerunt
1727 632 1861 747 ,quasi
1891 634 1944 723 ad

487 748 609 863 ipsum
634 741 786 832 fuissent
803 744 914 864 legati
932 806 944 851 ,
961 742 1218 831 renuntiantes
1235 805 1247 848 ,
1262 744 1444 859 principes
1471 773 1559 832 suos
1591 769 1742 860 paratos
1770 776 1848 836 esse
1873 751 1943 839 im·

487 889 618 980 perata
630 860 748 950 facete
764 865 821 971 ,si
845 864 967 955 modo
990 892 1112 979 aequa
1126 862 1296 952 conditio
1311 862 1480 979 citraque
1509 863 1776 954 detrimentum
1802 869 1944 956 offera-

488 1008 563 1070 tur.
589 984 738 1076 Quibus
752 984 931 1101 Aegidius
947 984 1051 1071 haud
1067 983 1216 1100 ignarus
1231 1042 1244 1091 ,
1261 1010 1342 1100 quo
1358 983 1487 1070 animo
1503 982 1713 1071 dicerentur
1728 1047 1742 1095 ,
1758 1017 1830 1104 pro
1847 1012 1942 1077 tem·
1983 986 1988 995 ’

486 1133 580 1218 pore
595 1132 694 1219 quae
708 1103 786 1191 visa
798 1129 910 1211 sunt,
927 1133 991 1220 spe
1008 1103 1106 1219 pacis
1121 1103 1310 1216 interjecta
1329 1165 1341 1206 ,
1357 1101 1573 1217 respondit.
1604 1103 1754 1194 Triduo
1769 1107 1819 1193 ibi
1834 1136 1939 1202 com·

471 1249 655 1309 moratus
678 1219 782 1312 facile
802 1223 977 1310 intellexit
994 1281 1008 1328 ,
1035 1221 1365 1338 Archiepiscopum
1381 1224 1501 1309 vereri
1517 1282 1529 1327 ,
1544 1250 1593 1308 ne
1610 1285 1623 1328 ,
1647 1222 1675 1309 si
1691 1223 1769 1339 ipse
1781 1254 1847 1341 pet
1860 1228 1941 1316 Fla.

487 1341 638 1428 miniam
655 1341 722 1427 iter
737 1338 903 1450 faceret,
925 1341 1126 1448 bononia,
1143 1370 1243 1460 quae
1263 1340 1394 1451 nullo,
1410 1363 1478 1426 aut
1493 1370 1618 1461 parvo
1638 1346 1823 1460 praesidio
1837 1369 1940 1442 tene·

486 1458 598 1545 batur
615 1523 626 1567 ,
643 1461 682 1545 in
709 1460 903 1546 discrimen
918 1462 1150 1550 traheretur.

545 1581 649 1666 Vlll.
704 1583 830 1664 Hancx
843 1604 887 1667 ut
912 1581 947 1665 ei
968 1579 1238 1667 sollcitudinem
1263 1578 1487 1694 explicaret,
1519 1579 1627 1667 simul
1648 1581 1758 1697 quod
1783 1580 1938 1674 allatum

485 1722 565 1784 erat
591 1698 857 1804 Malatestam,
881 1699 948 1814 qui
969 1698 1109 1784 bellum
1136 1724 1227 1784 tunc
1251 1700 1403 1815 gerebat
1435 1728 1522 1784 cum
1552 1700 1704 1786 Gentile
1738 1703 1938 1812 Moliano,

484 1841 571 1901 cum
597 1817 695 1903 mille
709 1818 922 1936 quingentis
945 1818 1132 1933 equitibus
1147 1817 1251 1906 haud
1269 1817 1439 1932 procula
1455 1819 1617 1904 Ferraria
1640 1844 1759 1907 castra
1789 1823 1938 1937 posuis·

291 1989 345 2041 ,m
372 1990 470 2064 ‘tetd-
485 1962 551 2040 se,
575 1936 730 2073 quicum
761 1938 811 2022 ad
837 1965 1007 2051 praesens
1037 1934 1248 2073 confligere·
1265 1965 1347 2020 non
1371 1961 1466 2074 erat·
1486 1938 1709 2045 consilium,
1732 1940 1800 2076 iter
1825 1970 1865 2027 se
1896 1942 1937 2028 in

291 2062 332 2101 ¹⁰⁸
346 2050 454 2113 ΜΨ·
483 2079 618 2183 agrum
648 2060 822 2141 Pisanum
847 2081 1063 2172 carpturum
1094 2057 1368 2171 Achteprscopo
1391 2054 1431 2139 td
1456 2083 1579 2169 ipsum
1605 2059 1776 2146 suadentt
1793 2086 1936 2149 secreto

483 2172 713 2280 affirmavi&
739 2175 908 2292 petitque
934 2177 983 2262 ab
1007 2204 1056 2266 eo
1088 2176 1186 2261 duos
1213 2173 1316 2262 viros„
1334 2174 1556 2264 auctoritate
1589 2204 1747 2293 graves,
1780 2179 1935 2267 consilio

481 2318 711 2408 praestantes
734 2295 800 2380 sibi
827 2294 906 2379 dari
922 2354 934 2399 ,
950 2321 1120 2410 quorum
1134 2321 1253 2409 opera
1273 2292 1312 2379 in
1334 2292 1522 2409 legatione
1547 2293 1732 2381 mittenda
1753 2297 1804 2382 ad
1819 2298 1934 2409 Joan-

480 2439 569 2497 nem
587 2415 725 2499 Vicum
749 2438 944 2518 uteretur,
962 2411 1103 2528 quique
1127 2411 1235 2499 simil
1255 2410 1375 2527 ipsum
1395 2413 1443 2498 de
1462 2413 1736 2528 Archiepiscopi
1758 2415 1930 2504 uolunta-

480 2553 520 2617 te
545 2561 634 2650 erga
663 2563 854 2619 summum
882 2529 1104 2619 Pontificem
1126 2530 1353 2635 edocerent,
1371 2554 1415 2614 ut
1440 2529 1684 2648 intelligeret,
1700 2531 1842 2617 nullam
1867 2536 1937 2621 sibi

480 2648 532 2736 ad
552 2651 794 2743 resistendum
817 2679 922 2767 spem
948 2678 1025 2735 esse
1041 2649 1177 2735 debere
1192 2649 1401 2763 aPrincipe
1413 2648 1712 2736 Mediolanensi.
1742 2653 1865 2737 Datus
1879 2680 1937 2742 est

481 2796 570 2854 cum
595 2771 743 2859 Occino
771 2802 798 2858 a
826 2768 971 2856 secretis
998 2767 1224 2854 Guilelmus.
1260 2766 1345 2880 juris
1377 2765 1580 2883 legumque
1613 2767 1762 2856 scientia
1793 2771 1933 2879 clarus,
2048 2794 2051 2800 ’

482 2889 600 2987 ambo
630 2889 787 2976 consilio.
800 2919 845 2974 ac
869 2889 1008 2977 virtute
1036 2910 1283 3000 praestantes.
1313 2881 1610 2971 Proficiscentem
1626 2886 1934 3003 Arclriepiscopus

484 3009 646 3092 muneris
671 3038 764 3126 ergo
798 3007 948 3094 duobus
972 3005 1113 3122 poculis
1136 3002 1351 3126 argenteis,
1372 3004 1484 3092 tertio
1510 3033 1652 3115 aureo,
1669 3006 1796 3124 magni
1828 3008 1940 3126 pretii

484 3152 701 3240 prosecutus
723 3152 802 3212 est.

541 3247 615 3332 lX.
671 3248 773 3332 Cum
796 3243 846 3329 ad
871 3243 1053 3361 oppidum
1068 3304 1080 3349 ,
1095 3242 1162 3358 qui
1177 3245 1333 3327 Sanctus
1355 3239 1578 3328 Dominicus¹
1602 3239 1834 3357 appellatur,
1852 3274 1938 3360 pet--

291 3406 380 3476 aaran
403 3406 470 3456 u...
484 3362 670 3468 venisset,
704 3363 847 3481 legatos
875 3391 898 3446 a
919 3361 1142 3447 Marchione
1168 3359 1312 3444 Estensi
1335 3358 1468 3445 obvios
1492 3359 1623 3445 habuit
1637 3421 1651 3465 ,
1664 3360 1732 3476 qui
1754 3389 1870 3448 omne
1895 3392 1935 3448 e·

292 3468 393 3578 ξὲζὲἓῖ*
426 3469 471 3516 ¹³⁵·
483 3477 539 3594 jus
560 3482 726 3567 studium
745 3510 977 3597 operamque
996 3479 1173 3595 polliciti,
1191 3479 1242 3563 ita
1267 3502 1514 3584 excusarunt,
1530 3477 1642 3593 quod
1664 3481 1842 3594 promissa
1869 3509 1938 3568 aum

466 3599 567 3684 ¹xilia
590 3602 752 3718 Hugoni
780 3601 891 3685 misso
922 3623 1100 3718 rogatum
1139 3596 1325 3713 suppetias
1357 3625 1441 3681 non
1466 3596 1731 3711 praestitisset,
1759 3622 1803 3684 ut
1833 3597 1941 3711 justo,

484 3745 573 3802 eum
614 3744 719 3804 metu
760 3717 976 3822 exclusum,
1006 3745 1087 3802 non
1111 3716 1309 3802 voluntate
1339 3710 1495 3799 debuisse
1524 3714 1783 3801 ostenderent.
1830 3722 1940 3806 Nam

483 3846 746 3953 praeterquam
771 3838 879 3953 quod
912 3834 1118 3924 Malatesta.
1145 3833 1298 3949 propius
1333 3831 1533 3917 Ferrariam
1571 3856 1847 3920 castrametatus
1879 3864 1940 3923 es·-

485 3979 541 4040 set
558 4018 570 4062 ,
588 3956 727 4045 multos
750 3955 862 4041 etiam
886 3954 984 4043 cives
1004 3955 1042 4040 in
1067 3952 1176 4070 ipsius
1198 3975 1314 4066 caput
1332 3951 1582 4067 conspirasse:
1600 3952 1777 4039 daturum
1805 3977 1936 4040 tamen

484 4103 666 4190 operam,
693 4099 736 4160 ut
761 4073 873 4191 quod
896 4074 1018 4162 verbis
1049 4067 1232 4188 professus
1258 4093 1378 4174 esset,
1402 4097 1444 4154 re
1473 4068 1677 4184 aliquando
1709 4068 1927 4157 declararet.

480 4183 649 4309 Accepta.
668 4195 925 4299 excusatione,
955 4191 1133 4307 Aegidius
1156 4186 1346 4303 respondit
1376 4188 1661 4292 :„Gratiamse
1676 4187 1814 4273 habere
1830 4192 1933 4277 Mar·

481 4369 510 4418 „
525 4311 652 4396 chioni
668 4312 812 4397 Estensi
830 4373 842 4417 ,
857 4310 967 4427 quod
992 4340 1041 4396 eo
1065 4310 1192 4393 animo
1215 4329 1309 4391 esset
1335 4333 1425 4421 erga
1450 4333 1488 4390 se
1510 4335 1777 4420 summumque
1805 4309 1934 4394 Ponti·
2017 4388 2020 4391 ,

479 4487 508 4536 ,,
521 4427 629 4516 ficem
647 4461 656 4516 :
673 4425 777 4538 fore,
801 4454 845 4516 ut
870 4459 959 4515 eum
982 4426 1139 4513 instituti
1161 4423 1300 4510 consilii
1321 4451 1532 4539 numquam
1562 4424 1781 4538 poeniteret.
1791 4432 1817 4476 “
1842 4430 1934 4514 Hoc

475 4573 656 4662 ¹responso
685 4548 813 4666 legatis
841 4547 1105 4650 redeuntibus,
1121 4543 1233 4659 legati
1260 4569 1417 4659 quoque
1444 4571 1467 4625 a
1491 4542 1692 4628 Malatesta
1707 4541 1934 4631 Ariminensi

480 4666 531 4751 ad
556 4669 726 4752 Furnum‘
745 4696 919 4772 novum,
952 4667 1060 4782 quod
1083 4662 1352 4779 oppidumest
1376 4658 1416 4743 in
1440 4688 1534 4776 agro
1562 4660 1775 4767 Parmensi,
1791 4660 1933 4778 agmen
2033 4778 2036 4783 .

478 4786 694 4890 consecuti,
712 4814 800 4871 cum
831 4783 1046 4896 huiusmodi
1079 4781 1273 4868 mandatis·
1289 4778 1453 4866 adsunt:
1481 4786 1653 4897 „Aegro
1683 4779 1811 4881 animo
1853 4808 1932 4870 sese

452 4935 456 4944 ‘
476 4902 642 5014 „tulisse
657 4965 671 5014 ,
687 4905 796 5021 quod
820 4902 999 5022 Aegidius
1024 4931 1048 4988 a
1078 4899 1256 4989 Flaminia
1279 4897 1349 4986 iter
1365 4898 1576 4990 avertisset.
1608 4899 1701 5007 Qua
1717 4897 1757 4987 id
1785 4898 1932 5102 ratiope

1831 5076 1869 5134 tt.
1893 5045 1928 5105 θ’
