4192 5880
467 360 602 437 ABG·
639 361 1047 436 ALBORNOTII
1082 362 1185 433 LIB.
1223 365 1279 433 11.
1532 385 1577 453 45

152 519 253 615 quos
267 519 349 583 non
362 490 523 610 putabat
544 487 685 609 praelio
713 487 975 594 dimicaturos,
993 511 1039 573 ut
1054 486 1120 605 qui
1143 502 1213 604 ‘per
1242 518 1281 577 sc
1305 487 1523 578 infirmiores
1553 523 1608 578 es.

155 641 257 723 sent,
275 616 341 702 scd
359 612 512 701 urbibus
526 633 754 713 contentos,
770 606 883 692 mutis
917 635 955 692 se
978 631 1017 691 et
1043 605 1145 694 vallo
1160 637 1184 691 a
1199 608 1377 696 violentia
1397 636 1607 697 tutaturus.
1723 694 1726 697 .

156 741 261 853 Ergo
279 764 367 820 cum
398 762 457 820 res
477 761 559 819 non
590 755 673 815 uno
700 724 865 842 impetu,
883 727 949 812 sed
978 754 1158 842 agrorum
1185 728 1488 843 populationibus
1512 729 1609 816 obsi·
1626 746 1806 858 cfficgpjgtg

147 854 353 971 ‘dioneque
369 852 535 971 gerenda
546 849 757 952 videretur,
768 844 894 959 copias
909 844 947 928 in
963 867 1037 929 tres
1066 869 1187 958 partes
1203 847 1385 933 distribuit
1402 849 1488 932 :uni
1506 849 1611 935 Blas.
1627 868 1710 915 intres
1723 881 1805 927 partes

157 999 249 1058 cum
263 971 502 1058 Fctnandum
527 962 724 1084 praefecit,
740 987 780 1049 et
804 987 936 1049 contra
952 963 1144 1049 Gentilem
1163 965 1379 1050 Molianum
1403 967 1515 1053 mittit
1532 998 1544 1050 t
1559 967 1612 1052 al·

1627 927 1757 979 dividitur.

155 1113 276 1178 teram
307 1086 508 1176 Alfonsum
539 1085 768 1172 Toletanum
798 1081 838 1167 in
870 1079 962 1168 fines
990 1082 1252 1169 Caesenatium
1282 1082 1458 1170 inducere
1481 1086 1604 1196 jubet,

153 1236 302 1326 eosque
321 1187 645 1314 vastare,et‘urbi
670 1199 847 1290 infestum
871 1201 1022 1288 adesse:
1039 1200 1168 1287 tertiae
1186 1198 1421 1287 Bonifatium
1441 1205 1611 1291 Urbeve—
1664 1258 1671 1266 -

152 1351 291 1413 tanum
317 1354 482 1443 praeesse
498 1325 644 1440 placet.
674 1328 726 1408 Et
740 1322 829 1439 quia
849 1351 1015 1407 summus
1031 1317 1204 1406 Pontifex
1216 1322 1313 1435 ,qui
1339 1320 1612 1439 inexstinguibi-

154 1442 180 1531 li
209 1446 302 1532 odio
331 1445 575 1557 inJoannem
599 1442 738 1528 Vicum
769 1441 950 1545 ardebat,
967 1439 1096 1524 multis-
1122 1469 1238 1552 saepe·
1257 1439 1382 1526 litteris
1409 1442 1610 1558 Aegidium

157 1587 446 1648 commonuerat
460 1562 541 1669 ,uti
557 1590 646 1648 eum
662 1563 862 1665 Corneto,
877 1559 944 1643 cui.
967 1557 1124 1671 abipso
1154 1555 1275 1644 fuerat
1301 1555 1506 1675 praefectus
1520 1620 1536 1664 ,
1552 1590 1612 1647 ex·
1655 1568 1657 1571 ’

156 1681 375 1796 pellendum
399 1705 574 1785 curaret,
603 1675 799 1765 bonifacio
829 1677 1009 1793 impetat,
1026 1679 1238 1762 Cornetum
1264 1675 1545 1792 proficiscatur,
1573 1703 1613 1765 et
1719 1762 1722 1768 ,

157 1798 348 1915 quidquid
362 1794 535 1885 Pontifex
563 1798 702 1912 jusserit
728 1796 971 1908 inJoannem
987 1794 1146 1901 Vicum,
1162 1821 1420 1911 exsequatur:
1453 1824 1492 1881 se
1518 1824 1613 1883 vero

158 1916 214 2002 bis
229 1918 356 2024 rebus,
366 1946 461 2034 quas
477 1916 617 2028 Joanni
631 1916 728 2001 Vico
744 1912 819 2015 fide
835 1916 924 2001 data
937 1913 1199 2021 concessisset,
1213 1915 1407 2000 bominem
1424 1913 1612 2030 expolian-

160 2034 197 2120 di
210 2065 455 2152 nequaquam
470 2059 665 2120 auctorem
679 2032 816 2149 ,quod
831 2062 941 2149 saepe
953 2056 1108 2118 testatus
1124 2060 1217 2119 esset
1232 2093 1246 2139 ,
1260 2031 1451 2120 fixurum.-

213 2155 340 2239 XXlI.
401 2158 456 2241 At
471 2152 619 2239 Elascus
645 2151 747 2251 nulla
777 2152 994 2266 interposita
1018 2180 1127 2237 mora
1158 2152 1199 2236 in-
1223 2183 1357 2269 agrum
1385 2150 1612 2242 Firmianum
1625 2175 1734 2274 virgatam
1758 2193 1805 2244 ot«

155 2272 252 2387 rapit
280 2300 443 2390 agmen,
460 2301 577 2387 quem
604 2299 692 2357 cum
724 2272 855 2357 decem
884 2269 1069 2356 continuis
1100 2269 1231 2355 diebus
1259 2271 1460 2387 populatus
1492 2298 1606 2381 esset,
1626 2250 1762 2362 iiiiiiim
1779 2254 1806 2293 ‘⁸

154 2390 339 2506 'dispositis
374 2389 590 2495 machinis,
623 2388 749 2504 coepit
771 2417 913 2506 magno
931 2388 1074 2502 impetu
1102 2388 1235 2474 urbem
1256 2391 1496 2507 impugnare.
1535 2396 1611 2478 Cu

155 2505 212 2620 jus
238 2539 387 2596 murum
414 2538 502 2594 cum
527 2507 661 2622 partim
688 2506 873 2622 dejecisset
888 2569 900 2612 ,
917 2531 1082 2593 ceterum
1113 2509 1457 2624 propugnatoribus
1476 2511 1613 2598 nudas·

157 2651 239 2727 set,
257 2629 358 2742 jubet
385 2627 540 2731 milites,
553 2654 629 2742 qua
659 2655 787 2711 murus
802 2623 982 2741 patebat,
999 2625 1143 2742 ingredi
1158 2685 1170 2728 ,
1187 2653 1226 2712 et
1241 2654 1319 2741 qua
1346 2626 1485 2713 facilior
1502 2627 1604 2716 vide·

157 2742 272 2829 batur
286 2774 479 2852 ascensus,
496 2745 595 2830 scalis
621 2746 889 2830 conscendere.
923 2742 976 2829 Illi
1004 2744 1094 2827 nihil
1120 2744 1188 2829 sibi
1212 2744 1342 2861 reliqui
1371 2748 1421 2833 ad
1447 2744 1609 2834 celeria

156 2883 235 2946 tem
258 2860 458 2970 facientes,
473 2863 652 2977 imperata
683 2859 851 2946 faciamt:
869 2889 968 2977 quos
997 2889 1084 2946 cum
1099 2862 1275 2948 vidissent
1303 2862 1481 2978 oppidani
1513 2864 1616 2953 intra,

156 2980 290 3066 urbem
303 2982 511 3085 admissos,
534 2983 747 3064 Ecclesiam
770 3009 846 3065 una
860 3008 957 3066 voce
982 2980 1124 3094 saepius
1139 2982 1400 3067 conclamant.
1431 2986 1486 3066 At
1501 3009 1604 3095 prae·
1689 3014 1691 3017 ’

155 3097 292 3184 sidium
309 3100 427 3185 nihilo
453 3098 599 3216 segnius
626 3098 722 3184 intra
740 3099 872 3183 urbem
894 3096 1148 3214 redintegrato
1165 3099 1304 3214 praelio
1331 3098 1523 3186 fortissime
1550 3129 1605 3188 re·

155 3240 329 3333 pugnat,
349 3217 440 3304 etin
457 3216 603 3304 tertiam
634 3216 767 3301 horam
785 3240 973 3303 certamen
989 3216 1101 3302 trahit
1118 3250 1127 3302 :
1144 3220 1216 3305 scd.
1243 3219 1397 3304 tandem
1424 3217 1510 3307 victi
1536 3219 1607 3305 ho-

154 3358 227 3418 stes
255 3336 294 3420 in
311 3364 434 3421 arcem
448 3330 673 3451 confugiunt
688 3366 697 3417 :
715 3365 832 3450 quam
848 3364 937 3420 cum
950 3333 1104 3420 Blascus
1113 3335 1342 3424 duodecimo
1365 3336 1440 3449 jam
1461 3337 1606 3425 dieob·

155 3451 314 3559 rideret,
333 3453 491 3539 Gentilis
507 3481 634 3567 exspes
648 3452 839 3558 victoriae,
856 3454 1126 3568 desperatoque
1140 3453 1303 3560 auxilio,
1313 3484 1399 3539 cum
1429 3483 1477 3539 ne
1492 3453 1606 3571 fugae

156 3570 311 3682 quidem
327 3570 431 3657 locus
449 3597 542 3658 esset
557 3631 570 3676 ,
586 3601 625 3657 se
649 3599 810 3685 suosque
832 3571 936 3657 dedit
949 3631 968 3675 ,
982 3595 1021 3656 et
1035 3572 1152 3657 Elasci
1174 3572 1441 3659 misericordiae
1455 3573 1605 3685 permit·

157 3687 223 3770 tit.
260 3693 390 3805 Aquo
416 3718 497 3775 non
522 3689 643 3775 modo
663 3716 828 3775 servatus
845 3713 900 3773 est
914 3687 1136 3795 incolumis,
1154 3690 1227 3776 sed.
1248 3691 1338 3805 ipso·
1362 3692 1604 3804 deprecatore

155 3801 416 3919 impunitatem
440 3812 490 3891 ab
511 3808 674 3924 Aegidio
705 3806 916 3923 impetravit
932 3838 948 3891 ι,
958 3805 1025 3921 qui
1051 3835 1166 3914 curn,
1192 3810 1373 3894 nuntiata.
1388 3809 1543 3900 victoria
1557 3837 1603 3896 ac
1616 3835 1729 3941 aprum
1748 3856 1792 3916 ις-

153 3923 358 4032 deditione,
376 3926 550 4010 Firmium
568 3924 807 4040 pervenisset,
828 3951 876 4010 ut.
890 3948 968 4009 erat
982 3924 1172 4041 singularis
1186 3926 1224 4011 in
1240 3925 1427 4013 dedititios
1440 3926 1601 4014 clemen·
1615 3900 1791 4028 {illidii

154 4038 228 4127 tiae
250 4043 414 4155 ,jussum
430 4043 551 4130 modo
580 4042 714 4130 firribus
737 4042 980 4128 ecclesiasticis
995 4045 1172 4131 excedere
1187 4045 1377 4130 Gentilem
1406 4029 1689 4133 mumma-‘¹¹⁰⁶

151 4155 195 4243 lis
218 4160 330 4246 etiam
355 4187 398 4248 et
411 4162 547 4249 viatico
562 4186 778 4277 prosecutus
793 4187 868 4248 est.
902 4161 1030 4275 Hujus
1054 4163 1152 4247 urbis
1168 4192 1304 4249 mutos
1326 4164 1469 4250 dirutos
1497 4165 1596 4251 refici

154 4277 279 4361 statim
309 4281 412 4393 jubet
443 4281 650 4398 Aegidius,
689 4309 891 4396 arcemque
916 4283 1109 4394 reparari,
1124 4311 1224 4397 quae
1254 4312 1335 4367 non
1366 4283 1599 4371 mediocriter

151 4415 432 4485 tormentorum
450 4400 579 4486 ictibus
595 4428 782 4487 concussa.
788 4396 932 4485 fuerat.
967 4403 1068 4483 Cum
1085 4401 1195 4487 statui
1211 4401 1366 4489 civitatis
1392 4401 1500 4515 hujus
1515 4433 1600 4516 pto

152 4512 328 4626 spexisset
343 4519 541 4621 ,Blascum
553 4581 565 4623 ,
578 4520 645 4634 qui
668 4518 848 4635 imperata
864 4516 1137 4605 administraret
1146 4551 1267 4628 ,cum
1290 4519 1477 4607 destinato
1494 4550 1599 4637 prae·

153 4630 249 4719 sidio
265 4634 412 4750 reliquit
423 4637 527 4750 ,ipse
543 4667 637 4725 vcro
652 4642 853 4724 Anconam
869 4638 920 4724 ite
935 4639 1146 4726 contendit,
1818 4712 1821 4718 .

209 4753 357 4838 XXlll.
409 4759 553 4844 lntetea
564 4752 745 4846 alfonsus
755 4756 965 4844 Toletanus
998 4755 1096 4844 fines
1118 4762 1347 4847 Caesenates·
1371 4756 1600 4875 populatus,
1625 4795 1789 4848 casensem

151 4870 330 4959 Sanctum
345 4873 625 4994 reclangtlum
654 4900 699 4964 et·
717 4876 973 4999 savignanum
993 4877 1124 4987 ,haud
1152 4879 1328 4997 ignobilia
1356 4881 1522 4999 oppida,
1538 4908 1598 4963 re-
1613 4850 1797 4966 iii’rlll‘i?

1541 5026 1563 5083 c

1613 4985 1660 5023 nus
1670 4974 1775 5026 invadit.
