4020 5864
521 352 590 432 512'
818 348 899 445 ¹DE
920 347 1049 418 FATO
1070 348 1136 419 ET
1159 349 1339 423 LIBERO
1357 347 1596 423 ARBITRIO

495 471 708 587 virtutum,
734 470 908 587 acratius
931 466 1121 581 humanae
1140 464 1246 563 vitae
1275 471 1474 589 perniciem
1495 503 1583 560 cum
1600 462 1771 558 maximis
1803 472 1941 579 incom-

491 590 642 698 modis,
660 591 847 707 quaejam
864 591 1126 706 explicabimus
1143 655 1155 700 ,
1185 618 1337 707 spectat.
1368 595 1548 690 Quorum
1565 590 1657 677 illud
1683 614 1741 675 est
1756 589 1937 679 absurdis·

492 709 626 794 simum
641 738 677 795 er
693 710 824 826 procul
838 711 956 802 dubio
967 709 1105 798 falsum
1122 771 1136 816 ,
1154 713 1226 800 sed
1245 709 1567 799 necessitatifatali
1584 707 1749 795 maxime
1783 737 1936 795 cousen-

325 877 479 936 snperun.
493 852 673 934 rancum,
698 828 870 915 homines
895 826 1029 915 frustra
1046 831 1095 916 de
1112 832 1223 917 rebus
1240 832 1396 948 agendis
1410 829 1631 915 consultare.
1664 830 1776 911 Nam
1798 829 1824 911 si
1844 857 1935 915 cou-

302 943 478 1050 filantii?
493 946 567 1031 silia
585 942 718 1032 frustra
733 948 840 1032 nobis
855 947 1063 1054 ineuntur,
1095 947 1270 1043 nimitum
1294 944 1568 1064 supervacanea
1599 969 1656 1031 est
1682 945 1766 1059 ipsa
1794 947 1931 1032 consul·

494 1065 599 1151 tandi
616 1061 770 1151 facultas
798 1128 811 1170 ,
838 1096 915 1181 qua
945 1066 1114 1152 homines
1130 1092 1264 1152 natura
1281 1066 1468 1183 praeditos
1484 1063 1631 1150 effecit:
1659 1063 1776 1179 quod
1807 1093 1931 1150 verum

495 1213 576 1269 non
593 1213 699 1289 esse,
722 1183 804 1300 quis
820 1209 943 1299 potest
968 1186 1167 1295 dubitare?
1195 1189 1297 1299 Cum
1314 1209 1357 1270 ut
1373 1189 1499 1294 Deum
1518 1241 1532 1287 ‚
1559 1182 1609 1267 sic
1626 1206 1810 1265 naturam
1827 1211 1869 1266 ex
1884 1213 1933 1268 re·

496 1305 594 1408 bus,
622 1303 687 1387 sibi
703 1303 911 1417 propositis
923 1305 1238 1418 ,quasque-petit
1252 1299 1476 1418 exptofesso
1492 1358 1506 1406 ,
1523 1298 1658 1385 frustra
1683 1298 1832 1384 nullam
1859 1297 1934 1386 effi·

384 1511 387 1516 ,
496 1450 579 1505 cere
601 1446 640 1504 et
656 1449 965 1535 supervacaneam
983 1484 995 1528 ,
1012 1451 1212 1507 consensus
1234 1423 1282 1508 sit
1305 1420 1616 1536 philosophorum
1650 1416 1934 1533 theologorum·

489 1569 574 1654 ‚que
591 1538 802 1624 communis
821 1601 833 1645 ,
855 1540 1043 1653 simulque
1055 1563 1203 1625 constet
1218 1601 1230 1642 ,
1268 1539 1331 1624 tali
1362 1535 1537 1623 facultate
1570 1535 1785 1646 hominem}
1798 1550 1834 1619 a
1855 1541 1934 1622 Deo

490 1658 653 1770 ipsaque
670 1680 802 1742 natura
823 1685 904 1742 non
920 1653 1102 1763 fortuito,
1125 1656 1187 1744 vel
1203 1685 1249 1744 ex
1263 1656 1443 1744 accidenti
1460 1717 1472 1762 ,
1489 1654 1554 1740 sed
1567 1651 1751 1739 consulto
1769 1680 1809 1738 et
1827 1682 1868 1738 ex
1880 1654 1931 1737 in·

489 1774 1236 1888 ,dustriadonatumetinsttuctumesse
1655 1838 1658 1843 „

488 1958 515 1986 .,
554 1897 596 1977 11.
657 1893 813 1978 Cunctis
837 1917 963 1978 autem
988 1895 1097 1991 rebus
1119 1893 1319 1979 necessario
1347 1891 1603 1999 evenientibus
1620 1919 1932 2006 supervacaneam

489 2039 573 2103 esse
588 2008 1350 2126 consultationemwerspicuumfuerit‚
1380 2009 1607 2099 deliberandi
1640 2040 1737 2095 usus
1761 2009 1844 2124 quis
1873 2010 1934 2093 de·

497 2161 606 2214 mum
621 2129 665 2213 sit
689 2128 1031 2215 considerantibus:
1059 2151 1205 2214 constat
1220 2130 1325 2215 enim
1344 2130 1440 2215 inter
1457 2155 1590 2214 omnes
1620 2127 1831 2231 mortales,
1856 2126 1928 2209 boc

495 2245 642 2331 homini
658 2245 843 2360 praecipui
860 2270 1003 2359 practer
1026 2271 1165 2333 ceteras
1179 2248 1384 2345 animantes
1400 2277 1424 2331 a
1444 2253 1533 2331 Deo
1557 2269 1598 2330 et
1622 2242 1926 2331 naturaessetri-

494 2364 633 2450 butum
651 2392 876 2469 ,neretum
888 2364 969 2462 visa
995 2391 1134 2451 temere
1149 2364 1348 2450 bestiarum
1365 2394 1471 2450 more
1486 2388 1730 2449 consectetur
1748 2426 1762 2469 ,
1797 2362 1860 2447 sed
1874 2388 1934 2445 ra·

496 2483 600 2568 tione
615 2482 802 2596 praeditus
819 2481 889 2587 sit,
911 2511 986 2610 qua
1002 2484 1110 2585 visa,
1127 2484 1202 2567 hoc
1215 2511 1286 2592 est,
1301 2512 1428 2568 rerum
1442 2481 1576 2596 species
1592 2481 1746 2567 oblatas
1764 2479 1935 2591 dijudicet

486 2601 611 2720 atque
628 2601 837 2705 discernat,
863 2626 906 2685 ut
917 2603 1018 2685 facto
1033 2600 1169 2713 judicio
1185 2661 1198 2706 ,
1214 2595 1242 2686 si
1258 2630 1321 2686 tes
1338 2598 1487 2716 qualem
1504 2598 1664 2714 speciem
1681 2597 1930 2713 praebuerint,

496 2718 587 2804 tales
602 2747 678 2803 esse
698 2719 1019 2831 comprobentur,
1042 2718 1123 2805 visis
1139 2779 1152 2824 ,
1168 2721 1196 2803 si
1221 2720 1325 2803 bona
1341 2720 1442 2822 sint,
1471 2715 1690 2804 assentiatur
1711 2777 1726 2821 ,
1755 2742 1796 2802 et
1821 2716 1871 2800 sic
1885 2713 1935 2798 ad·

496 2836 676 2922 obeunda
692 2864 848 2920 munera
863 2833 1042 2947 procedat
1058 2867 1067 2920 :
1095 2837 1152 2920 sin
1167 2835 1270 2920 aliter
1286 2895 1301 2940 ,
1316 2834 1444 2921 ceretis
1465 2833 1603 2947 rejectis
1619 2892 1634 2935 ,
1658 2833 1778 2950 eligat
1800 2860 1935 2947 sequa·

428 3019 440 3035 .
497 2977 636 3067 turque
650 2952 758 3064 quod
773 2953 944 3037 omnium
960 2951 1117 3037 maxime
1134 2953 1252 3038 visum
1267 2950 1376 3038 fuerit
1398 2951 1662 3070 expetendum.
1687 2956 1811 3066 Saepe
1828 2979 1933 3034 narn·

497 3100 575 3186 que
591 3095 629 3154 et
649 3069 809 3183 plurimis
821 3070 864 3155 'in
886 3070 996 3157 rebus
1010 3070 1160 3155 consilia
1174 3095 1479 3176 commutamus,
1504 3069 1649 3154 ratione
1663 3070 1833 3181 priorem
1860 3067 1937 3182 opi·

499 3187 652 3277 nionem
677 3190 951 3304 redarguente,
975 3216 1013 3273 et
1036 3217 1137 3302 quae
1151 3188 1362 3276 inconsulto
1384 3186 1629 3291 fecissemus,
1658 3187 1758 3272 haec
1789 3183 1935 3272 efficere

499 3331 654 3421 propter
668 3307 978 3392 consultationem
995 3306 1221 3393 omittimus:
1255 3306 1349 3422 quid
1372 3306 1449 3392 ita?
1479 3333 1615 3420 nempe
1641 3304 1737 3419 quia
1767 3334 1840 3389 nos
1871 3300 1935 3417 ipsi

503 3423 774 3522 deliberationis
801 3454 845 3508 ac
866 3424 1084 3528 electionis,
1106 3425 1148 3508 in
1179 3423 1313 3539 quibus
1350 3427 1458 3509 rebus
1483 3423 1716 3509 consultatio
1737 3445 1932 3522 versatur,

501 3540 647 3628 domini
659 3572 797 3627 sumus.
826 3545 906 3626 Cur
921 3541 1022 3626 enim
1038 3570 1162 3655 neque
1177 3541 1226 3627 de
1249 3541 1475 3656 sempiternis
1496 3539 1786 3646 consultamus,
1816 3565 1936 3653 neque

505 3659 553 3744 de
569 3660 628 3764 iis,
645 3688 742 3774 quae
757 3685 843 3745 sunt
857 3661 960 3745 haud
975 3659 1086 3745 dubie
1103 3660 1299 3744 necessaria
1319 3721 1331 3764 ,
1360 3657 1427 3750 nisi
1442 3658 1532 3774 quia
1554 3657 1669 3743 talem
1696 3657 1939 3743 consumie-

506 3805 595 3863 nem
612 3806 923 3890 supervacaneam
948 3779 1054 3863 nobis
1076 3801 1114 3862 et
1128 3777 1295 3875 inutilem
1305 3806 1387 3863 esse
1416 3802 1549 3861 natura
1566 3777 1833 3863 demonstrat?
1866 3773 1941 3859 Sed

315 3903 633 4013 gssjbygg‘ggggneque
649 3896 703 3983 de¹
718 3896 827 3982 rebus
842 3896 1024 4013 agendis,
1047 3925 1145 4010 quae
1172 3924 1252 3982 non
1280 3920 1366 3981 sunt
1391 3895 1577 3981 innostra
1600 3918 1794 4009 potestate
1817 3951 1831 3999 ,
1852 3920 1938 3977 con·

317 4022 479 4074 multum·
506 4014 625 4100 silium
640 4014 834 4128 capimus,
861 4015 1163 4100 deliberationem
1179 4014 1360 4126 ejusmodi
1376 4013 1534 4098 'nullum
1549 4012 1668 4099 ⁴nobis
1692 4008 1861 4098 fructum
1889 4008 1940 4092 al-

506 4133 667 4219 laturam
684 4161 760 4218 esse
776 4131 1033 4249 intelligentes.
1059 4133 1140 4225 Qui
1161 4133 1260 4217 enim
1290 4132 1338 4218 de
1353 4161 1393 4215 re
1410 4131 1535 4246 aliqua
1550 4129 1748 4215 consilium
1764 4130 1896 4246 capit,
1917 4129 1945 4213 is

503 4277 637 4337 -uttum
653 4251 800 4367 agenda
815 4251 882 4334 sibi
901 4281 945 4335 ea
960 4251 1034 4356 sit,
1057 4273 1106 4333 an
1121 4279 1224 4335 secus
1241 4310 1255 4355 ,
1271 4250 1482 4353 consultat,
1512 4252 1551 4334 et
1566 4247 1669 4334 simili
1694 4250 1825 4335 modo
1838 4247 1946 4362 siquis

506 4370 560 4453 ad
588 4371 820 4484 propositum
844 4371 989 4453 bonum
1005 4394 1044 4453 et
1065 4368 1169 4483 quasi
1194 4366 1307 4452 finem
1331 4366 1549 4482 pertinentia
1573 4367 1792 4481 conquirat.
1825 4365 1945 4461 Quiri

504 4484 607 4575 forte
623 4489 660 4572 in
689 4517 767 4571 rem
782 4487 947 4572 inciderit
963 4548 975 4592 ,
998 4515 1113 4600 quam
1129 4485 1190 4574 vel
1206 4484 1283 4572 fieri
1299 4487 1484 4592 omnino,
1500 4485 1596 4573 vela
1611 4514 1649 4570 se
1663 4481 1747 4570 freti
1763 4516 1850 4571 non
1865 4515 1944 4601 pos·

507 4632 791 4722 recognoscat,
814 4605 864 4688 ab
879 4633 923 4688 ea
939 4605 1106 4719 protinus
1122 4604 1285 4709 desistit,
1307 4606 1377 4691 sed
1397 4605 1466 4692 alia
1482 4603 1630 4718 inquirit
1648 4662 1661 4706 ,
1686 4602 1941 4718 hactenusque

505 4725 714 4810 consultare
744 4748 980 4838 perseverat,
1008 4723 1131 4808 donec
1157 4723 1196 4808 id
1223 4723 1434 4829 invenerit,
1459 4722 1567 4838 quod
1599 4716 1751 4807 efficere
1785 4725 1940 4834 positum

504 4843 604 4947 sitin
627 4843 738 4960 ipsius
766 4863 950 4956 potestate
967 4872 976 4927 :
1002 4840 1076 4930 boc
1089 4841 1189 4930 enim
1207 4841 1431 4960 simulatque
1445 4866 1575 4942 nactus
1596 4835 1743 4949 fuerit,
1769 4840 1885 4929 finem
1896 4834 1941 4920 fa·

1897 4983 1943 5044 cit
