4140 5872
423 353 425 362 ⁴
514 403 582 474 150
650 421 652 425 -
751 375 960 470 Jonrtm
988 375 1249 446 ¹(serta-‘sur
1270 372 1687 447 superventa
1801 373 1805 380 ·

485 508 600 595 debat
615 566 629 612 ‚
645 527 690 589 ut
704 499 844 588 bellum
871 529 895 584 a
916 496 1098 585 Romanis
1120 497 1341 613 impendens
1366 526 1412 583 ex
1436 498 1543 613 Syria
1574 499 1613 583 in
1638 497 1781 586 Italiam
1811 525 1953 592 trans-'¹
2019 584 2020 587 a

484 625 624 713 street:
654 652 737 739 quo
756 619 912 706 consilio
941 647 983 703 re
1010 640 1209 704 contemto
1237 616 1357 705 victtu
1385 641 1442 702 est
1469 648 1493 700 a
1518 618 1699 704 Romanis
1719 619 1759 704 in
1784 651 1854 706 sua
1871 629 1945 741 Sy·

484 745 538 831 ria
554 808 567 848 ‚
586 769 625 830 et
641 740 801 826 maxima
817 738 921 854 regni
937 762 1044 853 parte
1069 737 1245 852 spoliants
1262 765 1275 840 3
1290 736 1394 823 victo
1414 736 1515 822 enim
1542 762 1583 824 et
1609 738 1763 853 supplici
1791 768 1940 858 partem

485 863 592 980 regni
607 882 892 946 concesserunt.
922 857 1029 942 Idem
1042 916 1056 960 ,
1071 884 1116 940 ac
1138 855 1241 971 pejus
1266 856 1379 941 etiam
1403 856 1536 942 accidit
1553 859 1742 943 Roderico
1767 862 1849 977 tegi
1869 891 1938 948 no·

484 1006 563 1067 stro
574 979 819 1067 Gonhorum
841 976 976 1061 adamo
994 1036 1007 1080 ,
1022 974 1089 1090 qui
1112 975 1227 1092 copiis
1251 975 1427 1061 omnibus
1451 1004 1539 1061 cum
1557 977 1701 1062 Mauris
1716 977 1937 1094 Hispaniam

486 1098 751 1187 invadentibus
784 1124 957 1211 pugnans
975 1154 988 1199 ‚
1005 1117 1043 1178 et
1066 1094 1144 1208 ipse
1171 1094 1375 1199 occubuit,
1403 1119 1443 1180 et
1459 1095 1683 1210 Hispaniam
1709 1124 1799 1214 rege
1826 1100 1936 1187 orba·

488 1244 568 1305 tam
590 1216 759 1302 hostibus
787 1213 1049 1328 occupandam
1084 1237 1125 1299 et
1154 1212 1399 1329 diripiendam
1420 1214 1595 1330 reliquit.

292 1395 476 1462 „gemm
557 1339 646 1422 XX.
708 1337 816 1419 Haec
837 1333 948 1451 igitur
978 1331 1164 1419 temeritas
1186 1333 1264 1449 regi
1292 1331 1448 1419 vitanda
1470 1334 1509 1457 in
1525 1332 1650 1448 primis
1677 1359 1763 1441 est,
1787 1337 1937 1455 suisque

293 1466 341 1575 {gig
360 1464 473 1513 munim·
486 1455 594 1541 bonis
623 1478 662 1540 et
690 1448 928 1538 facultatibus
953 1449 1139 1536 utendum
1155 1512 1167 1558 ‚
1182 1476 1227 1538 ut
1251 1450 1329 1539 vim
1344 1451 1520 1537 hostilem
1536 1454 1586 1537 ab
1609 1454 1763 1539 urbibus
1779 1482 1835 1543 ,et
1853 1487 1941 1544 mu·

342 1558 350 1575 ’
484 1574 624 1687 nicipiis
652 1571 879 1686 castellisque
906 1599 987 1654 non
1004 1568 1113 1656 armis
1135 1572 1262 1655 solum
1278 1571 1538 1685 impositorum
1561 1572 1846 1686 praesidiorum,
1868 1577 1939 1663 sed

485 1693 598 1778 muris
624 1691 737 1778 eriam
762 1715 802 1776 et
826 1688 1094 1774 munitionibus
1121 1690 1396 1804 tormentisque
1421 1689 1603 1804 repellat,
1631 1690 1813 1806 simulque
1840 1720 1935 1779 cum

483 1810 647 1898 exercitu
674 1809 924 1924 superioribus
958 1831 996 1893 et
1026 1806 1286 1893 munitioribus
1314 1807 1404 1892 locis
1441 1832 1524 1893 tum
1555 1836 1718 1922 perse,
1748 1835 1833 1895 tum
1864 1839 1938 1925 per

449 1967 450 1971 ¹
484 1930 598 2016 duces
625 1929 843 2043 occupatis,
864 1925 1063 2041 castrisque
1092 1926 1243 2011 munitis
1258 1988 1270 2032 ,
1286 1926 1412 2012 hostes
1439 1926 1594 2041 impune
1622 1926 1753 2044 vagari
1786 1956 1836 2013 ne
1868 1959 1936 2042 pa·

344 2118 348 2128 ,
393 2055 395 2060 ’
481 2048 624 2153 riatur,
651 2071 690 2133 et
713 2074 891 2163 agrorum
907 2043 1242 2160 populationibus,
1272 2044 1405 2161 quoad
1440 2044 1518 2130 fieri
1546 2045 1661 2160 possit
1679 2106 1692 2151 ,
1710 2046 1936 2161 probibeat,

483 2192 523 2254 et
544 2165 816 2253 commeatibus
831 2161 1030 2271 excludat,
1061 2187 1101 2248 et
1126 2163 1273 2279 oppidis
1300 2163 1454 2249 obsessis
1487 2164 1691 2250 subsidium
1717 2163 1846 2251 mittat
1860 2226 1872 2270 ,
1888 2191 1934 2253 ut

484 2285 533 2370 sic
557 2284 683 2371 hostes
706 2279 984 2370 difficultatibus
1010 2276 1133 2367 affecti
1148 2343 1161 2388 ,
1176 2283 1239 2387 vel
1263 2278 1398 2368 finibus
1427 2283 1608 2370 excedere
1635 2294 1824 2401 cogantur
1842 2346 1854 2389 ,
1872 2285 1936 2371 vel

484 2403 535 2490 ad
556 2403 730 2519 ‚iniquam
751 2401 947 2518 pugnandi
962 2400 1222 2487 conditionem
1243 2399 1491 2487 descendere.
1515 2402 1640 2515 Hujus
1667 2402 1846 2487 utilissimi
1865 2463 1878 2508 ,
1895 2429 1939 2487 ac

486 2550 607 2639 regno
629 2520 784 2637 regique
802 2546 842 2606 et
871 2519 1093 2634 reipublicae
1113 2520 1273 2625 maxime
1295 2519 1460 2606 salutaris
1485 2519 1626 2605 consilii
1656 2546 1851 2607 auctorem
1868 2519 1936 2606 ba·

294 2615 473 2731 iliillldll
486 2639 617 2725 bemus
648 2641 703 2732 Q·
733 2636 888 2724 Fabium
920 2637 1161 2743 Maximum,
1184 2637 1308 2725 virum
1330 2637 1479 2723 maximi
1505 2667 1589 2724 tum
1615 2639 1758 2744 animi,
1775 2664 1861 2724 tum
1885 2663 1939 2724 et·

293 2735 472 2850 {ibiibi
486 2757 560 2843 iam
576 2754 716 2842 consilii
730 2816 743 2860 ‚
759 2754 820 2841 cui
839 2757 1058 2841 Cunctatnri
1073 2783 1120 2841 ex
1140 2785 1185 2840 ea
1201 2784 1242 2842 re
1257 2780 1477 2873 cognomen
1499 2753 1569 2847 fuit
1586 2819 1599 2861 ,
1617 2758 1937 2872 quod'cuncram'·

324 2891 438 2940 Ennium
488 2877 571 2980 do,
592 2902 631 2960 et
653 2873 803 2990 praele
822 2898 1085 2989 praeterquam
1110 2903 1174 2989 per
1201 2875 1439 2960 occasionem
1473 2875 1727 2980 abstinendo,
1743 2874 1934 2993 evagandi

312 2951 384 3001 Unrrr
405 2953 474 2998 numa

296 3014 366 3064 „na
416 3023 475 3080 cru·
488 2992 608 3083 modo
631 2991 815 3078 licentiam
831 3015 849 3098 ‚‘
864 3017 905 3077 ct
919 2992 1128 3078 libertatem
1149 2992 1356 3108 populandi
1372 2991 1543 3078 hostibus
1565 2992 1800 3098 minuendo,
1819 2993 1938 3079 Amri-

296 3074 384 3124 ctanda
402 3078 475 3118 restr-

296 3135 449 3247 {l‘mm’i
489 3113 613 3197 balem
639 3111 885 3196 exsultantem
915 3109 1102 3216 mollivit,
1127 3140 1269 3226 suaque
1301 3110 1478 3225 patientia
1504 3107 1652 3230 fregit,
1679 3111 1850 3227 publicae
1885 3141 1940 3196 sa·

296 3197 559 3316 eniiliiiiriiluti
587 3229 797 3315 rumoribus
824 3228 1064 3343 populatibus
1085 3229 1301 3364 posthabitis
1309 3258 1330 3363 s,
1350 3259 1471 3344 eaque
1493 3230 1640 3316 ratione
1672 3229 1941 3344 rempublicam

296 3312 479 3367 antesalurern.

490 3353 706 3434 Romanam
731 3346 890 3432 aliorum
908 3347 1049 3432 ducum
1075 3346 1179 3432 malls
1202 3376 1337 3463 pugnis
1367 3375 1488 3464 paene
1518 3347 1688 3434 amissam
1714 3373 1754 3434 et
1777 3347 1941 3435 deletam

327 3534 328 3538 a
456 3536 458 3539 .
492 3490 672 3554 restituit.
1199 3515 1201 3520 ·
1278 3545 1279 3549 r
1514 3548 1515 3551 a

312 3594 397 3708 pan
418 3596 480 3681 nnn
551 3587 659 3670 XXL
716 3582 844 3676 Quod
870 3613 964 3671 vero
980 3580 1206 3699 pertinetad
1221 3583 1305 3697 justi
1325 3584 1411 3670 belli
1436 3588 1592 3704 gerendi
1613 3588 1798 3674 rationem
1817 3647 1830 3692 ‚
1849 3586 1946 3672 haec

298 3695 404 3812 lilium
422 3703 531 3788 clu'in
555 3702 638 3820 lege
654 3701 822 3818 quadam
847 3703 975 3790 divina
999 3703 1288 3788 Deuteronomii
1315 3703 1366 3789 ad
1394 3735 1518 3791 mores
1534 3706 1772 3822 pertinente,
1788 3733 1834 3789 ac
1850 3734 1943 3820 pro-

493 3821 585 3907 inde
599 3853 623 3906 a
638 3820 792 3906 Christo
821 3848 903 3906 non
918 3821 1129 3937 abrogata,
1144 3821 1359 3907 summatim
1388 3823 1602 3910 continetur
1615 3854 1634 3928 ⁴3
1663 3851 1763 3940 quae
1777 3823 1837 3909 lex
1850 3852 1945 3908 cum

330 3994 407 4048 niae.
423 3999 465 4039 ιο.
493 3939 664 4059 gentium
680 3969 787 4059 more
805 4000 817 4044 ,
836 3937 876 4024 id
899 3964 978 4043 est,
995 3968 1083 4024 cum
1099 3938 1177 4053 jure
1197 3940 1356 4026 naturali
1382 3969 1594 4059 congruens
1614 3973 1628 4026 :·
1651 3944 1843 4050 Siquando
1858 3963 1872 4046 5
1889 3941 1949 4024 in·

494 4059 577 4175 quit
593 4121 607 4164 ,
623 4066 829 4142 accerseris
856 4063 911 4143 nd
937 4064 1221 4168 expugnandam
1243 4067 1471 4167 civitatem,¹
1496 4060 1633 4167 afferes
1647 4071 1683 4144 ei
1694 4070 1857 4172 primum
1869 4079 1948 4169 pa·

495 4204 572 4261 cem
594 4209 602 4265 :
624 4184 662 4260 si
686 4186 902 4286 receperit,
919 4193 956 4261 ei
978 4186 1170 4289 aperuerit
1196 4181 1269 4262 tibi
1285 4195 1452 4288 partas,
1479 4200 1633 4269 canctus
1654 4187 1849 4290 pupulus,
1879 4187 1950 4286 qui

495 4303 536 4379 in
554 4321 599 4379 ea
614 4311 700 4400 est,
724 4299 938 4387 salvabitur
955 4357 969 4403 ‚
984 4314 1021 4382 et
1036 4306 1183 4382 serviet
1198 4300 1271 4382 tibi
1290 4300 1368 4383 wsub
1393 4301 1562 4387 tribula:
1592 4307 1653 4382 sin
1670 4297 1951 4404 autemsaedus

496 4419 593 4498 inire
612 4419 801 4516 noluerit,
830 4429 868 4497 el
889 4425 1205 4525 coeperiiennlra
1220 4431 1259 4500 ie
1274 4418 1433 4525 bellum,
1457 4421 1690 4531 oppugnabis
1703 4447 1802 4502 eam.
1836 4415 1950 4500 Cunt-

489 4556 564 4639 ¹que
586 4535 793 4617 tradiderit
808 4536 972 4617 daminus
997 4537 1107 4618 Deus
1135 4551 1223 4619 tuus
1244 4542 1346 4619 illam
1371 4546 1412 4621 in
1437 4564 1544 4622 manu
1568 4554 1634 4621 lua
1651 4597 1665 4641 ,
1685 4543 1877 4647 puerities
1905 4563 1951 4619 0-

495 4677 576 4734 mne
593 4709 607 4755 ‚
627 4654 725 4757 quad
749 4659 789 4734 in
816 4677 861 4734 eu
881 4660 1033 4760 generis
1062 4661 1257 4740 masculini
1283 4670 1341 4738 erl
1357 4714 1370 4760 ,
1389 4664 1441 4738 in
1466 4683 1531 4745 ore
1549 4660 1673 4767 gladii
1697 4657 1835 4763 absque
1859 4681 1950 4738 ma-

494 4771 651 4853 lieribus
673 4785 710 4852 et
733 4767 943 4875 inflantibus
960 4829 974 4875 ‚
992 4775 1172 4882 jumentis
1196 4787 1236 4858 et
1266 4781 1404 4858 ceteris
1420 4835 1432 4881 ‚
1448 4799 1543 4881 auae
1568 4782 1790 4860 incivitate
1822 4789 1944 4857 sum.

495 4889 645 4975 Omnem
662 4892 846 5001 praedam
871 4900 1057 4978 exercitui
1086 4896 1269 4997 divides,
1294 4897 1523 4982 el-camedes
1550 4898 1595 4981 de
1619 4899 1752 5005 spoliis
1780 4895 1948 4979 bmlium

1892 5027 1953 5096 lu·
