4020 5864
521 388 603 477 51s
843 386 911 461 ιιι
941 382 1077 501 ιιιτο
1091 382 1156 458 ιτ
1176 382 1355 463 :intuo
1373 327 1613 463 ιιιιιιιιιιο

495 535 543 595 ιιι
557 509 644 615 uti5
669 530 753 627 non
772 502 827 594 u'ri
843 572 856 614 5
872 511 1046 598 asciscere
1061 572 1074 617 ,
1091 510 1305 616 dimittere,
1320 535 1366 596 et
1382 539 1488 624 posse
1510 535 1751 625 utcumque,
1776 509 1952 626 inquam

494 626 583 712 libet
604 622 750 741 partem
781 658 946 735 vocate,
973 655 1013 715 et
1039 629 1194 717 vicissim
1221 637 1422 716 revocare?
1454 628 1618 726 Quod
1600 656 1687 742 rpse
1721 626 1844 740 paulo
1873 653 1953 743 post

496 745 557 831 vel
571 747 731 860 apertius
754 745 973 850 confiteris,
995 776 1085 831 cum
1115 748 1196 833 duo
1228 776 1343 863 regna
1370 745 1515 834 diversa
1531 743 1644 830 lacis:
1676 773 1840 849 unum,
1873 774 1951 860 quo

392 898 403 910 ·’
471 962 473 966 ‚
500 855 619 947 fertur
635 865 758 948 homo
782 893 852 949 suo
881 866 1039 955 arbitrio
1061 887 1102 951 ει
1128 857 1311 967 consilio,
1340 864 1566 967 altorum,
1549 889 1704 995 inquo
1733 889 1822 946 non
1853 864 1951 947 telin

500 982 629 1095 quitur
658 982 698 1065 in
725 976 844 1066 manu
869 983 1024 1067 consilii
1021 984 1107 1089 sui,
1126 979 1207 1105 sed
1218 982 1370 1067 arbitrio
1385 977 1592 1066 erconslio
1608 980 1684 1066 Dei
1708 974 1846 1062 fertur.
1861 982 1950 1074 Quo

377 1112 380 1118 ’
495 1099 620 1212 ριὶοιε
648 1124 772 1215 regno
790 1099 885 1214 quid
905 1102 1022 1215 magis
1052 1125 1180 1215 potest
1190 1125 1280 1185 cum
1300 1126 1429 1184 rerum
1437 1100 1613 1200 omnium
1634 1097 1878 1213 agendarum
1891 1124 1950 1181 ne·

443 1255 450 1271 ·
499 1216 667 1303 cessitate
688 1226 887 1335 pugnare?
916 1225 969 1306 At
984 1219 1056 1303 illa
1068 1241 1185 1333 parva
1200 1240 1316 1322 sunt,
1334 1214 1463 1320 diccs5
1496 1241 1535 1301 et
1562 1218 1601 1301 in
1616 1215 1762 1328 quibus
1782 1244 1865 1299 non
1888 1214 1949 1300 ad·

386 1340 389 1345 ’
495 1334 657 1420 modum
682 1359 851 1420 versetur
867 1365 1012 1420 summa
1038 1363 1187 1422 retum.
1208 1337 1332 1422 Parva
1362 1335 1550 1449 quidem,
1574 1333 1639 1418 sed
1666 1330 1888 1443 ejusmodi,
1913 1356 1949 1418 ut

496 1451 569 1537 sint
595 1450 843 1536 maximorum
860 1446 1101 1540 certissimum
1125 1460 1406 1568 argumentum.
1441 1454 1534 1549 Qua
1553 1450 1656 1565 enim
1679 1447 1834 1533 ratione
1858 1449 1949 1582 posi·

495 1592 580 1651 tum
597 1593 653 1663 est
670 1568 709 1650 in
740 1570 901 1663 hominis
927 1594 1112 1684 potestate
1135 1595 1252 1704 atque
1275 1570 1462 1683 optione,
1480 1592 1583 1681 equo
1611 1567 1791 1651 invectus
1814 1596 1875 1650 rus
1894 1567 1947 1649 in·

496 1685 626 1791 visat,
641 1715 692 1770 an
708 1714 812 1771 non:
841 1687 926 1792 hac,
943 1712 987 1772 ut
1001 1687 1155 1804 pauperi
1172 1686 1296 1771 amico
1321 1684 1541 1817 munuscula
1558 1683 1797 1788 summittat,
1827 1710 1864 1768 et
1892 1682 1951 1766 la·

499 1801 648 1887 boranri
668 1803 897 1917 opituletur,
924 1823 974 1888 an
1001 1831 1092 1918 non.
1126 1810 1179 1891 At
1205 1805 1281 1888 hoc
1303 1800 1459 1907 officio,
1474 1800 1541 1918 nist
1529 1801 1652 1889 adsit
1687 1802 1838 1917 gratia,
1870 1828 1947 1886 non

501 1919 696 2032 proficitur
721 1921 902 2006 advitam
920 1915 1122 2007 aeternam.
1159 1916 1298 2055 Neque
1315 1919 1353 2005 id
1379 1949 1455 2035 ego
1479 1914 1581 2003 nunc
1614 1917 1792 2023 laboro,
1829 1945 1947 2031 quan-

502 2060 586 2123 tum
605 2038 681 2122 hoc
702 2037 826 2123 valeat
853 2036 904 2122 ad
928 2036 1168 2124 felicitatem·
1160 2095 1172 2140 5
1198 2037 1282 2123 satis
1307 2037 1435 2122 estad
1451 2060 1672 2149 susceptam
1706 2063 1861 2119 causam
1878 2066 1947 2140 ,u-

497 2176 677 2269 trumque
700 2182 777 2238 esse
793 2155 832 2238 in
858 2154 1020 2241 hominis
1042 2176 1258 2270 potestate,
1286 2153 1395 2268 quod
1411 2176 1454 2238 tu
1485 2153 1591 2237 hoc
1580 2181 1619 2236 m
1647 2147 1743 2238 loco
1768 2153 1945 2258 concedis,
1972 2221 1977 2232 .

500 2271 597 2356 dum
614 2270 757 2356 homini
782 2271 915 2358 datum
930 2289 1009 2359 csse
1019 2274 1142 2409 dicis,
1168 2296 1212 2358 ut
1226 2272 1264 2356 in
1292 2272 1401 2355 rebus
1418 2299 1489 2356 suo
1506 2295 1596 2386 agat
1618 2271 1824 2356 arbitratu.
1851 2275 1946 2358 Nam

498 2413 547 2473 ut
563 2388 627 2475 tibi
643 2389 872 2505 largiamur,
901 2420 947 2474 ex
963 2420 1001 2475 se
1018 2389 1252 2476 arbitrum
1226 2417 1304 2474 stne
1321 2388 1439 2504 gratia
1457 2449 1469 2493 5
1499 2410 1773 2502 praeterquam
1802 2389 1851 2473 ad
1848 2416 1946 2524 ρει·

498 2508 698 2611 candum,
723 2507 863 2591 nullam
880 2508 1020 2593 habere
1034 2505 1262 2613 facultatem,
1283 2534 1363 2590 non
1379 2505 1549 2639 protinus
1566 2505 1734 2591 effeceris
1753 2568 1767 2608 5
1787 2530 1832 2591 ut
1847 2506 1948 2620 ipsitu

499 2651 582 2708 non
609 2625 654 2710 sit
677 2625 939 2737 oppositorum
967 2654 1089 2739 aequa
1103 2648 1277 2738 potestas.
1311 2623 1466 2707 Sienirn
1481 2623 1681 2738 quidqmd
1696 2620 1905 2709 efficitur
1880 2650 1949 2710 stne

500 2741 649 2874 gratia,
671 2766 872 2876 peccatum·
885 2764 969 2849 est,
996 2742 1101 2828 haud
1118 2741 1231 2826 dubie
1256 2739 1374 2824 multa
1402 2765 1554 2856 peccata
1576 2765 1665 2826 suut
1689 2769 1741 2826 ex
1769 2743 1949 2828 damon

499 2857 599 2943 inter
626 2886 704 2942 sese
740 2859 943 2971 opposita,
973 2884 1019 2945 ut
1043 2861 1080 2943 in
1103 2858 1252 2970 Judaeo
1280 2884 1384 2941 nunc
1412 2857 1474 2945 vel
1517 2863 1706 2944 Saraceno
1740 2886 1948 2976 suggerere,

500 3003 585 3059 non
617 3001 813 3102 suggerere
830 2976 1031 3061 necessaria
1052 2975 1247 3091 pauperi:
1271 2999 1507 3088 temperare,
1534 3005 1616 3061 non
1642 3001 1859 3092 temperare
1877 2977 1950 3061 all·

501 3092 659 3195 bidinc5
680 3119 737 3177 est
760 3115 888 3178 autem
915 3093 1060 3177 arbitrii
1066 3122 1188 3207 aequa
1205 3093 1255 3177 ad
1284 3115 1479 3205 peccantur
1503 3121 1618 3178 omne
1633 3119 1836 3208 potestas:
1865 3123 1948 3178 narn

503 3235 569 3293 cur
586 3210 661 3293 hoc
677 3211 793 3342 magis
810 3271 822 3314 5
845 3238 961 3322 quam
978 3209 1069 3296 illud
1099 3233 1260 3296 vetetur
1266 3205 1413 3295 efficere
1430 3270 1443 3315 ,
1473 3236 1561 3295 cum
1577 3234 1788 3328 utrumque
1813 3211 1948 3297 malum

502 3323 688 3412 stt’Est
680 3352 790 3441 rgrtur
809 3326 961 3412 atbrttro
977 3357 1044 3442 par
1059 3324 1213 3412 facultas
1228 3349 1503 3440 oppositorum
1787 3387 1789 3392 ·

561 3447 629 3535 IX
687 3445 760 3529 Sed
788 3443 1008 3550 videamus,
1041 3475 1068 3529 st
1057 3444 1248 3556 placet,
1279 3464 1501 3558 perpetuam
1534 3442 1782 3532 Ecclesiastici
1813 3446 1947 3532 orario

500 3587 623 3664 nem,
655 3583 771 3675 quam
798 3587 885 3675 apte
913 3585 953 3647 et
979 3563 1183 3648 commode
1217 3559 1443 3646 Martinus
1433 3587 1708 3675 interpretetur.
1745 3565 1878 3648 Verba
1897 3594 1947 3649 sa·

247 3717 251 3723 ·
345 3725 416 3782 tm
425 3734 465 3786 1⁵
508 3678 666 3791 pientiae
683 3701 769 3764 sunt
784 3680 902 3763 haec:
934 3682 1041 3762 Deus
1059 3683 1108 3763 ab
1125 3687 1232 3762 initio
1255 3686 1448 3763 emutuit
1463 3683 1638 3765 moenem
1653 3689 1888 3788 ,etreliquit
1905 3689 1946 3764 il·

499 3801 617 3878 lom
601 3821 641 3876 ιιι
657 3822 765 3878 manu
780 3803 898 3880 consil
895 3801 927 3877 iz·
939 3806 1001 3879 soi
1019 3801 1196 3906 o5aijecit
1212 3801 1386 3880 mndata
1411 3813 1451 3879 et
1460 3812 1696 3908 praecepto:
1721 3826 1760 3883 ει
1753 3807 1941 3883 volueris

500 3917 683 4025 mandato
699 3930 954 4016 conservare,
984 3917 1339 3998 conservaremus
1373 3940 1537 4028 quotum
1563 3912 1825 4001 intellectus
1798 3945 1864 4000 um
1890 3916 1948 4001 lex

498 4052 617 4116 estet
632 4029 906 4144 apertissimus,
929 4033 979 4115 sic
994 4032 1187 4117 homine-m
1205 4037 1331 4116 aDeo
1347 4031 1542 4117 relictum
1530 4059 1574 4131 ιιι
1589 4031 1764 4138 arbitrio
1776 4064 1845 4118 suo
1860 3948 1947 4117 liis·

507 4177 577 4253 se,
603 4173 647 4233 ut
661 4177 689 4233 st
679 4147 883 4234 mandata
909 4177 1065 4235 servare
1081 4147 1218 4252 vellet,
1248 4148 1331 4233 lroc
1354 4149 1561 4283 praemium
1583 4149 1808 4284 reciperet,-
1832 4178 1877 4237 ut
1903 4152 1947 4235 ab

499 4264 591 4378 ipsis
606 4291 913 4352 conservaretur:
941 4267 1035 4351 haec
1051 4291 1107 4351 est
1123 4267 1225 4349 enim
1241 4267 1446 4383 Augustini
1473 4266 1656 4379 aptissima
1680 4267 1947 4384 verissimaque

491 4382 699 4495 expositio.
726 4383 912 4467 Martinus
926 4407 1054 4468 autem
1070 4406 1184 4468 more
1198 4410 1268 4468 suo
1283 4384 1473 4469 invertens
1493 4408 1726 4488 cascanum,
1756 4388 1944 4472 etcohae

320 4484 497 4608 ,llll‘fflsslfl
507 4500 627 4584 tentia
640 4500 754 4585 verba
769 4499 992 4603 dilacerans,
1008 4501 1058 4585 ad
1074 4501 1174 4584 hunc
1192 4501 1352 4585 modum
1369 4500 1547 4617 exponit:
1581 4501 1653 4582 Rel
1636 4508 1751 4607 liquit
1767 4505 1942 4588 bominem

304 4623 370 4714 ⁸²⁰:
497 4625 547 4700 ιἰι
565 4644 675 4700 marro
699 4625 957 4721 coneidisti,
979 4559 1117 4724 idest,
1136 4616 1241 4723 fecit
1267 4625 1393 4733 ipsura
1417 4644 1544 4701 rerum
1564 4623 1763 4703 dominum.
1790 4623 1836 4705 Ο
1865 4622 1941 4735 pul·

506 4731 686 4821 cherrima
707 4758 746 4819 er
767 4734 1093 4849 quadrantissima
1084 4736 1363 4840 interpretatio:
1395 4737 1581 4844 Adjecrr,
1608 4735 1762 4850 inquit,
1794 4743 1938 4821 maudo

495 4870 549 4940 ιι
564 4914 577 4962 5
594 4881 662 4943 ιιι
676 4880 721 4939 ιι
737 4911 752 4962 5
772 4855 958 4962 inquibus
975 4861 1093 4940 consil
1090 4863 1165 4942 ιἰιιι
1181 4911 1197 4961 5
1212 4867 1252 4938 et
1266 4880 1316 4942 vo
1316 4859 1438 4938 luntas
1454 4857 1616 4940 humana
1628 4871 1817 4943 voratur
1834 4917 1849 4966 5
1879 4858 1944 4939 ted

1885 4999 1942 5080 eo,
