4050 5858
497 381 568 454 ιφ
971 354 1404 431 uuuocunrus

474 484 674 576 suffecisset
703 479 755 573 ad
780 503 995 571 nascentem
1018 481 1241 569 seditionem
1264 481 1515 571 coercendam
1533 474 1703 591 ,valeret
1724 478 1860 568 sedatis
1883 509 1927 565 a·

481 606 589 693 nimis
609 607 659 692 ad
683 605 955 692 dirimendam:
984 631 1074 688 cum
1100 602 1138 687 in
1162 603 1319 690 consiliis
1343 601 1530 720 capiendis
1554 602 1676 687 multo
1704 599 1823 717 magis
1850 629 1933 687 cre·

483 726 594 813 datur
621 724 724 811 sociis
747 724 796 810 de
826 753 867 810 re
889 721 1085 808 communi
1113 723 1394 810 consulentibus
1412 725 1558 838 ,quam
1585 720 1710 807 alienis
1727 782 1740 828 ,
1759 748 1930 836 quotuut

485 843 576 931 fides
606 844 826 959 plenamque
858 842 1057 956 oratioque
1084 866 1253 956 suspecta
1278 867 1354 928 est.

557 963 718 1048 XXVll.
786 963 860 1047 Sed
884 958 1099 1073 hujusmodi
1121 959 1219 1077 leges
1250 985 1289 1046 et
1318 986 1516 1077 praecepta
1544 960 1584 1044 in
1611 986 1672 1042 eas
1688 956 1924 1071 potissimum

483 1079 647 1167 civitates
671 1081 905 1165 conveniunt
921 1140 933 1184 ‚
949 1106 1047 1194 quae
1063 1077 1134 1163 suis
1154 1077 1295 1194 legibus
1310 1081 1473 1187 vivunt,
1490 1103 1530 1164 et
1544 1076 1717 1192 populari
1744 1102 1813 1164 aut
1831 1078 1927 1195 opti·

483 1225 629 1284 matum
658 1196 812 1285 consilio
845 1198 1131 1314 gubernantur.
1164 1202 1208 1282 ln
1237 1197 1338 1314 regia
1362 1226 1455 1285 vero
1482 1195 1669 1312 republica
1696 1196 1864 1309 optimus
1887 1223 1924 1286 et

347 1324 349 1327 ’
484 1316 790 1430 prudentissimus
813 1317 972 1431 quisque
989 1315 1161 1431 principis
1182 1317 1444 1402 auctoritatem
1468 1343 1613 1431 semper
1642 1339 1822 1430 sequetur
1840 1344 1924 1401 con·

482 1462 539 1519 tta
565 1436 759 1522 seditiosos
789 1435 980 1551 populos,
1002 1462 1047 1546 ac
1065 1434 1164 1520 cives
1180 1435 1411 1549 potentiores
1442 1460 1481 1521 et
1510 1431 1772 1520 turbulentos.
1803 1439 1926 1552 Reges

482 1553 584 1637 enim
611 1582 656 1638 ac
673 1553 878 1671 principes,
904 1553 933 1636 si
953 1552 1047 1637 boni
1064 1576 1181 1659 sunt,
1208 1583 1354 1638 summa
1381 1553 1516 1668 pietate
1547 1551 1619 1636 coli
1637 1550 1805 1658 debent,
1821 1554 1925 1668 quasi
1991 1586 1994 1594 ¹

481 1673 787 1784 praeexcellentes
810 1701 834 1755 a
857 1677 1021 1784 Deoque
1037 1670 1163 1775 missi,
1183 1694 1226 1755 ut
1251 1675 1381 1757 Petrus
1407 1670 1485 1784 ait:
1519 1673 1588 1753 Ad
1608 1674 1818 1754 vindictam
1843 1699 1924 1754 tna-

480 1794 595 1873 lorum
611 1850 625 1896 ‚
643 1795 786 1875 laudem
806 1817 899 1874 uero
923 1790 1094 1874 bonorum
1111 1821 1120 1873 ε
1138 1789 1194 1874 sin
1218 1789 1325 1893 mali,
1342 1785 1450 1874 omni
1469 1787 1646 1903 patientia
1673 1787 1824 1874 tolerati
1839 1849 1851 1894 ,
1867 1789 1922 1872 ni·

481 1906 510 1990 si
533 1903 630 1993 forte
655 1911 823 2023 ipsorum
848 1907 1064 2022 perversitas
1092 1931 1131 1992 et
1156 1905 1318 2022 pravitas
1345 1931 1451 1992 tanta
1475 1908 1521 1992 sit
1537 1967 1550 2010 ,
1565 1905 1671 1991 utin
1697 1930 1864 2022 apertam
1881 1934 1924 1992 ac

481 2024 729 2112 indubitatam
760 2027 865 2143 regni
894 2051 963 2111 aut
992 2024 1176 2140 religionis
1202 2023 1400 2137 perniciem
1426 2047 1464 2110 et
1489 2024 1720 2112 eversionem
1752 2048 1927 2137 spectet:

482 2166 574 2228 tunc
595 2144 695 2229 enim
711 2145 859 2259 publica
882 2143 977 2229 salus
993 2169 1032 2230 et
1057 2171 1166 2229 verus
1188 2143 1261 2226 Dei
1284 2143 1405 2229 cultus
1434 2144 1544 2228 unius
1568 2141 1726 2227 hominis
1745 2137 1863 2226 furori
1879 2169 1925 2226 ac

292 2310 469 2374 annus.
482 2260 662 2375 impietati
687 2259 859 2376 praeferri
876 2261 1015 2367 debet,
1033 2261 1235 2376 potiorque
1257 2287 1296 2346 et
1327 2261 1488 2347 sanctior
1512 2260 1668 2346 habeti:
1700 2259 1858 2343 obedire
1886 2286 1924 2341 e·

194 2385 196 2391 “
482 2386 556 2461 uim
581 2396 723 2489 oportet
741 2441 752 2485 ,
767 2405 811 2466 ut
827 2385 957 2466 Petrus
980 2380 1132 2492 ajebat,
1158 2381 1244 2464 Deo
1269 2388 1392 2490 magis
1416 2405 1527 2486 quam
1552 2377 1756 2463 homnibus
1774 2410 1783 2462 :
1801 2404 1926 2462 cetera

465 2506 466 2509 ‘
483 2526 576 2583 vero
601 2497 810 2614 principum
825 2526 869 2582 ac
898 2525 1030 2614 regum
1054 2520 1205 2611 peccata
1221 2498 1404 2611 patienter
1420 2494 1575 2583 ferenda
1602 2519 1690 2582 sunt
1707 2557 1719 2600 ,
1735 2520 1774 2582 et
1790 2495 1842 2582 ad
1855 2494 1926 2580 Dei

482 2613 659 2727 iudicium
682 2615 880 2728 rejicienda·
895 2649 905 2700 :
921 2615 984 2699 cui
1006 2614 1125 2730 placet
1149 2615 1339 2702 interdum
1365 2615 1527 2731 populos
1547 2614 1601 2701 ob
1623 2616 1789 2729 ipsorum
1803 2613 1927 2700 crimi-

291 2785 340 2833 aa
355 2783 417 2827 an..
431 2789 469 2837 η.
484 2762 533 2816 na
555 2732 749 2848 iniquitate
773 2732 981 2849 principum
1003 2728 1143 2849 affligi:
1174 2735 1290 2818 Nulla
1308 2749 1368 2817 est
1392 2742 1490 2818 enim
1508 2749 1680 2845 potestas
1695 2740 1773 2816 nist·
1788 2760 1813 2813 a
1829 2734 1926 2838 Deo,

291 2842 443 2957 fflpfjfijffj
485 2875 529 2936 ut
555 2851 690 2936 Paulus
719 2876 904 2957 testatur,
931 2850 1000 2964 qui
1024 2879 1093 2935 nos
1120 2849 1344 2966 principibus
1366 2852 1518 2939 obedite
1543 2851 1645 2966 jubet
1662 2911 1674 2954 ‚
1691 2854 1803 2935 Petro
1819 2854 1921 2963 Apo·

330 2992 470 3043 terendum
486 2967 764 3103 stologdyscolis
784 2969 896 3054 etiam
914 2966 1073 3053 dominis
1089 2996 1218 3083 parere
1233 2969 1507 3084 praecipiente,
1526 2969 1602 3054 hoc
1623 2993 1704 3072 est,
1722 2963 1926 3077 difficilibus

292 3069 348 3106 esse
371 3052 470 3110 regibus
507 3074 509 3079 ·
552 3086 560 3103 .

291 3130 320 3226 i‘
350 3110 471 3222 pqqipgj
484 3111 523 3171 et
551 3086 682 3200 torquis
700 3119 709 3172 ε
729 3086 833 3198 cujus
857 3086 909 3172 tei
934 3085 1171 3172 clarissimum
1199 3085 1381 3174 habemus
1412 3087 1624 3204 exemplum
1640 3085 1796 3172 Davidis
1814 3143 1828 3191 ,
1844 3084 1924 3200 qui,

291 3186 373 3298 ilii?
483 3231 572 3287 cum
602 3230 695 3290 esset
726 3234 790 3291 rex
825 3207 1088 3290 Hebraeorum
1120 3203 1248 3291 divina
1280 3206 1501 3292 auctoritate
1530 3207 1775 3324 designatus,
1799 3228 1926 3289 tamen

482 3320 630 3406 Saulem
655 3323 759 3440 genti
780 3322 902 3409 eidem
917 3346 1062 3438 praeter
1089 3322 1211 3438 legem
1229 3323 1425 3428 divinam,
1446 3352 1524 3438 qua
1553 3323 1628 3438 jam
1656 3346 1737 3408 erat
1766 3320 1845 3434 jure
1872 3349 1928 3404 re·

481 3439 547 3556 gni
571 3440 764 3554 privatus,
780 3441 1054 3555 imperitantem
1071 3501 1084 3546 ,
1102 3441 1245 3555 sibique
1274 3438 1460 3527 infensum
1487 3470 1633 3556 semper
1660 3464 1717 3525 est
1739 3439 1842 3556 regia
1867 3465 1928 3524 ve

458 3585 461 3589 ’
482 3557 676 3646 neratione
691 3584 932 3674 prosecutus:
950 3583 1102 3669 tanturm
1117 3559 1246 3664 abest,
1262 3584 1307 3645 ut
1323 3559 1362 3646 vi
1381 3585 1446 3645 aut
1463 3558 1557 3646 dolo
1583 3557 1785 3645 tentaverit
1807 3556 1929 3671 ipsum

291 3709 315 3749 ¹·
329 3700 386 3760 te·
401 3704 441 3755 aa
481 3675 531 3762 de
554 3705 674 3793 regno
690 3676 870 3791 dejicere:
899 3700 939 3762 et
967 3678 1091 3791 potuit
1118 3706 1238 3791 parvo
1264 3678 1421 3795 negotio
1445 3679 1651 3781 eumdem,
1667 3704 1755 3761 cum
1782 3673 1928 3790 spelun

481 3821 566 3878 cam
583 3855 595 3900 ,
612 3795 651 3879 in
674 3824 753 3911 qua
782 3796 859 3910 ipse
885 3794 1025 3880 latebat
1047 3855 1059 3902 ,
1082 3795 1334 3901 successisset,
1353 3794 1477 3882 solum
1506 3820 1546 3883 et
1575 3823 1748 3884 securum
1771 3794 1930 3881 adorttu

482 3912 737 3999 obtruncate.

540 4032 721 4114 XXVlll.
779 4029 891 4116 Num
913 4030 1002 4134 tibi,
1018 4030 1173 4137 videor,
1190 4030 1410 4144 Leopolde‚
1427 4028 1662 4119 dillicultares
1679 4093 1692 4139 ‚
1707 4030 1841 4148 quibus
1858 4027 1928 4116 im

479 4146 710 4258 pediebaris,
730 4147 935 4233 commode
957 4148 1041 4233 satis
1072 4177 1149 4235 esse
1179 4148 1407 4235 demolitus?
1440 4180 1491 4234 an
1520 4153 1647 4238 adhuc
1672 4151 1800 4236 haeres
1814 4147 1855 4231 in
1871 4177 1923 4232 sa·

477 4261 580 4347 lebra
596 4327 609 4369 ,
625 4290 664 4350 et
687 4291 853 4379 superest
879 4267 1087 4351 etiamnum
1104 4326 1116 4371 ,
1131 4266 1241 4380 quod
1269 4267 1334 4351 tibi
1366 4268 1457 4355 velis
1487 4268 1652 4385 expediri
1667 4326 1681 4370 ,
1699 4266 1929 4384 longiorem·

476 4407 554 4493 que
577 4383 787 4467 orationem
810 4383 992 4469 desideras
1016 4384 1065 4470 ad
1092 4382 1349 4496 quorumdam
1373 4386 1558 4471 bellorum
1575 4389 1813 4472 honestatem
1839 4411 1935 4470 asse·

475 4497 632 4582 rendam
650 4507 663 4583 ἓ
694 4504 804 4583 Leon.
822 4506 910 4699 Elgo
933 4530 1026 4588 vero
1043 4563 1055 4607 ‚
1072 4506 1318 4586 Democrates
1336 4564 1347 4607 ‚
1365 4502 1548 4618 profiteor
1565 4565 1577 4610 ,
1593 4532 1656 4590 me
1672 4502 1846 4589 oratione
1863 4527 1933 4588 tua

473 4642 557 4701 non
585 4616 817 4704 mediocriter
863 4619 953 4703 uisse
979 4620 1235 4705 delectatum:
1262 4620 1376 4706 habet
1405 4622 1506 4707 enirn
1533 4651 1731 4739 tamquam
1760 4649 1933 4725 nervos,

473 4760 545 4817 nec
567 4733 644 4818 sine
671 4735 797 4851 lepore
819 4734 972 4820 adhibet
995 4737 1101 4852 quasi
1123 4761 1313 4823 tormenta
1334 4740 1526 4853 quaedam
1549 4742 1600 4828 ad
1625 4739 1934 4853 extorquendam

473 4851 691 4942 veritatem.
722 4859 854 4972 ltaque
875 4852 941 4942 tibi
955 4883 1103 4971 prorsus
1118 4855 1297 4944 assentior
1313 4915 1326 4964 ,
1342 4855 1437 4971 juste
1453 4859 1586 4976 suscipi
1612 4857 1797 4947 nonnulla
1812 4856 1932 4962 bella,

1862 5002 1934 5060 ffl-
