4020 5864
402 375 469 464 580
756 363 1118 438 ANTAPOLOGIA
1133 359 1233 438 utto
1257 359 1360 436 ntss.
1377 364 1458 437 PIO

376 499 465 585 beas
489 495 699 583 abstinere?
726 493 784 579 At
812 521 879 606 per
894 519 934 579 te
949 490 1213 578 abstinendum
1229 515 1285 576 est
1301 491 1351 576 ab
1377 483 1591 596 omnibus3
1623 520 1701 610 per
1734 520 1776 582 te
1791 495 1854 615 igi·

377 643 442 704 tur
473 617 745 733 quodcumque
760 636 898 700 votum
927 611 1141 727 suscipere,
1173 609 1315 695 malum
1345 638 1414 697 est.
1450 615 1545 697 Non
1564 614 1619 698 ab
1652 616 1849 723 omnibus,

380 736 533 850 inquis,
561 733 823 820 abstinendum
854 730 940 816 dico
960 789 974 834 ,
995 729 1060 815 sed
1089 760 1112 815 a
1139 758 1219 814 non
1235 728 1441 816 necessariis
1456 791 1469 836 ,
1484 729 1549 819 uel
1574 730 1793 839 inutilibus,
1809 757 1849 822 et

382 855 477 938 haec
506 879 648 939 temere
678 852 809 969 suscipi
837 849 1104 939 aChristianis,
1123 843 1287 933 aslirmo.
1313 848 1483 935 Audio:
1517 850 1587 936 sed
1614 853 1736 967 quod
1759 879 1842 939 tati·
1948 868 1949 871 ‘

383 971 472 1057 dem
497 1000 572 1058 csse
601 997 709 1089 putas
724 996 896 1073 votum,
922 968 1014 1083 quin
1032 965 1076 1052 sit
1105 966 1167 1054 vel
1182 965 1339 1072 inutile,
1369 965 1432 1053 vel
1446 992 1546 1053 certe
1570 998 1659 1057 non
1679 999 1837 1058 necesst-

384 1090 505 1173 rium?
528 1096 591 1175 An
609 1116 733 1204 potest
760 1119 835 1174 esse
851 1085 1060 1202 quidquam
1091 1085 1208 1201 magis
1224 1110 1357 1172 contra
1380 1085 1463 1171 voti
1483 1086 1679 1175 rationem
1699 1151 1712 1196 ,
1731 1120 1838 1206 quun

384 1209 411 1292 si
440 1208 653 1294 necessitate
685 1208 808 1323 aliqua
835 1204 1066 1319 nuncupatio
1094 1204 1172 1314 eius
1205 1228 1504 1319 extorqueatur,
1532 1233 1626 1293 cum
1659 1233 1843 1297 votuma

384 1325 571 1440 theologis
602 1323 832 1430 definiatur,
863 1325 1081 1425 testificatio
1099 1327 1278 1430 quaedam
1302 1330 1573 1432 promissionis
1600 1343 1844 1436 εροηταηεαε,

340 1452 342 1455 ’
385 1470 478 1549 quae
496 1449 603 1548 Deo,
637 1461 673 1526 et
690 1448 735 1526 de
750 1452 831 1547 iis,
858 1469 951 1549 quae
979 1444 1057 1524 Dei
1083 1457 1203 1547 sunt,
1230 1442 1337 1525 debet
1355 1439 1452 1540 fieri
1463 1449 1476 1524 ἓ
1507 1447 1594 1530 Nec
1628 1446 1734 1532 enim
1750 1473 1844 1562 puto

385 1589 469 1646 eam
485 1557 523 1644 in
555 1587 593 1646 te
619 1560 807 1648 levitatem
836 1560 969 1646 cadere
1003 1590 1141 1674 posse,
1166 1585 1210 1645 ut
1227 1586 1317 1647 vota
1348 1561 1550 1645 necessaria
1584 1563 1719 1669 dicas,
1744 1595 1843 1683 quae

386 1677 435 1763 de
467 1681 575 1764 rebus
607 1680 656 1764 ad
684 1705 874 1764 aeternam
904 1678 1061 1763 salutem
1088 1678 1294 1764 necessariis
1321 1679 1622 1793 susciperentur,
1656 1712 1755 1799 quae
1782 1712 1838 1772 res

387 1797 590 1911 praeceptis
619 1822 850 1900 contentae,
882 1822 949 1884 aut
965 1795 1071 1881 nullo
1087 1796 1209 1882 modo
1243 1795 1341 1885 votis
1369 1797 1474 1912 quasi
1491 1801 1691 1886 materiam
1707 1803 1841 1903 stbmi·

270 1996 273 2002 .
388 1915 578 2019 nisnant,
609 1941 675 2001 aut
690 1941 790 2001 certe
807 1913 911 1998 nimis
935 1915 1167 2029 improprie,
1199 1943 1238 2001 et
1271 1916 1347 2000 hoc
1361 1940 1551 2030 quatenus
1582 1918 1741 2006 eaedem
1755 1950 1840 2009 sunt

388 2032 633 2120 voluntariae.
679 2037 735 2117 Ire
774 2033 1080 2147 Hierosolymam
1134 2032 1263 2140 nulli,
1305 2034 1371 2148 qui
1402 2063 1481 2119 non
1526 2039 1641 2125 vovit
1672 2100 1685 2144 ,
1715 2068 1839 2125 neces-

387 2153 525 2236 satium
551 2180 630 2236 esse
661 2151 777 2255 dicis,
811 2163 849 2236 et
875 2176 973 2236 recte
1005 2149 1106 2236 dicis.
1133 2154 1237 2233 Nam
1253 2179 1378 2266 neque
1411 2152 1573 2240 omnino
1605 2181 1659 2240 est
1676 2185 1832 2243 necmsa·

390 2270 519 2374 rium,
548 2297 618 2353 nec
634 2269 684 2357 ad
710 2270 806 2356 bene
834 2269 1021 2384 beateque
1042 2267 1279 2356 vivendum:
1308 2269 1398 2354 citra
1414 2271 1489 2356 hoc
1516 2274 1620 2357 enim
1645 2298 1766 2387 potest
1778 2272 1836 2360 le·

389 2386 504 2472 licitas
526 2387 773 2505 contingere:
810 2387 876 2473 sed
907 2389 1039 2473 eadem
1065 2385 1210 2472 ratione
1234 2413 1304 2471 nec
1331 2385 1607 2503 virginitatem,
1639 2418 1705 2478 aut
1744 2423 1840 2509 quo·

392 2506 610 2620 quomodo
632 2506 836 2592 castitatem
867 2533 1039 2611 servare,
1069 2503 1237 2619 alioquin
1267 2503 1432 2621 nuptiaej
1452 2507 1724 2596 damnarentur
1748 2541 1760 2594 ι
1788 2537 1841 2597 at·

390 2651 468 2737 que
483 2650 607 2710 cetera
632 2623 769 2710 eodem
801 2622 950 2709 modo.
996 2623 1136 2708 Omnia
1151 2622 1265 2738 igitur
1297 2646 1390 2707 vota
1406 2652 1547 2710 temere
1579 2627 1837 2744 suscipiunmr.

392 2743 513 2827 Porto
528 2768 668 2828 temere
699 2765 865 2855 suscepta
882 2742 982 2827 idem
1016 2770 1087 2856 pro
1112 2738 1222 2824 nullis
1254 2739 1427 2826 ducenda
1459 2771 1535 2828 esse
1552 2744 1782 2832 confirmas:
1797 2776 1840 2833 eu

392 2886 475 2972 quo
491 2858 564 2962 fit,
591 2884 634 2942 ut
658 2860 763 2944 nullo
779 2884 876 2944 voto
905 2857 1020 2972 possit
1048 2859 1247 2972 quisquam
1265 2857 1450 2972 obligari,
1477 2861 1587 2976 quod
1617 2887 1675 2948 est
1702 2864 1838 2981 dogma
1968 2924 1969 2927 κ

394 2977 681 3080 lutheranum,
709 3003 749 3063 et
775 3003 799 3057 a
827 2975 988 3090 pessimis
1014 2975 1225 3091 quibusque
1253 2975 1444 3061 monachis
1471 3002 1509 3062 et
1526 2981 1753 3091 presbyteris
1768 3013 1840 3067 ma·
1948 2995 1949 3088 ᾗ

394 3093 498 3191 ximo
514 3095 645 3212 plausu
677 3106 881 3209 receptum.
912 3096 994 3181 Cur
1017 3122 1110 3210 ergo
1131 3092 1240 3178 Pium
1263 3092 1435 3200 incusas,
1468 3096 1578 3208 quod
1604 3097 1746 3186 talibus
1776 3101 1841 3187 tuis
1948 3104 1949 3119 '

394 3212 503 3299 dictis
526 3210 740 3299 offendatur
756 3220 768 3295 i
1573 3308 1576 3315 Ι

372 3348 375 3351 ’
419 3333 539 3416 'LV.
600 3331 674 3416 Sed
706 3332 875 3445 loquor,
902 3332 1053 3449 inquis,
1073 3331 1122 3418 de
1140 3329 1354 3448 vulgaribus
1383 3332 1495 3419 votis.
1527 3333 1586 3418 At
1617 3333 1744 3423 multa
1766 3338 1835 3423 vul

396 3450 500 3564 garia
528 3473 620 3535 vota
635 3474 760 3535 sancte
792 3475 831 3535 et
845 3451 905 3564 pie
927 3451 1199 3564 suscipiuntur,
1218 3477 1257 3536 et
1273 3449 1348 3535 boc
1362 3451 1482 3564 ipsum
1505 3449 1716 3564 inprimis,
1739 3456 1841 3569 quod

397 3596 469 3679 pro
491 3565 663 3681 exemplo
678 3566 857 3681 posuisti:
884 3568 912 3651 si
926 3568 1008 3683 quis
1032 3568 1202 3653 incensus
1234 3566 1416 3654 desiderio
1432 3598 1477 3653 ea
1505 3567 1589 3658 loca
1619 3571 1780 3657 videndi
1807 3597 1844 3658 et

398 3683 607 3789 adorandi,
636 3686 701 3771 ubi
726 3684 895 3770 Christus
911 3710 1044 3790 natus,
1060 3686 1264 3787 educatus,
1283 3711 1399 3800 atque
1424 3710 1595 3772 mortuus
1611 3711 1699 3793 est,
1724 3715 1769 3775 ut
1783 3719 1842 3805 gc·

397 3829 469 3885 nus
487 3802 696 3888 humanum
714 3803 909 3888 redimeret
927 3841 943 3907 ,·
966 3828 1109 3889 voveat
1135 3804 1186 3887 ire
1215 3802 1519 3918 Hierosolymam
1536 3866 1549 3911 ,
1575 3803 1685 3889 nullo
1702 3804 1843 3915 officio,

398 3919 507 4033 quod
523 3946 706 4033 praestare
724 3920 1075 4034 cuiquamdebeat,
1107 3913 1171 4006 tali
1185 3944 1281 4007 voto
1298 3918 1522 4038 refragante.
1556 3923 1684 4019 Quod
1710 3950 1842 4011 vottsm

399 4061 478 4123 tarn
501 4065 673 4125 sanctum
701 4067 777 4125 esse
808 4038 1009 4125 voluerunt
1040 4036 1197 4148 majores
1222 4038 1365 4143 nostri,
1391 4040 1580 4153 sanctique
1610 4066 1771 4154 patres,
1803 4070 1845 4129 ut

400 4156 477 4267 ejus
508 4184 595 4242 cum
628 4155 848 4271 paucissimis
874 4156 1136 4241 relaxationem
1170 4154 1237 4239 soli
1265 4155 1436 4241 Pontifici
1467 4158 1631 4241 maximo
1659 4160 1847 4246 Ecclesiae
1945 4210 1947 4212 v

403 4272 555 4358 decreto
579 4275 789 4360 detulerint.
818 4274 854 4358 Si
871 4275 946 4360 hoc
971 4273 1085 4390 igitur
1107 4284 1268 4375 vot'um,
1300 4272 1390 4357 nihil
1417 4274 1554 4362 veritus
1580 4278 1847 4365 auctoritatem
1948 4292 1950 4371 ᾗ

402 4391 610 4497 Ecclesiae,
640 4418 779 4479 temere
811 4393 940 4507 suscipi
956 4390 1150 4477 constituis
1182 4413 1422 4503 ,propterea
1450 4391 1560 4507 quod
1592 4421 1677 4478 non
1705 4396 1752 4483 sit
1785 4426 1849 4483 ne·

401 4509 623 4610 cessarium,
646 4511 868 4624 acproinde
892 4510 1111 4597 habendum
1127 4535 1204 4594 esse
1235 4536 1306 4620 pro
1322 4509 1456 4611 null03
1481 4510 1643 4624 quidde
1666 4512 1747 4600 aliis
1777 4547 1848 4630 pu·

400 4630 561 4716 tandum
578 4649 634 4713 est
651 4657 777 4742 ,quae
793 4690 805 4733 ,
821 4654 1054 4742 quamquam
1062 4628 1141 4716 =sint
1165 4626 1225 4740 pia
1241 4649 1279 4710 et
1296 4653 1422 4712 sanem
1440 4689 1452 4731 ,
1482 4628 1605 4712 minus
1619 4656 1753 4718 tamen
1769 4665 1843 4750 gra·

400 4746 519 4832 vitatis
546 4748 713 4830 babent?
745 4747 817 4831 Sed
834 4746 989 4850 melius,
1013 4746 1160 4858 inquis,
1190 4744 1343 4857 vestigia
1361 4745 1497 4830 Christi
1513 4746 1552 4828 in
1569 4747 1704 4834 litteris
1721 4758 1839 4838 Evan-

395 4866 521 4979 gelicis'
541 4865 720 4955 visuntur.
753 4869 899 4953 fucos
929 4862 1008 4954 Sed
1038 4893 1106 4954 eur
1134 4863 1190 4951 bis
1215 4864 1317 4977 piam,
1331 4862 1564 4980 diligentiam
1589 4864 1839 4971 invideamus,

1778 5015 1843 5106 qut
