<?xml version="1.0" encoding="UTF-8"?>
<!DOCTYPE html PUBLIC "-//W3C//DTD XHTML 1.0 Transitional//EN"
    "http://www.w3.org/TR/xhtml1/DTD/xhtml1-transitional.dtd">
<html xmlns="http://www.w3.org/1999/xhtml" xml:lang="en" lang="en">
 <head>
  <title>
</title>
<meta http-equiv="Content-Type" content="text/html;charset=utf-8" />
  <meta name='ocr-system' content='tesseract 3.04.00' />
  <meta name='ocr-capabilities' content='ocr_page ocr_carea ocr_par ocr_line ocrx_word'/>
</head>
<body>
  <div class='ocr_page' id='page_1' title='image "./joannisgenesiis01sepgoog/joannisgenesiis01sepgoog_0119.png"; bbox 0 0 4140 5872; ppageno 0'>
   <div class='ocr_carea' id='block_1_1' title="bbox 195 414 1544 517">
    <p class='ocr_par' dir='ltr' id='par_1_1' title="bbox 195 414 1544 517">
     <span class='ocr_line' id='line_1_1' title="bbox 195 414 1544 517; baseline -0.012 -18"><span class='ocrx_word' id='word_1_1' title='bbox 195 488 199 517; x_wconf 82' lang='lat'>,</span> <span class='ocrx_word' id='word_1_2' title='bbox 287 425 360 498; x_wconf 88' lang='lat' dir='ltr'>DE</span> <span class='ocrx_word' id='word_1_3' title='bbox 382 417 598 498; x_wconf 84' lang='lat' dir='ltr'>REGNO</span> <span class='ocrx_word' id='word_1_4' title='bbox 630 419 708 496; x_wconf 81' lang='lat' dir='ltr'>ET</span> <span class='ocrx_word' id='word_1_5' title='bbox 740 415 927 498; x_wconf 85' lang='lat' dir='ltr'>REGIS</span> <span class='ocrx_word' id='word_1_6' title='bbox 958 415 1214 490; x_wconf 85' lang='lat' dir='ltr'>OFFICIO</span> <span class='ocrx_word' id='word_1_7' title='bbox 1241 414 1345 490; x_wconf 75' lang='lat'>[113</span> <span class='ocrx_word' id='word_1_8' title='bbox 1369 417 1398 485; x_wconf 84' lang='lat'>1</span> <span class='ocrx_word' id='word_1_9' title='bbox 1482 437 1544 509; x_wconf 81' lang='lat'>¹¹3</span> 
     </span>
    </p>
   </div>
   <div class='ocr_carea' id='block_1_2' title="bbox 126 546 1770 4466">
    <p class='ocr_par' dir='ltr' id='par_1_2' title="bbox 127 546 1764 1141">
     <span class='ocr_line' id='line_1_2' title="bbox 129 546 1764 682; baseline -0.001 -45"><span class='ocrx_word' id='word_1_10' title='bbox 129 581 246 671; x_wconf 90' lang='lat' dir='ltr'>quam</span> <span class='ocrx_word' id='word_1_11' title='bbox 273 548 613 666; x_wconf 82' lang='lat' dir='ltr'>contemplantium</span> <span class='ocrx_word' id='word_1_12' title='bbox 642 549 740 652; x_wconf 89' lang='lat' dir='ltr'>vita,</span> <span class='ocrx_word' id='word_1_13' title='bbox 766 569 922 632; x_wconf 89' lang='lat' dir='ltr'>auctore</span> <span class='ocrx_word' id='word_1_14' title='bbox 948 546 1164 663; x_wconf 89' lang='lat' dir='ltr'>Gregorio,</span> <span class='ocrx_word' id='word_1_15' title='bbox 1190 549 1255 664; x_wconf 94' lang='lat' dir='ltr'>qui</span> <span class='ocrx_word' id='word_1_16' title='bbox 1283 550 1322 634; x_wconf 95' lang='lat' dir='ltr'>in</span> <span class='ocrx_word' id='word_1_17' title='bbox 1345 547 1441 634; x_wconf 87' lang='lat' dir='ltr'>libro</span> <span class='ocrx_word' id='word_1_18' title='bbox 1467 574 1572 636; x_wconf 86' lang='lat' dir='ltr'>sexto</span> <span class='ocrx_word' id='word_1_19' title='bbox 1589 568 1764 682; x_wconf 67' lang='lat' dir='ltr'>nevittactij</span> 
     </span>
     <span class='ocr_line' id='line_1_3' title="bbox 130 645 1734 803; baseline 0 -50"><span class='ocrx_word' id='word_1_20' title='bbox 130 675 273 755; x_wconf 77' lang='lat' dir='ltr'>Mora!</span> <span class='ocrx_word' id='word_1_21' title='bbox 257 699 333 754; x_wconf 83' lang='lat' dir='ltr'>zum</span> <span class='ocrx_word' id='word_1_22' title='bbox 346 698 393 755; x_wconf 85' lang='lat' dir='ltr'>ex</span> <span class='ocrx_word' id='word_1_23' title='bbox 408 669 555 755; x_wconf 90' lang='lat' dir='ltr'>duabus</span> <span class='ocrx_word' id='word_1_24' title='bbox 579 667 764 752; x_wconf 89' lang='lat' dir='ltr'>sororibus</span> <span class='ocrx_word' id='word_1_25' title='bbox 787 665 875 753; x_wconf 88' lang='lat' dir='ltr'>Liae</span> <span class='ocrx_word' id='word_1_26' title='bbox 892 665 1022 778; x_wconf 60' lang='lat' dir='ltr'>majori</span> <span class='ocrx_word' id='word_1_27' title='bbox 1050 690 1143 751; x_wconf 91' lang='lat' dir='ltr'>natu</span> <span class='ocrx_word' id='word_1_28' title='bbox 1168 665 1287 782; x_wconf 89' lang='lat' dir='ltr'>lippae</span> <span class='ocrx_word' id='word_1_29' title='bbox 1310 645 1734 803; x_wconf 62' lang='lat' dir='ltr'>qudep,sed53bepil;t1va</span> 
     </span>
     <span class='ocr_line' id='line_1_4' title="bbox 128 699 1761 921; baseline -0.001 -47"><span class='ocrx_word' id='word_1_30' title='bbox 128 786 310 874; x_wconf 80' lang='lat' dir='ltr'>fecundae</span> <span class='ocrx_word' id='word_1_31' title='bbox 342 788 461 875; x_wconf 90' lang='lat' dir='ltr'>vitam</span> <span class='ocrx_word' id='word_1_32' title='bbox 494 784 685 889; x_wconf 84' lang='lat' dir='ltr'>activam,</span> <span class='ocrx_word' id='word_1_33' title='bbox 712 781 866 868; x_wconf 90' lang='lat' dir='ltr'>Racheli</span> <span class='ocrx_word' id='word_1_34' title='bbox 893 812 987 891; x_wconf 88' lang='lat' dir='ltr'>vero</span> <span class='ocrx_word' id='word_1_35' title='bbox 1022 699 1243 898; x_wconf 71' lang='lat' dir='ltr'>pulchraepp,</span> <span class='ocrx_word' id='word_1_36' title='bbox 1248 786 1314 871; x_wconf 91' lang='lat' dir='ltr'>sed</span> <span class='ocrx_word' id='word_1_37' title='bbox 1337 786 1447 872; x_wconf 89' lang='lat' dir='ltr'>sterili</span> <span class='ocrx_word' id='word_1_38' title='bbox 1474 816 1565 874; x_wconf 89' lang='lat' dir='ltr'>con·</span> <span class='ocrx_word' id='word_1_39' title='bbox 1584 767 1668 872; x_wconf 69' lang='lat' dir='ltr'>eluto</span> <span class='ocrx_word' id='word_1_40' title='bbox 1613 755 1744 921; x_wconf 45' lang='lat' dir='ltr'>did}</span> <span class='ocrx_word' id='word_1_41' title='bbox 1708 755 1761 800; x_wconf 47' lang='grc' dir='ltr'>ψ’</span> 
     </span>
     <span class='ocr_line' id='line_1_5' title="bbox 126 883 1695 1041; baseline 0 -49"><span class='ocrx_word' id='word_1_42' title='bbox 126 905 392 1041; x_wconf 86' lang='lat' dir='ltr'>templantium</span> <span class='ocrx_word' id='word_1_43' title='bbox 422 904 575 989; x_wconf 84' lang='lat' dir='ltr'>similem</span> <span class='ocrx_word' id='word_1_44' title='bbox 604 931 681 989; x_wconf 90' lang='lat' dir='ltr'>esse</span> <span class='ocrx_word' id='word_1_45' title='bbox 711 901 844 987; x_wconf 84' lang='lat' dir='ltr'>tradit</span> <span class='ocrx_word' id='word_1_46' title='bbox 870 902 961 987; x_wconf 95' lang='lat' dir='ltr'>Ut</span> <span class='ocrx_word' id='word_1_47' title='bbox 951 900 1064 1036; x_wconf 82' lang='lat' dir='ltr'>igitur</span> <span class='ocrx_word' id='word_1_48' title='bbox 1091 931 1165 1036; x_wconf 85' lang='lat' dir='ltr'>pax</span> <span class='ocrx_word' id='word_1_49' title='bbox 1195 902 1326 1011; x_wconf 91' lang='lat' dir='ltr'>bello,</span> <span class='ocrx_word' id='word_1_50' title='bbox 1357 905 1479 990; x_wconf 91' lang='lat' dir='ltr'>otium</span> <span class='ocrx_word' id='word_1_51' title='bbox 1502 937 1569 993; x_wconf 90' lang='lat' dir='ltr'>ne</span> <span class='ocrx_word' id='word_1_52' title='bbox 1582 886 1639 934; x_wconf 68' lang='lat'>‘⁸¹&#39;</span> <span class='ocrx_word' id='word_1_53' title='bbox 1685 883 1695 921; x_wconf 76' lang='lat'><strong>¹</strong></span> 
     </span>
     <span class='ocr_line' id='line_1_6' title="bbox 130 1019 1567 1160; baseline 0.001 -48"><span class='ocrx_word' id='word_1_54' title='bbox 130 1028 240 1141; x_wconf 89' lang='lat' dir='ltr'>gotio</span> <span class='ocrx_word' id='word_1_55' title='bbox 271 1047 471 1160; x_wconf 75' lang='lat' dir='ltr'>praestat,</span> <span class='ocrx_word' id='word_1_56' title='bbox 501 1051 590 1106; x_wconf 93' lang='lat' dir='ltr'>nam</span> <span class='ocrx_word' id='word_1_57' title='bbox 619 1019 757 1106; x_wconf 90' lang='lat' dir='ltr'>bellum</span> <span class='ocrx_word' id='word_1_58' title='bbox 791 1043 830 1105; x_wconf 88' lang='lat' dir='ltr'>et</span> <span class='ocrx_word' id='word_1_59' title='bbox 860 1020 1014 1137; x_wconf 89' lang='lat' dir='ltr'>negotia</span> <span class='ocrx_word' id='word_1_60' title='bbox 1040 1020 1233 1137; x_wconf 85' lang='lat' dir='ltr'>gerimus,</span> <span class='ocrx_word' id='word_1_61' title='bbox 1264 1046 1308 1107; x_wconf 92' lang='lat' dir='ltr'>ut</span> <span class='ocrx_word' id='word_1_62' title='bbox 1345 1024 1384 1105; x_wconf 93' lang='lat' dir='ltr'>in</span> <span class='ocrx_word' id='word_1_63' title='bbox 1404 1052 1504 1156; x_wconf 85' lang='lat' dir='ltr'>pace</span> <span class='ocrx_word' id='word_1_64' title='bbox 1527 1050 1567 1114; x_wconf 89' lang='grc' dir='ltr'>ιι</span> 
     </span>
    </p>

    <p class='ocr_par' dir='ltr' id='par_1_3' title="bbox 129 1137 1566 1277">
     <span class='ocr_line' id='line_1_7' title="bbox 129 1137 1566 1277; baseline 0 -49"><span class='ocrx_word' id='word_1_65' title='bbox 129 1143 214 1229; x_wconf 94' lang='lat' dir='ltr'>otio</span> <span class='ocrx_word' id='word_1_66' title='bbox 244 1145 443 1230; x_wconf 88' lang='lat' dir='ltr'>vivamus:</span> <span class='ocrx_word' id='word_1_67' title='bbox 473 1140 523 1226; x_wconf 90' lang='lat' dir='ltr'>sic</span> <span class='ocrx_word' id='word_1_68' title='bbox 553 1137 889 1252; x_wconf 79' lang='lat' dir='ltr'>contemplantium</span> <span class='ocrx_word' id='word_1_69' title='bbox 918 1138 1024 1242; x_wconf 90' lang='lat' dir='ltr'>vita,</span> <span class='ocrx_word' id='word_1_70' title='bbox 1056 1167 1172 1253; x_wconf 89' lang='lat' dir='ltr'>quam</span> <span class='ocrx_word' id='word_1_71' title='bbox 1198 1168 1254 1224; x_wconf 92' lang='lat' dir='ltr'>res</span> <span class='ocrx_word' id='word_1_72' title='bbox 1271 1140 1479 1257; x_wconf 91' lang='lat' dir='ltr'>gerentium</span> <span class='ocrx_word' id='word_1_73' title='bbox 1495 1174 1566 1277; x_wconf 84' lang='lat' dir='ltr'>po-</span> 
     </span>
    </p>

    <p class='ocr_par' dir='ltr' id='par_1_4' title="bbox 130 1254 1570 2200">
     <span class='ocr_line' id='line_1_8' title="bbox 130 1254 1568 1375; baseline 0.001 -29"><span class='ocrx_word' id='word_1_74' title='bbox 130 1261 208 1347; x_wconf 90' lang='lat' dir='ltr'>tior</span> <span class='ocrx_word' id='word_1_75' title='bbox 236 1286 292 1348; x_wconf 86' lang='lat' dir='ltr'>est</span> <span class='ocrx_word' id='word_1_76' title='bbox 322 1283 361 1346; x_wconf 90' lang='lat' dir='ltr'>et</span> <span class='ocrx_word' id='word_1_77' title='bbox 393 1258 503 1374; x_wconf 91' lang='lat' dir='ltr'>pluris</span> <span class='ocrx_word' id='word_1_78' title='bbox 529 1255 734 1344; x_wconf 88' lang='lat' dir='ltr'>facienda</span> <span class='ocrx_word' id='word_1_79' title='bbox 764 1259 944 1342; x_wconf 72' lang='lat' dir='ltr'>(leterurn</span> <span class='ocrx_word' id='word_1_80' title='bbox 976 1254 1043 1372; x_wconf 93' lang='lat' dir='ltr'>qui</span> <span class='ocrx_word' id='word_1_81' title='bbox 1076 1256 1212 1342; x_wconf 90' lang='lat' dir='ltr'>bella</span> <span class='ocrx_word' id='word_1_82' title='bbox 1202 1281 1297 1370; x_wconf 61' lang='lat' dir='ltr'>justa</span> <span class='ocrx_word' id='word_1_83' title='bbox 1324 1288 1395 1374; x_wconf 94' lang='lat' dir='ltr'>pro</span> <span class='ocrx_word' id='word_1_84' title='bbox 1425 1261 1568 1375; x_wconf 89' lang='lat' dir='ltr'>patriae</span> 
     </span>
     <span class='ocr_line' id='line_1_9' title="bbox 131 1372 1567 1494; baseline -0.001 -30"><span class='ocrx_word' id='word_1_85' title='bbox 131 1377 254 1465; x_wconf 85' lang='lat' dir='ltr'>salute</span> <span class='ocrx_word' id='word_1_86' title='bbox 281 1401 320 1464; x_wconf 90' lang='lat' dir='ltr'>et</span> <span class='ocrx_word' id='word_1_87' title='bbox 350 1376 545 1482; x_wconf 87' lang='lat' dir='ltr'>lbertate,</span> <span class='ocrx_word' id='word_1_88' title='bbox 574 1375 781 1460; x_wconf 86' lang='lat' dir='ltr'>autetiam</span> <span class='ocrx_word' id='word_1_89' title='bbox 813 1403 885 1490; x_wconf 91' lang='lat' dir='ltr'>pto</span> <span class='ocrx_word' id='word_1_90' title='bbox 916 1372 1094 1490; x_wconf 85' lang='lat' dir='ltr'>religione</span> <span class='ocrx_word' id='word_1_91' title='bbox 1129 1398 1279 1461; x_wconf 89' lang='lat' dir='ltr'>strenue</span> <span class='ocrx_word' id='word_1_92' title='bbox 1314 1402 1476 1493; x_wconf 87' lang='lat' dir='ltr'>gerunt,</span> <span class='ocrx_word' id='word_1_93' title='bbox 1502 1409 1567 1494; x_wconf 90' lang='lat' dir='ltr'>pe·</span> 
     </span>
     <span class='ocr_line' id='line_1_10' title="bbox 131 1491 1568 1611; baseline 0.001 -31"><span class='ocrx_word' id='word_1_94' title='bbox 131 1494 254 1582; x_wconf 76' lang='lat' dir='ltr'>riualis</span> <span class='ocrx_word' id='word_1_95' title='bbox 286 1493 484 1609; x_wconf 90' lang='lat' dir='ltr'>multisque</span> <span class='ocrx_word' id='word_1_96' title='bbox 524 1493 673 1579; x_wconf 89' lang='lat' dir='ltr'>miseriis</span> <span class='ocrx_word' id='word_1_97' title='bbox 713 1491 919 1578; x_wconf 84' lang='lat' dir='ltr'>subeundis</span> <span class='ocrx_word' id='word_1_98' title='bbox 944 1491 1026 1606; x_wconf 92' lang='lat' dir='ltr'>plus</span> <span class='ocrx_word' id='word_1_99' title='bbox 1056 1491 1175 1579; x_wconf 90' lang='lat' dir='ltr'>laudis</span> <span class='ocrx_word' id='word_1_100' title='bbox 1198 1517 1238 1579; x_wconf 89' lang='lat' dir='ltr'>et</span> <span class='ocrx_word' id='word_1_101' title='bbox 1278 1495 1419 1611; x_wconf 88' lang='lat' dir='ltr'>gratiae</span> <span class='ocrx_word' id='word_1_102' title='bbox 1443 1526 1467 1581; x_wconf 94' lang='lat' dir='ltr'>a</span> <span class='ocrx_word' id='word_1_103' title='bbox 1495 1527 1568 1583; x_wconf 91' lang='lat' dir='ltr'>suo</span> 
     </span>
     <span class='ocr_line' id='line_1_11' title="bbox 134 1608 1568 1746; baseline 0.003 -50"><span class='ocrx_word' id='word_1_104' title='bbox 134 1612 300 1728; x_wconf 91' lang='lat' dir='ltr'>principe</span> <span class='ocrx_word' id='word_1_105' title='bbox 322 1608 449 1697; x_wconf 89' lang='lat' dir='ltr'>fenmt</span> <span class='ocrx_word' id='word_1_106' title='bbox 465 1673 478 1718; x_wconf 97' lang='lat'>,</span> <span class='ocrx_word' id='word_1_107' title='bbox 493 1640 612 1727; x_wconf 89' lang='lat' dir='ltr'>quam</span> <span class='ocrx_word' id='word_1_108' title='bbox 640 1610 708 1746; x_wconf 92' lang='lat' dir='ltr'>qui</span> <span class='ocrx_word' id='word_1_109' title='bbox 737 1639 830 1726; x_wconf 91' lang='lat' dir='ltr'>pace</span> <span class='ocrx_word' id='word_1_110' title='bbox 856 1609 1017 1725; x_wconf 90' lang='lat' dir='ltr'>otioque</span> <span class='ocrx_word' id='word_1_111' title='bbox 1040 1609 1152 1695; x_wconf 86' lang='lat' dir='ltr'>etiam</span> <span class='ocrx_word' id='word_1_112' title='bbox 1175 1609 1342 1697; x_wconf 92' lang='lat' dir='ltr'>honesto</span> <span class='ocrx_word' id='word_1_113' title='bbox 1372 1609 1568 1701; x_wconf 85' lang='lat' dir='ltr'>fruuntur.</span> 
     </span>
     <span class='ocr_line' id='line_1_12' title="bbox 132 1726 1569 1845; baseline 0.002 -30"><span class='ocrx_word' id='word_1_114' title='bbox 132 1731 274 1816; x_wconf 88' lang='lat' dir='ltr'>Utrum</span> <span class='ocrx_word' id='word_1_115' title='bbox 298 1759 392 1819; x_wconf 92' lang='lat' dir='ltr'>vero</span> <span class='ocrx_word' id='word_1_116' title='bbox 422 1728 557 1814; x_wconf 90' lang='lat' dir='ltr'>eadem</span> <span class='ocrx_word' id='word_1_117' title='bbox 586 1730 764 1833; x_wconf 90' lang='lat' dir='ltr'>ratione,</span> <span class='ocrx_word' id='word_1_118' title='bbox 793 1726 925 1844; x_wconf 91' lang='lat' dir='ltr'>quiin</span> <span class='ocrx_word' id='word_1_119' title='bbox 956 1728 1068 1812; x_wconf 85' lang='lat' dir='ltr'>robus</span> <span class='ocrx_word' id='word_1_120' title='bbox 1098 1728 1281 1845; x_wconf 86' lang='lat' dir='ltr'>agendis,</span> <span class='ocrx_word' id='word_1_121' title='bbox 1311 1756 1351 1816; x_wconf 90' lang='lat' dir='ltr'>et</span> <span class='ocrx_word' id='word_1_122' title='bbox 1369 1731 1569 1818; x_wconf 88' lang='lat' dir='ltr'>virtutibus</span> 
     </span>
     <span class='ocr_line' id='line_1_13' title="bbox 133 1845 1570 1982; baseline 0 -49"><span class='ocrx_word' id='word_1_123' title='bbox 133 1876 289 1934; x_wconf 91' lang='lat' dir='ltr'>morum</span> <span class='ocrx_word' id='word_1_124' title='bbox 326 1869 549 1952; x_wconf 85' lang='lat' dir='ltr'>versantur,</span> <span class='ocrx_word' id='word_1_125' title='bbox 577 1875 693 1982; x_wconf 81' lang='lat' dir='ltr'>quam</span> <span class='ocrx_word' id='word_1_126' title='bbox 721 1845 787 1961; x_wconf 95' lang='lat' dir='ltr'>qui</span> <span class='ocrx_word' id='word_1_127' title='bbox 825 1846 1135 1960; x_wconf 88' lang='lat' dir='ltr'>contemplationi</span> <span class='ocrx_word' id='word_1_128' title='bbox 1168 1869 1338 1953; x_wconf 89' lang='lat' dir='ltr'>vacant,</span> <span class='ocrx_word' id='word_1_129' title='bbox 1360 1865 1400 1935; x_wconf 85' lang='lat' dir='ltr'>¹et</span> <span class='ocrx_word' id='word_1_130' title='bbox 1436 1849 1570 1936; x_wconf 84' lang='lat' dir='ltr'>intelli-</span> 
     </span>
     <span class='ocr_line' id='line_1_14' title="bbox 135 1963 1570 2082; baseline 0.002 -31"><span class='ocrx_word' id='word_1_131' title='bbox 135 1966 287 2082; x_wconf 89' lang='lat' dir='ltr'>gentiae</span> <span class='ocrx_word' id='word_1_132' title='bbox 307 1963 502 2051; x_wconf 92' lang='lat' dir='ltr'>virtutibus</span> <span class='ocrx_word' id='word_1_133' title='bbox 534 1965 729 2068; x_wconf 89' lang='lat' dir='ltr'>serviunt,</span> <span class='ocrx_word' id='word_1_134' title='bbox 758 1963 840 2078; x_wconf 91' lang='lat' dir='ltr'>plus</span> <span class='ocrx_word' id='word_1_135' title='bbox 871 1987 1084 2051; x_wconf 85' lang='lat' dir='ltr'>mereantur</span> <span class='ocrx_word' id='word_1_136' title='bbox 1108 1965 1211 2080; x_wconf 92' lang='lat' dir='ltr'>apud</span> <span class='ocrx_word' id='word_1_137' title='bbox 1227 1971 1381 2074; x_wconf 90' lang='lat' dir='ltr'>Deum,</span> <span class='ocrx_word' id='word_1_138' title='bbox 1408 1966 1570 2054; x_wconf 88' lang='lat' dir='ltr'>viderint</span> 
     </span>
     <span class='ocr_line' id='line_1_15' title="bbox 137 2027 1570 2217; baseline 0.003 -48"><span class='ocrx_word' id='word_1_139' title='bbox 137 2084 353 2186; x_wconf 89' lang='lat' dir='ltr'>doctiores,</span> <span class='ocrx_word' id='word_1_140' title='bbox 376 2109 453 2199; x_wconf 92' lang='lat' dir='ltr'>ego</span> <span class='ocrx_word' id='word_1_141' title='bbox 481 2109 560 2167; x_wconf 91' lang='lat' dir='ltr'>rem</span> <span class='ocrx_word' id='word_1_142' title='bbox 591 2081 630 2166; x_wconf 95' lang='lat' dir='ltr'>in</span> <span class='ocrx_word' id='word_1_143' title='bbox 664 2079 791 2167; x_wconf 91' lang='lat' dir='ltr'>medio</span> <span class='ocrx_word' id='word_1_144' title='bbox 820 2080 1019 2217; x_wconf 86' lang='lat' dir='ltr'>relinquo.</span> <span class='ocrx_word' id='word_1_145' title='bbox 1057 2027 1381 2199; x_wconf 78' lang='lat' dir='ltr'>contemplantes</span> <span class='ocrx_word' id='word_1_146' title='bbox 1395 2084 1497 2169; x_wconf 88' lang='lat' dir='ltr'>enim</span> <span class='ocrx_word' id='word_1_147' title='bbox 1527 2087 1570 2173; x_wconf 93' lang='lat' dir='ltr'>in</span> 
     </span>
    </p>

    <p class='ocr_par' dir='ltr' id='par_1_5' title="bbox 134 2192 1571 2317">
     <span class='ocr_line' id='line_1_16' title="bbox 134 2192 1571 2317; baseline 0.002 -31"><span class='ocrx_word' id='word_1_148' title='bbox 134 2200 221 2286; x_wconf 89' lang='lat' dir='ltr'>otio</span> <span class='ocrx_word' id='word_1_149' title='bbox 244 2224 285 2287; x_wconf 91' lang='lat' dir='ltr'>et</span> <span class='ocrx_word' id='word_1_150' title='bbox 309 2200 445 2286; x_wconf 88' lang='lat' dir='ltr'>umbra</span> <span class='ocrx_word' id='word_1_151' title='bbox 464 2192 536 2285; x_wconf 86' lang='lat' dir='ltr'>frui</span> <span class='ocrx_word' id='word_1_152' title='bbox 565 2199 680 2317; x_wconf 88' lang='lat' dir='ltr'>magis</span> <span class='ocrx_word' id='word_1_153' title='bbox 706 2198 849 2287; x_wconf 88' lang='lat' dir='ltr'>virtutis</span> <span class='ocrx_word' id='word_1_154' title='bbox 881 2201 1048 2314; x_wconf 89' lang='lat' dir='ltr'>praemio</span> <span class='ocrx_word' id='word_1_155' title='bbox 1077 2201 1254 2289; x_wconf 88' lang='lat' dir='ltr'>videntur</span> <span class='ocrx_word' id='word_1_156' title='bbox 1277 2201 1424 2316; x_wconf 92' lang='lat' dir='ltr'>q,uod</span> <span class='ocrx_word' id='word_1_157' title='bbox 1452 2205 1571 2314; x_wconf 82' lang='lat' dir='ltr'>majus</span> 
     </span>
    </p>

    <p class='ocr_par' dir='ltr' id='par_1_6' title="bbox 137 2260 1572 2668">
     <span class='ocr_line' id='line_1_17' title="bbox 137 2260 1572 2453; baseline 0.002 -49"><span class='ocrx_word' id='word_1_158' title='bbox 137 2341 196 2404; x_wconf 88' lang='lat' dir='ltr'>est</span> <span class='ocrx_word' id='word_1_159' title='bbox 223 2341 263 2405; x_wconf 87' lang='lat' dir='ltr'>et</span> <span class='ocrx_word' id='word_1_160' title='bbox 291 2316 517 2433; x_wconf 89' lang='lat' dir='ltr'>optabilius,</span> <span class='ocrx_word' id='word_1_161' title='bbox 537 2344 655 2453; x_wconf 77' lang='lat' dir='ltr'>quam</span> <span class='ocrx_word' id='word_1_162' title='bbox 680 2316 887 2452; x_wconf 79' lang='lat' dir='ltr'>praemium</span> <span class='ocrx_word' id='word_1_163' title='bbox 913 2316 1067 2404; x_wconf 88' lang='lat' dir='ltr'>mereri</span> <span class='ocrx_word' id='word_1_164' title='bbox 1097 2323 1202 2404; x_wconf 91' lang='lat' dir='ltr'>Nam</span> <span class='ocrx_word' id='word_1_165' title='bbox 1230 2260 1340 2434; x_wconf 79' lang='lat' dir='ltr'>qubd</span> <span class='ocrx_word' id='word_1_166' title='bbox 1362 2324 1572 2437; x_wconf 86' lang='lat' dir='ltr'>Gregorius</span> 
     </span>
     <span class='ocr_line' id='line_1_18' title="bbox 139 2433 1573 2576; baseline 0.003 -55"><span class='ocrx_word' id='word_1_167' title='bbox 139 2433 243 2522; x_wconf 91' lang='lat' dir='ltr'>idem</span> <span class='ocrx_word' id='word_1_168' title='bbox 275 2464 415 2554; x_wconf 86' lang='lat' dir='ltr'>magna</span> <span class='ocrx_word' id='word_1_169' title='bbox 439 2462 517 2523; x_wconf 88' lang='lat' dir='ltr'>esse</span> <span class='ocrx_word' id='word_1_170' title='bbox 550 2435 638 2523; x_wconf 87' lang='lat' dir='ltr'>dicit</span> <span class='ocrx_word' id='word_1_171' title='bbox 671 2434 771 2522; x_wconf 90' lang='lat' dir='ltr'>vitae</span> <span class='ocrx_word' id='word_1_172' title='bbox 798 2435 942 2522; x_wconf 85' lang='lat' dir='ltr'>activae</span> <span class='ocrx_word' id='word_1_173' title='bbox 969 2435 1127 2542; x_wconf 89' lang='lat' dir='ltr'>merita,</span> <span class='ocrx_word' id='word_1_174' title='bbox 1159 2437 1225 2521; x_wconf 90' lang='lat' dir='ltr'>sed</span> <span class='ocrx_word' id='word_1_175' title='bbox 1252 2437 1573 2576; x_wconf 84' lang='lat' dir='ltr'>contemplativae</span> 
     </span>
     <span class='ocr_line' id='line_1_19' title="bbox 140 2552 1569 2688; baseline 0.001 -48"><span class='ocrx_word' id='word_1_176' title='bbox 140 2553 320 2687; x_wconf 82' lang='lat' dir='ltr'>potiora,</span> <span class='ocrx_word' id='word_1_177' title='bbox 347 2566 387 2641; x_wconf 83' lang='lat' dir='ltr'>et</span> <span class='ocrx_word' id='word_1_178' title='bbox 409 2555 543 2641; x_wconf 88' lang='lat' dir='ltr'>merito</span> <span class='ocrx_word' id='word_1_179' title='bbox 570 2554 748 2667; x_wconf 79' lang='lat' dir='ltr'>majorem</span> <span class='ocrx_word' id='word_1_180' title='bbox 771 2581 848 2640; x_wconf 88' lang='lat' dir='ltr'>esse</span> <span class='ocrx_word' id='word_1_181' title='bbox 875 2552 1261 2688; x_wconf 84' lang='lat' dir='ltr'>contemplativam·</span> <span class='ocrx_word' id='word_1_182' title='bbox 1223 2612 1234 2656; x_wconf 92' lang='lat'>,</span> <span class='ocrx_word' id='word_1_183' title='bbox 1251 2584 1291 2639; x_wconf 88' lang='grc' dir='ltr'>ιιι</span> <span class='ocrx_word' id='word_1_184' title='bbox 1311 2582 1396 2640; x_wconf 86' lang='lat' dir='ltr'>eam</span> <span class='ocrx_word' id='word_1_185' title='bbox 1426 2580 1569 2642; x_wconf 91' lang='lat' dir='ltr'>senten·</span> 
     </span>
    </p>

    <p class='ocr_par' dir='ltr' id='par_1_7' title="bbox 141 2669 1570 3026">
     <span class='ocr_line' id='line_1_20' title="bbox 141 2669 1570 2788; baseline 0.003 -32"><span class='ocrx_word' id='word_1_186' title='bbox 141 2669 234 2756; x_wconf 88' lang='lat' dir='ltr'>tiam</span> <span class='ocrx_word' id='word_1_187' title='bbox 267 2670 410 2758; x_wconf 90' lang='lat' dir='ltr'>dictum</span> <span class='ocrx_word' id='word_1_188' title='bbox 435 2701 512 2759; x_wconf 89' lang='lat' dir='ltr'>esse</span> <span class='ocrx_word' id='word_1_189' title='bbox 532 2670 649 2758; x_wconf 89' lang='lat' dir='ltr'>videri</span> <span class='ocrx_word' id='word_1_190' title='bbox 676 2695 829 2786; x_wconf 90' lang='lat' dir='ltr'>potest,</span> <span class='ocrx_word' id='word_1_191' title='bbox 845 2697 890 2757; x_wconf 96' lang='lat' dir='ltr'>ut</span> <span class='ocrx_word' id='word_1_192' title='bbox 915 2670 1078 2777; x_wconf 90' lang='lat' dir='ltr'>merito,</span> <span class='ocrx_word' id='word_1_193' title='bbox 1092 2670 1133 2757; x_wconf 89' lang='lat' dir='ltr'>id</span> <span class='ocrx_word' id='word_1_194' title='bbox 1158 2694 1237 2776; x_wconf 90' lang='lat' dir='ltr'>est,</span> <span class='ocrx_word' id='word_1_195' title='bbox 1269 2670 1452 2788; x_wconf 88' lang='lat' dir='ltr'>dignitate</span> <span class='ocrx_word' id='word_1_196' title='bbox 1477 2703 1570 2761; x_wconf 93' lang='lat' dir='ltr'>con·</span> 
     </span>
     <span class='ocr_line' id='line_1_21' title="bbox 142 2787 1568 2926; baseline 0.004 -52"><span class='ocrx_word' id='word_1_197' title='bbox 142 2787 337 2904; x_wconf 86' lang='lat' dir='ltr'>templario</span> <span class='ocrx_word' id='word_1_198' title='bbox 366 2789 492 2906; x_wconf 91' lang='lat' dir='ltr'>potior</span> <span class='ocrx_word' id='word_1_199' title='bbox 514 2817 594 2876; x_wconf 81' lang='lat' dir='ltr'>esse</span> <span class='ocrx_word' id='word_1_200' title='bbox 622 2788 874 2926; x_wconf 81' lang='lat' dir='ltr'>intelliganu,</span> <span class='ocrx_word' id='word_1_201' title='bbox 898 2816 980 2876; x_wconf 93' lang='lat' dir='ltr'>non</span> <span class='ocrx_word' id='word_1_202' title='bbox 1011 2813 1139 2875; x_wconf 89' lang='lat' dir='ltr'>autern</span> <span class='ocrx_word' id='word_1_203' title='bbox 1169 2789 1279 2905; x_wconf 93' lang='lat' dir='ltr'>quod</span> <span class='ocrx_word' id='word_1_204' title='bbox 1302 2789 1384 2904; x_wconf 92' lang='lat' dir='ltr'>plus</span> <span class='ocrx_word' id='word_1_205' title='bbox 1412 2794 1568 2905; x_wconf 88' lang='lat' dir='ltr'>praemii</span> 
     </span>
     <span class='ocr_line' id='line_1_22' title="bbox 141 2905 1572 3044; baseline 0.003 -53"><span class='ocrx_word' id='word_1_206' title='bbox 141 2932 350 2992; x_wconf 88' lang='lat' dir='ltr'>mereatur.</span> <span class='ocrx_word' id='word_1_207' title='bbox 378 2909 626 3044; x_wconf 81' lang='lat' dir='ltr'>Quamquam</span> <span class='ocrx_word' id='word_1_208' title='bbox 653 2905 752 2994; x_wconf 89' lang='lat' dir='ltr'>enim</span> <span class='ocrx_word' id='word_1_209' title='bbox 776 2907 906 2993; x_wconf 88' lang='lat' dir='ltr'>caritas</span> <span class='ocrx_word' id='word_1_210' title='bbox 931 2906 1134 3042; x_wconf 89' lang='lat' dir='ltr'>principem</span> <span class='ocrx_word' id='word_1_211' title='bbox 1165 2906 1292 2992; x_wconf 90' lang='lat' dir='ltr'>locum</span> <span class='ocrx_word' id='word_1_212' title='bbox 1315 2930 1419 2993; x_wconf 91' lang='lat' dir='ltr'>tenet</span> <span class='ocrx_word' id='word_1_213' title='bbox 1444 2908 1481 2992; x_wconf 91' lang='lat' dir='ltr'>in</span> <span class='ocrx_word' id='word_1_214' title='bbox 1514 2940 1572 2996; x_wconf 91' lang='lat' dir='ltr'>ra·</span> 
     </span>
    </p>

    <p class='ocr_par' dir='ltr' id='par_1_8' title="bbox 142 3023 1572 3140">
     <span class='ocr_line' id='line_1_23' title="bbox 142 3023 1572 3140; baseline 0.004 -31"><span class='ocrx_word' id='word_1_215' title='bbox 142 3023 249 3110; x_wconf 88' lang='lat' dir='ltr'>tione</span> <span class='ocrx_word' id='word_1_216' title='bbox 273 3023 440 3112; x_wconf 89' lang='lat' dir='ltr'>merendi</span> <span class='ocrx_word' id='word_1_217' title='bbox 466 3027 584 3113; x_wconf 90' lang='lat' dir='ltr'>vitam</span> <span class='ocrx_word' id='word_1_218' title='bbox 612 3051 825 3132; x_wconf 89' lang='lat' dir='ltr'>aeternam,</span> <span class='ocrx_word' id='word_1_219' title='bbox 841 3025 1031 3140; x_wconf 85' lang='lat' dir='ltr'>proximus</span> <span class='ocrx_word' id='word_1_220' title='bbox 1052 3049 1180 3110; x_wconf 89' lang='lat' dir='ltr'>tamen</span> <span class='ocrx_word' id='word_1_221' title='bbox 1206 3024 1378 3111; x_wconf 90' lang='lat' dir='ltr'>tribuitur</span> <span class='ocrx_word' id='word_1_222' title='bbox 1394 3025 1572 3114; x_wconf 90' lang='lat' dir='ltr'>volunta-</span> 
     </span>
    </p>

    <p class='ocr_par' dir='ltr' id='par_1_9' title="bbox 144 3140 1770 3848">
     <span class='ocr_line' id='line_1_24' title="bbox 144 3140 1573 3257; baseline 0.003 -29"><span class='ocrx_word' id='word_1_223' title='bbox 144 3140 191 3228; x_wconf 87' lang='lat' dir='ltr'>tis</span> <span class='ocrx_word' id='word_1_224' title='bbox 218 3141 401 3248; x_wconf 89' lang='lat' dir='ltr'>conatui,</span> <span class='ocrx_word' id='word_1_225' title='bbox 456 3142 495 3229; x_wconf 94' lang='lat' dir='ltr'>ui</span> <span class='ocrx_word' id='word_1_226' title='bbox 525 3141 645 3255; x_wconf 80' lang='lat' dir='ltr'>major</span> <span class='ocrx_word' id='word_1_227' title='bbox 681 3144 720 3228; x_wconf 91' lang='lat' dir='ltr'>in</span> <span class='ocrx_word' id='word_1_228' title='bbox 748 3144 858 3230; x_wconf 88' lang='lat' dir='ltr'>rebus</span> <span class='ocrx_word' id='word_1_229' title='bbox 888 3143 1040 3248; x_wconf 90' lang='lat' dir='ltr'>arduis,</span> <span class='ocrx_word' id='word_1_230' title='bbox 1068 3142 1171 3228; x_wconf 90' lang='lat' dir='ltr'>unde</span> <span class='ocrx_word' id='word_1_231' title='bbox 1201 3140 1376 3247; x_wconf 88' lang='lat' dir='ltr'>labores,</span> <span class='ocrx_word' id='word_1_232' title='bbox 1411 3145 1573 3257; x_wconf 89' lang='lat' dir='ltr'>pericula</span> 
     </span>
     <span class='ocr_line' id='line_1_25' title="bbox 144 3258 1572 3396; baseline 0.001 -48"><span class='ocrx_word' id='word_1_233' title='bbox 144 3258 346 3396; x_wconf 87' lang='lat' dir='ltr'>variaeque</span> <span class='ocrx_word' id='word_1_234' title='bbox 403 3259 609 3348; x_wconf 88' lang='lat' dir='ltr'>cultates</span> <span class='ocrx_word' id='word_1_235' title='bbox 646 3260 862 3368; x_wconf 89' lang='lat' dir='ltr'>deterrent,</span> <span class='ocrx_word' id='word_1_236' title='bbox 889 3289 1006 3378; x_wconf 89' lang='lat' dir='ltr'>quam</span> <span class='ocrx_word' id='word_1_237' title='bbox 1028 3261 1068 3344; x_wconf 93' lang='lat' dir='ltr'>in</span> <span class='ocrx_word' id='word_1_238' title='bbox 1098 3260 1182 3346; x_wconf 92' lang='lat' dir='ltr'>otio</span> <span class='ocrx_word' id='word_1_239' title='bbox 1215 3259 1572 3395; x_wconf 90' lang='lat' dir='ltr'>contemplationis,</span> 
     </span>
     <span class='ocr_line' id='line_1_26' title="bbox 144 3375 1572 3514; baseline 0.002 -50"><span class='ocrx_word' id='word_1_240' title='bbox 144 3398 246 3514; x_wconf 84' lang='lat' dir='ltr'>quae</span> <span class='ocrx_word' id='word_1_241' title='bbox 274 3378 352 3493; x_wconf 88' lang='lat' dir='ltr'>ipsa</span> <span class='ocrx_word' id='word_1_242' title='bbox 377 3407 445 3494; x_wconf 88' lang='lat' dir='ltr'>per</span> <span class='ocrx_word' id='word_1_243' title='bbox 467 3408 535 3487; x_wconf 91' lang='lat' dir='ltr'>se,</span> <span class='ocrx_word' id='word_1_244' title='bbox 566 3406 709 3495; x_wconf 89' lang='lat' dir='ltr'>suaque</span> <span class='ocrx_word' id='word_1_245' title='bbox 733 3379 930 3467; x_wconf 86' lang='lat' dir='ltr'>honestate</span> <span class='ocrx_word' id='word_1_246' title='bbox 954 3404 994 3465; x_wconf 90' lang='lat' dir='ltr'>et</span> <span class='ocrx_word' id='word_1_247' title='bbox 1023 3375 1297 3494; x_wconf 89' lang='lat' dir='ltr'>pulchritudine</span> <span class='ocrx_word' id='word_1_248' title='bbox 1318 3377 1464 3466; x_wconf 85' lang='lat' dir='ltr'>animos</span> <span class='ocrx_word' id='word_1_249' title='bbox 1495 3382 1572 3467; x_wconf 92' lang='lat' dir='ltr'>ho-</span> 
     </span>
     <span class='ocr_line' id='line_1_27' title="bbox 145 3411 1770 3630; baseline 0.006 -48"><span class='ocrx_word' id='word_1_250' title='bbox 145 3496 292 3630; x_wconf 87' lang='lat' dir='ltr'>minum</span> <span class='ocrx_word' id='word_1_251' title='bbox 316 3495 426 3585; x_wconf 91' lang='lat' dir='ltr'>allicit</span> <span class='ocrx_word' id='word_1_252' title='bbox 448 3499 499 3585; x_wconf 92' lang='lat' dir='ltr'>ad</span> <span class='ocrx_word' id='word_1_253' title='bbox 527 3526 566 3586; x_wconf 91' lang='lat' dir='ltr'>se</span> <span class='ocrx_word' id='word_1_254' title='bbox 595 3525 834 3615; x_wconf 88' lang='lat' dir='ltr'>magnacum</span> <span class='ocrx_word' id='word_1_255' title='bbox 835 3411 1087 3605; x_wconf 80' lang='lat' dir='ltr'>juctmditate</span> <span class='ocrx_word' id='word_1_256' title='bbox 1108 3491 1334 3582; x_wconf 87' lang='lat' dir='ltr'>fruendum.</span> <span class='ocrx_word' id='word_1_257' title='bbox 1350 3496 1495 3582; x_wconf 90' lang='lat' dir='ltr'>Caritas</span> <span class='ocrx_word' id='word_1_258' title='bbox 1510 3527 1572 3583; x_wconf 89' lang='lat' dir='ltr'>au</span> <span class='ocrx_word' id='word_1_259' title='bbox 1584 3532 1681 3590; x_wconf 69' lang='lat' dir='ltr'>unas</span> <span class='ocrx_word' id='word_1_260' title='bbox 1702 3536 1770 3593; x_wconf 78' lang='lat' dir='ltr'>net</span> 
     </span>
     <span class='ocr_line' id='line_1_28' title="bbox 147 3612 1573 3747; baseline 0.004 -47"><span class='ocrx_word' id='word_1_261' title='bbox 147 3635 227 3700; x_wconf 88' lang='lat' dir='ltr'>tem</span> <span class='ocrx_word' id='word_1_262' title='bbox 250 3612 289 3698; x_wconf 93' lang='lat' dir='ltr'>in</span> <span class='ocrx_word' id='word_1_263' title='bbox 313 3620 442 3702; x_wconf 87' lang='lat' dir='ltr'>Deum</span> <span class='ocrx_word' id='word_1_264' title='bbox 474 3645 541 3704; x_wconf 90' lang='lat' dir='ltr'>cut</span> <span class='ocrx_word' id='word_1_265' title='bbox 564 3617 688 3702; x_wconf 90' lang='lat' dir='ltr'>minor</span> <span class='ocrx_word' id='word_1_266' title='bbox 719 3642 796 3701; x_wconf 88' lang='lat' dir='ltr'>esse</span> <span class='ocrx_word' id='word_1_267' title='bbox 828 3614 1014 3701; x_wconf 86' lang='lat' dir='ltr'>dicatur</span> <span class='ocrx_word' id='word_1_268' title='bbox 1004 3642 1043 3698; x_wconf 91' lang='lat' dir='ltr'>m</span> <span class='ocrx_word' id='word_1_269' title='bbox 1072 3641 1150 3718; x_wconf 94' lang='grc' dir='ltr'>ιο,</span> <span class='ocrx_word' id='word_1_270' title='bbox 1178 3612 1245 3747; x_wconf 72' lang='lat' dir='ltr'>qui</span> <span class='ocrx_word' id='word_1_271' title='bbox 1270 3637 1423 3727; x_wconf 88' lang='lat' dir='ltr'>propter</span> <span class='ocrx_word' id='word_1_272' title='bbox 1445 3619 1573 3706; x_wconf 90' lang='lat' dir='ltr'>Deum</span> 
     </span>
     <span class='ocr_line' id='line_1_29' title="bbox 145 3729 1570 3867; baseline 0.001 -50"><span class='ocrx_word' id='word_1_273' title='bbox 145 3758 307 3847; x_wconf 86' lang='lat' dir='ltr'>magnos</span> <span class='ocrx_word' id='word_1_274' title='bbox 333 3731 478 3822; x_wconf 87' lang='lat' dir='ltr'>labores</span> <span class='ocrx_word' id='word_1_275' title='bbox 506 3757 546 3821; x_wconf 88' lang='lat' dir='ltr'>et</span> <span class='ocrx_word' id='word_1_276' title='bbox 569 3760 794 3840; x_wconf 86' lang='lat' dir='ltr'>aerumnas,</span> <span class='ocrx_word' id='word_1_277' title='bbox 820 3755 996 3848; x_wconf 87' lang='lat' dir='ltr'>certaque</span> <span class='ocrx_word' id='word_1_278' title='bbox 1021 3729 1245 3867; x_wconf 87' lang='lat' dir='ltr'>pericula,</span> <span class='ocrx_word' id='word_1_279' title='bbox 1235 3758 1275 3813; x_wconf 91' lang='grc' dir='ltr'>ιιι</span> <span class='ocrx_word' id='word_1_280' title='bbox 1295 3730 1452 3816; x_wconf 89' lang='lat' dir='ltr'>aliorum</span> <span class='ocrx_word' id='word_1_281' title='bbox 1476 3733 1570 3820; x_wconf 91' lang='lat' dir='ltr'>utili·</span> 
     </span>
    </p>

    <p class='ocr_par' dir='ltr' id='par_1_10' title="bbox 144 3845 1573 4086">
     <span class='ocr_line' id='line_1_30' title="bbox 145 3845 1573 3986; baseline 0.004 -51"><span class='ocrx_word' id='word_1_282' title='bbox 145 3870 265 3935; x_wconf 89' lang='lat' dir='ltr'>tatem</span> <span class='ocrx_word' id='word_1_283' title='bbox 292 3846 429 3963; x_wconf 87' lang='lat' dir='ltr'>perfert</span> <span class='ocrx_word' id='word_1_284' title='bbox 452 3852 626 3967; x_wconf 79' lang='lat' dir='ltr'>sabitque</span> <span class='ocrx_word' id='word_1_285' title='bbox 642 3912 655 3957; x_wconf 94' lang='lat'>,</span> <span class='ocrx_word' id='word_1_286' title='bbox 669 3879 789 3986; x_wconf 90' lang='lat' dir='ltr'>quam</span> <span class='ocrx_word' id='word_1_287' title='bbox 815 3849 855 3937; x_wconf 89' lang='lat' dir='ltr'>in</span> <span class='ocrx_word' id='word_1_288' title='bbox 873 3879 923 3937; x_wconf 88' lang='lat' dir='ltr'>eo</span> <span class='ocrx_word' id='word_1_289' title='bbox 944 3849 1041 3966; x_wconf 89' lang='lat' dir='ltr'>,qui</span> <span class='ocrx_word' id='word_1_290' title='bbox 1065 3848 1106 3934; x_wconf 95' lang='lat' dir='ltr'>in</span> <span class='ocrx_word' id='word_1_291' title='bbox 1129 3847 1209 3935; x_wconf 87' lang='lat' dir='ltr'>sola</span> <span class='ocrx_word' id='word_1_292' title='bbox 1231 3849 1306 3934; x_wconf 88' lang='lat' dir='ltr'>Dei</span> <span class='ocrx_word' id='word_1_293' title='bbox 1334 3845 1573 3968; x_wconf 86' lang='lat' dir='ltr'>veritatisque</span> 
     </span>
     <span class='ocr_line' id='line_1_31' title="bbox 144 3967 720 4086; baseline 0.005 -32"><span class='ocrx_word' id='word_1_294' title='bbox 144 3967 466 4081; x_wconf 85' lang='lat' dir='ltr'>contemplatione</span> <span class='ocrx_word' id='word_1_295' title='bbox 496 3968 720 4086; x_wconf 82' lang='lat' dir='ltr'>adquiescit?</span> 
     </span>
    </p>

    <p class='ocr_par' dir='ltr' id='par_1_11' title="bbox 141 4083 1575 4323">
     <span class='ocr_line' id='line_1_32' title="bbox 141 4083 1575 4222; baseline 0.003 -51"><span class='ocrx_word' id='word_1_296' title='bbox 141 4168 143 4171; x_wconf 78' lang='grc'>,</span> <span class='ocrx_word' id='word_1_297' title='bbox 204 4086 313 4172; x_wconf 82' lang='lat' dir='ltr'>XXI.</span> <span class='ocrx_word' id='word_1_298' title='bbox 370 4091 474 4172; x_wconf 90' lang='lat' dir='ltr'>Nam</span> <span class='ocrx_word' id='word_1_299' title='bbox 496 4089 605 4203; x_wconf 86' lang='lat' dir='ltr'>quod</span> <span class='ocrx_word' id='word_1_300' title='bbox 631 4087 761 4201; x_wconf 77' lang='lat' dir='ltr'>ajunt,</span> <span class='ocrx_word' id='word_1_301' title='bbox 777 4093 905 4175; x_wconf 89' lang='lat' dir='ltr'>Deum</span> <span class='ocrx_word' id='word_1_302' title='bbox 930 4084 1079 4203; x_wconf 88' lang='lat' dir='ltr'>diligere</span> <span class='ocrx_word' id='word_1_303' title='bbox 1096 4083 1225 4222; x_wconf 38' lang='lat' dir='ltr'>majus·</span> <span class='ocrx_word' id='word_1_304' title='bbox 1228 4110 1305 4171; x_wconf 88' lang='lat' dir='ltr'>esse</span> <span class='ocrx_word' id='word_1_305' title='bbox 1323 4146 1336 4191; x_wconf 94' lang='lat'>,</span> <span class='ocrx_word' id='word_1_306' title='bbox 1352 4113 1471 4222; x_wconf 89' lang='lat' dir='ltr'>quam</span> <span class='ocrx_word' id='word_1_307' title='bbox 1486 4116 1575 4202; x_wconf 86' lang='lat' dir='ltr'>pro-</span> 
     </span>
     <span class='ocr_line' id='line_1_33' title="bbox 147 4200 1574 4340; baseline 0.004 -54"><span class='ocrx_word' id='word_1_308' title='bbox 147 4202 322 4310; x_wconf 85' lang='lat' dir='ltr'>ximum,</span> <span class='ocrx_word' id='word_1_309' title='bbox 346 4233 482 4293; x_wconf 88' lang='lat' dir='ltr'>verum</span> <span class='ocrx_word' id='word_1_310' title='bbox 503 4232 585 4313; x_wconf 87' lang='lat' dir='ltr'>est,</span> <span class='ocrx_word' id='word_1_311' title='bbox 611 4205 640 4292; x_wconf 91' lang='lat' dir='ltr'>si</span> <span class='ocrx_word' id='word_1_312' title='bbox 669 4204 736 4292; x_wconf 89' lang='lat' dir='ltr'>fiat</span> <span class='ocrx_word' id='word_1_313' title='bbox 757 4204 977 4340; x_wconf 86' lang='lat' dir='ltr'>separatim:</span> <span class='ocrx_word' id='word_1_314' title='bbox 1010 4203 1128 4291; x_wconf 91' lang='lat' dir='ltr'>sed</span> <span class='ocrx_word' id='word_1_315' title='bbox 1101 4232 1130 4289; x_wconf 86' lang='lat' dir='ltr'>st</span> <span class='ocrx_word' id='word_1_316' title='bbox 1160 4200 1243 4316; x_wconf 87' lang='lat' dir='ltr'>quis</span> <span class='ocrx_word' id='word_1_317' title='bbox 1272 4205 1484 4318; x_wconf 87' lang='lat' dir='ltr'>proximum</span> <span class='ocrx_word' id='word_1_318' title='bbox 1511 4207 1574 4294; x_wconf 89' lang='lat' dir='ltr'>di·</span> 
     </span>
    </p>

    <p class='ocr_par' dir='ltr' id='par_1_12' title="bbox 148 4315 1573 4466">
     <span class='ocr_line' id='line_1_34' title="bbox 148 4315 1573 4466; baseline 0.006 -63"><span class='ocrx_word' id='word_1_319' title='bbox 148 4315 232 4433; x_wconf 86' lang='lat' dir='ltr'>ligit</span> <span class='ocrx_word' id='word_1_320' title='bbox 248 4346 407 4452; x_wconf 88' lang='lat' dir='ltr'>propter</span> <span class='ocrx_word' id='word_1_321' title='bbox 432 4323 626 4430; x_wconf 87' lang='lat' dir='ltr'>Deum,</span> <span class='ocrx_word' id='word_1_322' title='bbox 615 4353 646 4411; x_wconf 84' lang='grc' dir='ltr'>ιι</span> <span class='ocrx_word' id='word_1_323' title='bbox 670 4349 874 4441; x_wconf 88' lang='lat' dir='ltr'>utrumque</span> <span class='ocrx_word' id='word_1_324' title='bbox 891 4322 1035 4439; x_wconf 90' lang='lat' dir='ltr'>diligit,</span> <span class='ocrx_word' id='word_1_325' title='bbox 1051 4320 1117 4407; x_wconf 90' lang='lat' dir='ltr'>sed</span> <span class='ocrx_word' id='word_1_326' title='bbox 1140 4317 1262 4405; x_wconf 79' lang='lat' dir='ltr'>mttlto</span> <span class='ocrx_word' id='word_1_327' title='bbox 1287 4321 1402 4466; x_wconf 88' lang='lat' dir='ltr'>magis</span> <span class='ocrx_word' id='word_1_328' title='bbox 1416 4327 1573 4434; x_wconf 90' lang='lat' dir='ltr'>Deum,</span> 
     </span>
    </p>
   </div>
   <div class='ocr_carea' id='block_1_3' title="bbox 148 4433 1575 4810">
    <p class='ocr_par' dir='ltr' id='par_1_13' title="bbox 148 4433 1575 4792">
     <span class='ocr_line' id='line_1_35' title="bbox 149 4433 1575 4579; baseline 0.005 -58"><span class='ocrx_word' id='word_1_329' title='bbox 149 4461 198 4521; x_wconf 85' lang='grc' dir='ltr'>ιιι</span> <span class='ocrx_word' id='word_1_330' title='bbox 211 4433 303 4522; x_wconf 89' lang='lat' dir='ltr'>trito</span> <span class='ocrx_word' id='word_1_331' title='bbox 322 4438 387 4525; x_wconf 94' lang='lat' dir='ltr'>illo</span> <span class='ocrx_word' id='word_1_332' title='bbox 409 4439 720 4579; x_wconf 83' lang='lat' dir='ltr'>philosophorum</span> <span class='ocrx_word' id='word_1_333' title='bbox 742 4466 971 4575; x_wconf 81' lang='lat' dir='ltr'>praecepto:</span> <span class='ocrx_word' id='word_1_334' title='bbox 992 4440 1264 4549; x_wconf 81' lang='lat' dir='ltr'>propterquod</span> <span class='ocrx_word' id='word_1_335' title='bbox 1283 4447 1439 4524; x_wconf 78' lang='lat' dir='ltr'>exsistit</span> <span class='ocrx_word' id='word_1_336' title='bbox 1463 4447 1575 4549; x_wconf 72' lang='lat' dir='ltr'>quaa</span> 
     </span>
     <span class='ocr_line' id='line_1_36' title="bbox 149 4555 1574 4692; baseline 0.006 -56"><span class='ocrx_word' id='word_1_337' title='bbox 149 4577 242 4686; x_wconf 78' lang='lat' dir='ltr'>que,</span> <span class='ocrx_word' id='word_1_338' title='bbox 265 4555 312 4637; x_wconf 78' lang='lat' dir='ltr'>td</span> <span class='ocrx_word' id='word_1_339' title='bbox 330 4565 451 4664; x_wconf 81' lang='lat' dir='ltr'>magis</span> <span class='ocrx_word' id='word_1_340' title='bbox 472 4568 649 4644; x_wconf 67' lang='lat' dir='ltr'>anund:</span> <span class='ocrx_word' id='word_1_341' title='bbox 666 4561 794 4692; x_wconf 84' lang='lat' dir='ltr'>itaque</span> <span class='ocrx_word' id='word_1_342' title='bbox 809 4557 946 4674; x_wconf 90' lang='lat' dir='ltr'>duplici</span> <span class='ocrx_word' id='word_1_343' title='bbox 959 4555 1110 4641; x_wconf 86' lang='lat' dir='ltr'>caritate</span> <span class='ocrx_word' id='word_1_344' title='bbox 1137 4580 1326 4642; x_wconf 90' lang='lat' dir='ltr'>censetur.</span> <span class='ocrx_word' id='word_1_345' title='bbox 1342 4557 1416 4643; x_wconf 94' lang='lat' dir='ltr'>Cui</span> <span class='ocrx_word' id='word_1_346' title='bbox 1430 4584 1574 4645; x_wconf 85' lang='lat' dir='ltr'>senten</span> 
     </span>
     <span class='ocr_line' id='line_1_37' title="bbox 148 4667 1573 4810; baseline 0.005 -54"><span class='ocrx_word' id='word_1_347' title='bbox 148 4668 222 4756; x_wconf 85' lang='lat' dir='ltr'>tiae</span> <span class='ocrx_word' id='word_1_348' title='bbox 240 4670 524 4810; x_wconf 83' lang='lat' dir='ltr'>Apostolorum</span> <span class='ocrx_word' id='word_1_349' title='bbox 550 4704 707 4792; x_wconf 90' lang='lat' dir='ltr'>quoque</span> <span class='ocrx_word' id='word_1_350' title='bbox 731 4675 810 4762; x_wconf 91' lang='lat' dir='ltr'>vita</span> <span class='ocrx_word' id='word_1_351' title='bbox 828 4674 977 4760; x_wconf 90' lang='lat' dir='ltr'>videtur</span> <span class='ocrx_word' id='word_1_352' title='bbox 999 4667 1210 4790; x_wconf 83' lang='lat' dir='ltr'>suffragari,</span> <span class='ocrx_word' id='word_1_353' title='bbox 1235 4702 1301 4788; x_wconf 85' lang='lat' dir='ltr'>qm</span> <span class='ocrx_word' id='word_1_354' title='bbox 1290 4675 1462 4761; x_wconf 88' lang='lat' dir='ltr'>Christi</span> <span class='ocrx_word' id='word_1_355' title='bbox 1494 4708 1573 4765; x_wconf 89' lang='lat' dir='ltr'>ma-</span> 
     </span>
    </p>
   </div>
   <div class='ocr_carea' id='block_1_4' title="bbox 150 4786 1582 5030">
    <p class='ocr_par' dir='ltr' id='par_1_14' title="bbox 150 4786 1579 5030">
     <span class='ocr_line' id='line_1_38' title="bbox 150 4786 1579 5000; baseline 0 -116"><span class='ocrx_word' id='word_1_356' title='bbox 150 4786 253 4910; x_wconf 75' lang='lat' dir='ltr'>gistri</span> <span class='ocrx_word' id='word_1_357' title='bbox 288 4789 445 4913; x_wconf 76' lang='lat' dir='ltr'>vestigia</span> <span class='ocrx_word' id='word_1_358' title='bbox 474 4816 704 4916; x_wconf 84' lang='lat' dir='ltr'>sequentes,</span> <span class='ocrx_word' id='word_1_359' title='bbox 691 4789 1282 5000; x_wconf 69' lang='lat' dir='ltr'>,evangelicaeppraedicatiouis</span> <span class='ocrx_word' id='word_1_360' title='bbox 1317 4791 1507 4884; x_wconf 77' lang='lat' dir='ltr'>laboribus</span> <span class='ocrx_word' id='word_1_361' title='bbox 1539 4820 1579 4884; x_wconf 89' lang='lat' dir='ltr'>et</span> 
     </span>
     <span class='ocr_line' id='line_1_39' title="bbox 1519 4941 1582 5030; baseline 0 0"><span class='ocrx_word' id='word_1_362' title='bbox 1519 4941 1582 5030; x_wconf 66' lang='lat' dir='ltr'>te·</span> 
     </span>
    </p>
   </div>
   <div class='ocr_carea' id='block_1_5' title="bbox 0 0 2093 5872">
    <p class='ocr_par' dir='ltr' id='par_1_15' title="bbox 0 0 2093 5872">
     <span class='ocr_line' id='line_1_40' title="bbox 0 0 2093 5872; baseline 0 0"><span class='ocrx_word' id='word_1_363' title='bbox 0 0 2093 5872; x_wconf 95' lang='lat' dir='ltr'> </span> 
     </span>
    </p>
   </div>
  </div>
 </body>
</html>
