4034 5858
517 368 583 461 με
1003 364 1434 437 Democrates

297 515 415 582 ,mu
491 524 568 585 nec
584 494 846 580 honestatem.
881 494 1010 577 Nemo
1035 492 1161 597 enim,
1177 489 1243 575 nisi
1257 489 1389 577 volens
1404 551 1416 599 ,
1430 515 1475 578 ut
1498 512 1655 603 testatur
1680 486 1939 605 philosophus,

495 614 560 702 uel
589 613 682 725 juste
707 611 812 728 agit,
828 611 890 699 vel
916 610 1073 723 injuste:
1105 637 1175 694 nec
1195 634 1250 693 est
1273 609 1407 721 injuste
1429 610 1607 696 timideve
1630 638 1740 726 agere
1758 670 1771 714 ,
1787 638 1879 692 cum
1894 638 1935 692 u·

498 759 587 818 xote
615 731 732 815 aliena
754 731 1034 834 concumbere,
1052 753 1117 813 aut
1140 727 1313 842 projectis
1342 727 1451 813 armis
1473 754 1580 844 terga
1608 729 1697 812 dare
1714 788 1727 832 ,
1744 752 1784 811 et
1811 725 1935 811 similia

499 847 618 935 lacere
636 849 726 952 ,sed
748 847 799 933 sic
819 877 857 933 se
877 849 1079 932 habentem
1103 842 1223 931 facere
1241 908 1254 952 ,
1270 847 1345 932 hoc
1373 870 1429 957 est
1444 907 1457 952 ,
1473 847 1648 932 scientem
1671 869 1710 929 et
1727 844 1934 951 volentem,

304 988 423 1049 aaut..
494 993 757 1084 praeterquam
778 995 824 1051 ex
853 965 1052 1050 accidenti.
1085 969 1153 1049 Est
1175 964 1287 1080 igitur
1303 965 1478 1050 voluntas
1498 964 1651 1049 actionis
1667 963 1775 1075 quasi
1801 958 1931 1069 forma,

496 1113 535 1192 et
551 1085 589 1169 in
615 1084 752 1196 judicio
777 1114 927 1168 motum
953 1083 1070 1198 magis
1092 1105 1306 1197 spectatur,
1323 1111 1440 1196 quarn
1456 1113 1578 1197 opus:
1594 1081 1712 1196 qualis
1728 1080 1933 1194 enimquis·

496 1231 572 1317 que
596 1201 759 1287 moribus
790 1226 845 1286 est
858 1263 871 1307 ,
886 1201 976 1288 tales
998 1200 1092 1284 solet
1118 1196 1238 1284 facere
1265 1199 1462 1285 electiones
1477 1262 1489 1306 ,
1507 1225 1546 1285 et
1560 1199 1600 1282 in
1614 1198 1781 1283 actiones
1806 1198 1935 1285 similes

386 1391 391 1398 .
498 1321 674 1407 voluntas
703 1318 780 1429 ejus
803 1343 860 1403 est
887 1317 1082 1433 proclivis.
1107 1321 1162 1403 At
1184 1346 1299 1431 opcta
1321 1317 1511 1404 interdum
1534 1315 1813 1404 venditationes
1836 1339 1935 1423 sunt,

495 1461 535 1529 et
562 1435 652 1522 licto
680 1437 792 1522 etiam
812 1436 922 1524 vultu
937 1498 950 1542 ,
967 1465 1049 1520 non
1064 1434 1188 1519 solum
1218 1434 1337 1521 verbis
1357 1459 1615 1522 ostentantur.
1646 1438 1781 1548 ltaque
1804 1434 1936 1518 volun-

496 1579 553 1640 tas
576 1585 659 1670 quo
687 1552 823 1670 largior
849 1579 904 1639 est
929 1579 968 1639 et
989 1554 1197 1668 promtior,
1216 1582 1264 1637 eo
1289 1553 1406 1670 magis
1419 1554 1481 1639 vel
1505 1552 1582 1639 sine
1610 1580 1754 1665 opere,
1781 1547 1938 1636 sifacrtl-

496 1695 560 1759 tas·
579 1675 681 1758 abest
697 1733 711 1779 ,
726 1702 814 1758 cum
830 1673 878 1758 ab
901 1672 1114 1757 hominibus
1141 1670 1315 1756 laudatur
1333 1734 1345 1777 ,
1361 1696 1444 1757 tum
1461 1677 1548 1756 Deo
1571 1694 1677 1787 grata
1699 1694 1783 1773 est,
1805 1692 1844 1754 et
1860 1699 1935 1753 ma·

497 1788 576 1903 jore
607 1790 758 1877 caritate
790 1789 984 1906 gratiaque
1018 1784 1273 1892 suffinditur3
1302 1788 1368 1875 sed
1400 1818 1467 1904 pat
1497 1787 1673 1875 voluntas
1705 1815 1796 1870 cum
1817 1787 1938 1901 'opere'

460 1975 463 1980 .
500 1908 661 1996 sanctior
686 1910 875 2013 habetur,
893 1932 933 1992 et
956 1906 1097 2020 majore
1121 1906 1315 2020 praemio,
1331 1907 1457 1993 nescio
1474 1937 1524 1992 an
1539 1903 1749 2008 essentiali,
1769 1929 1814 1988 ut
1838 1905 1939 1990 theo

307 2046 390 2100 ture·
407 2057 448 2097 ιο·
498 2025 576 2144 logi
593 2026 801 2140 loquuntur
818 2032 834 2131 ,'
843 2050 888 2109 at
907 2050 1008 2110 certe
1028 2023 1277 2110 accidentario
1298 2050 1583 2110 remuneratur.
1608 2027 1747 2135 Neque
1764 2050 1859 2109 vero
1876 2051 1941 2107 no·

500 2175 550 2230 va
577 2143 914 2258 quaestiolest··,in
937 2145 1075 2230 virtute
1095 2167 1179 2228 utta
1204 2142 1330 2257 potior
1359 2143 1572 2247 habeatur,
1589 2139 1748 2244 electio,
1765 2169 1844 2253 qua
1863 2170 1942 2224 vo·

497 2260 623 2347 luntas
650 2261 891 2377 intelligitur,
908 2288 957 2346 an
983 2261 1108 2363 actio,
1128 2259 1238 2345 seda
1262 2260 1454 2346 Socraticis
1486 2287 1604 2375 usque
1632 2258 1865 2373 temporibus
1881 2255 1942 2340 itt-ff

498 2390 562 2465 ter
581 2378 824 2494 philosophos
855 2379 1020 2494 agitata:
1049 2407 1166 2492 quam
1193 2379 1244 2462 sic
1270 2378 1486 2465 Aristoteles
1517 2375 1791 2492 expedivit,ut
1815 2371 1943 2488 perfe-

498 2497 662 2583 ctionem
684 2498 723 2580 in
744 2521 909 2610 utroque
935 2495 1044 2581 simul
1070 2493 1299 2581 constituerit
1317 2556 1329 2600 ,
1346 2497 1422 2582 hoc
1438 2520 1494 2583 est
1510 2496 1577 2600 ,in
1593 2493 1741 2579 actione
1767 2492 1943 2579 volunta·

345 2682 363 2700 ..
403 2687 431 2695 .,
499 2614 552 2701 ria
573 2639 612 2700 et
635 2615 685 2699 ab
706 2613 886 2699 electione
913 2609 1108 2726 profecta.
1140 2616 1245 2697 Nam
1276 2614 1385 2729 quod
1412 2615 1493 2720 ais,
1518 2613 1640 2727 posita
1655 2610 1856 2698 voluntate
1871 2637 1943 2695 cet·

477 2753 540 2817 ‘ta
560 2756 599 2816 et
620 2731 833 2836 constanti,
852 2730 934 2815 sive
950 2756 1023 2836 ,ut
1041 2757 1143 2813 nunc
1159 2728 1368 2844 loquuntur
1383 2791 1396 2835 ,
1413 2729 1578 2835 efficaci,
1595 2729 1811 2814 necessitate
1826 2751 1944 2812 natu·

500 2848 566 2932 tali
582 2848 640 2955 ,si
662 2845 815 2932 facultas
843 2847 968 2953 adsit,
992 2848 1179 2933 actionem
1208 2847 1376 2934 exsistere
1393 2848 1646 2953 ,levissimum
1676 2869 1942 2962 argumentum

500 2992 580 3052 est:
607 2994 695 3050 cunr
718 2967 852 3052 eadem
879 2965 1157 3079 propemodum
1184 2965 1329 3051 ratione
1350 2961 1535 3051 affirmare
1557 2963 1694 3070 liceat,
1711 2965 1833 3078 ipsum
1848 2962 1946 3049 velle

500 3110 583 3168 non
603 3082 758 3167 liberum
782 3111 888 3187 esse,
915 3084 981 3168 sed
1006 3082 1247 3167 necessarium
1265 3113 1274 3168 :
1292 3108 1490 3199 propterea
1517 3081 1624 3198 quod
1654 3082 1780 3196 posito
1804 3080 1947 3166 volun-

502 3200 587 3286 tatis
604 3225 740 3306 motu,
756 3201 873 3315 ipsam
890 3199 985 3286 velle
1001 3228 1148 3285 necesse
1165 3225 1221 3284 est
1236 3227 1249 3302 ⁰,
1268 3201 1455 3315 quidquid
1483 3203 1583 3287 enim
1597 3223 1655 3284 est
1670 3258 1683 3303 ,
1700 3197 1862 3314 quando
1876 3222 1942 3302 est,

501 3345 650 3404 necesse
674 3345 730 3403 est
754 3347 831 3402 esse
848 3377 861 3422 ,
879 3344 923 3403 ut
939 3318 1081 3404 docent
1097 3317 1328 3432 philosophi.
1355 3323 1451 3404 Non
1471 3344 1526 3404 est
1545 3317 1660 3433 igitur
1682 3320 1762 3422 ita,
1779 3314 1846 3401 sed
1861 3345 1946 3400 curn

294 3504 348 3536 ,..
414 3516 418 3522 ,
502 3434 624 3521 homo
652 3435 849 3522 voluntate
879 3460 1055 3550 operatur
1069 3496 1082 3541 ,
1098 3461 1177 3521 tam
1198 3434 1297 3520 actio
1326 3460 1478 3521 externa
1504 3434 1717 3523 voluntaria
1735 3459 1815 3540 est,
1832 3463 1947 3548 quam

501 3552 623 3669 ipsum
638 3552 734 3640 velle
751 3584 761 3636 :
779 3550 1034 3665 voluntarium
1057 3554 1158 3637 enim
1179 3558 1295 3667 atque
1315 3554 1471 3639 liberum
1488 3582 1565 3639 esse
1583 3551 1822 3668 intelligitur,
1842 3550 1949 3665 quid

352 3738 358 3754 ,
388 3737 406 3751 .-
501 3672 595 3787 quid
622 3701 648 3755 a
673 3670 853 3786 principio
877 3669 988 3756 libere
1017 3698 1152 3787 agente
1172 3731 1184 3775 ,
1202 3672 1280 3756 hoe
1303 3696 1359 3757 est
1375 3694 1428 3776 ,a
1453 3672 1650 3758 voluntate
1675 3667 1946 3784 proficiscitur,

531 3789 611 3875 uod
637 3789 752 3875 nihilo
778 3789 900 3874 minus
926 3789 1064 3874 actioni
1089 3812 1262 3873 externae
1287 3790 1493 3894 convenit,
1523 3817 1642 3905 quam
1671 3786 1874 3890 electioni,
1891 3782 1951 3874 vel

315 3921 407 3975 narrt·
417 3931 456 3984 1⁵·
502 3818 640 3992 {bristi
663 3906 774 4020 ipsius
792 3906 1008 3992 testimonio
1025 3972 1036 4006 ‚
1053 3905 1158 4017 cujus
1172 3935 1216 3990 ea
1232 3907 1347 3991 verba
1367 3932 1457 3992 sunt
1479 3907 1520 3991 in
1541 3905 1742 4020 evangelio
1759 3937 1769 3988 :
1789 3907 1853 3986 De
1867 3929 1951 3987 cor·

502 4027 549 4113 de
563 4040 718 4127 exeunt,
736 4023 882 4139 inquit,
900 4032 1140 4134 cogitationes
1157 4031 1297 4130 malae,
1315 4027 1537 4130 homicidia,
1554 4029 1743 4108 adulteria
1753 4081 1766 4126 ,
1772 4019 1949 4127 fornico

501 4150 620 4226 tiones
633 4202 644 4247 ,
657 4210 659 4222 ,
668 4140 819 4248 furta,
840 4139 953 4246 falsa
977 4148 1188 4226 testimonia
1203 4202 1216 4247 ,
1234 4144 1502 4252 blasphemiae.
1531 4148 1671 4257 Neque
1700 4169 1794 4229 vero
1828 4138 1951 4225 solum

502 4259 593 4342 tales
617 4260 781 4344 actiones
797 4260 931 4345 liberae
955 4283 1096 4344 suntet
1112 4258 1344 4344 voluntariae
1364 4322 1376 4365 ,
1394 4260 1504 4346 sedai
1521 4260 1605 4374 quis
1620 4259 1771 4345 habitus
1795 4259 1849 4342 ab
1874 4254 1952 4373 ipo's

504 4370 614 4458 fiterit
635 4375 897 4490 ingeneratus,
913 4376 1077 4461 actiones
1102 4376 1213 4461 etiam
1235 4377 1284 4460 ab
1304 4379 1378 4462 hoc
1394 4378 1468 4489 jam
1484 4402 1618 4463 natura
1633 4376 1869 4491 prodeuntes
1885 4404 1953 4491 pto

504 4490 721 4579 voluntariis
754 4515 793 4575 et
817 4492 934 4579 libetis
954 4525 977 4577 a
1009 4493 1239 4609 philosophis
1266 4495 1631 4611 habenturpropter
1653 4494 1867 4579 libertatem
1883 4521 1953 4579 vo-

502 4607 682 4714 luntatis,
707 4608 811 4694 unde
838 4612 943 4723 quasi
969 4608 1124 4697 alonte
1148 4611 1439 4724 ipsoruminitia
1454 4642 1530 4726 pet
1553 4611 1723 4698 habitum
1750 4634 1790 4696 et
1816 4611 1954 4727 priores

498 4726 668 4812 actiones
694 4726 903 4812 ducuntur.
933 4733 1035 4813 Nam
1052 4758 1226 4844 quotum
1245 4731 1465 4844 principium
1499 4755 1554 4815 est
1587 4731 1626 4815 in
1650 4731 1733 4845 ipso
1750 4790 1762 4835 ,
1779 4754 1828 4813 ut
1845 4726 1955 4813 tradit

314 4871 336 4920 ε·
353 4859 434 4910 nu..
501 4844 747 4952 Aristoteles,
761 4845 857 4960 haec
877 4868 917 4931 et
943 4874 1054 4961 agere
1077 4847 1588 4965 etnonageteiuejusdem
1605 4871 1898 4966 estpotestate.
1930 4926 1935 4927 f

496 5001 499 5005 ,
1688 5032 1697 5055 Ι
1744 5037 1745 5040 Ἴ
1812 4968 1961 5066 Quam·
