4050 5858
480 369 572 449 w234
977 349 1418 425 Damocritus

474 477 594 570 vereri
618 472 720 567 enim
744 498 999 585 testamento,
1012 474 1121 592 quod
1145 477 1269 596 legem
1298 502 1338 564 et
1359 471 1837 596 prophetasappellamus,
1855 473 1932 592 pie·

479 627 598 716 taque
616 598 744 684 omnia
759 623 866 683 erant
881 595 987 683 velut
1012 595 1189 713 imagines
1213 621 1253 683 et
1278 595 1421 715 figurae
1449 624 1515 682 seu
1532 594 1706 683 vaticinia
1732 624 1859 680 rerum
1878 592 1936 681 fu·

485 743 658 803 rutarum
674 778 686 821 ‚
702 716 839 834 quibus
863 715 971 801 rebus
994 744 1060 831 per
1075 714 1268 801 Christum
1294 712 1463 832 perfectis
1480 776 1492 820 ,
1508 743 1552 799 ac
1578 713 1617 798 in
1643 713 1725 829 ipso
1750 713 1937 801 evenien-

483 837 588 921 tibus
604 893 618 940 ,
636 837 804 951 datoque
835 864 942 920 novo
968 859 1223 940 testamento,
1240 861 1350 921 vetus
1373 864 1462 918 cum
1494 834 1567 918 suis
1595 831 1737 949 legibus
1761 833 1936 947 antiqua·

489 980 574 1039 tum
598 981 674 1040 esse
706 984 787 1040 non
810 977 934 1069 potest
959 952 1142 1037 dubitari.
1174 957 1275 1036 Nam
1301 953 1412 1037 rebus
1436 952 1519 1066 ipsis
1548 951 1802 1064 praesentibus
1818 1012 1830 1056 ,
1846 952 1935 1065 quis

487 1097 615 1185 potest
641 1073 780 1157 umbris
809 1101 853 1156 ac
881 1069 1102 1186 imaginibus
1133 1099 1210 1155 esse
1242 1069 1381 1155 locus‘l
1420 1074 1520 1154 Dru.
1553 1071 1667 1154 Certe
1699 1068 1822 1153 nullus
1839 1099 1848 1152 :
1866 1070 1933 1157 sed

490 1189 530 1275 in
560 1190 676 1276 veteri
702 1214 926 1279 testamento
952 1189 1092 1273 nullam
1116 1217 1197 1274 rem
1220 1217 1427 1304 expressam
1443 1211 1483 1272 et
1510 1184 1695 1292 solidam,
1715 1187 1782 1274 sed
1797 1185 1933 1272 adum-

490 1307 600 1394 brata
616 1332 778 1413 cuncta,
795 1332 833 1393 et
858 1336 975 1392 metas
999 1307 1177 1424 imagines
1200 1335 1267 1391 aut
1282 1304 1554 1422 praedictiones
1566 1333 1644 1389 esse
1660 1313 1796 1419 putas?
1821 1311 1955 1392 laon·

493 1430 662 1512 Fortasse
690 1451 849 1511 cuncta.
880 1433 986 1512 Dm
1004 1426 1188 1511 Etiamne
1214 1425 1314 1542 leges
1337 1425 1441 1530 illas,
1458 1424 1509 1510 de
1528 1421 1665 1539 quibus
1690 1448 1746 1508 est
1771 1422 1812 1505 in
1829 1429 1932 1508 Exo-

329 1566 406 1620 εισι.
426 1578 468 1616 20·
494 1544 574 1629 do:
605 1546 692 1628 Non
708 1549 880 1650 occides,
898 1569 966 1629 non
985 1546 1256 1628 adulteraberis
1275 1602 1289 1648 ‚
1305 1569 1374 1629 non
1394 1542 1548 1648 furtum
1567 1538 1699 1646 facies
1716 1575 1729 1645 ‚‘
1746 1565 1785 1626 et
1811 1567 1933 1627 cetera

472 1687 474 1691 ·
495 1660 535 1747 id
558 1690 676 1778 genus
704 1687 900 1778 praecepta
917 1723 928 1765 ,
944 1663 1080 1777 quibus
1102 1687 1229 1747 tamen
1256 1660 1500 1747 observandis
1526 1658 1645 1774 parari
1670 1656 1790 1743 vitam
1814 1684 1934 1744 aeter-

497 1808 615 1884 nam,
646 1808 725 1865 non
756 1792 836 1866 uno
865 1780 955 1864 loco
985 1780 1100 1864 docet
1125 1778 1294 1864 Christus
1319 1778 1358 1863 in
1383 1776 1610 1894 evangelio?
1642 1780 1753 1860 Laos.
1784 1779 1935 1862 Praece-

429 1996 430 1999 Ν
494 1923 561 2012 pta
579 1897 762 2017 Decalogi
785 1896 944 1984 omnino
974 1901 1063 1984 sunt.
1085 1896 1300 2015 excipienda
1316 1958 1329 2004 ‚
1344 1896 1476 2015 vigent
1502 1893 1606 1979 enim
1628 1891 1669 1977 in
1688 1917 1856 2010 utroque
1878 1919 1936 1980 te·

496 2040 705 2105 stamento.
1229 2078 1233 2082 -
1637 2052 1648 2059 ¹

377 2165 379 2169 ¹
501 2178 502 2183 Ν
553 2136 623 2217 lx
681 2136 786 2216 Dru.
808 2136 909 2217 Non
928 2130 1038 2248 igitur
1067 2131 1197 2217 omnia
1222 2134 1264 2218 in
1291 2156 1419 2220 vetere
1442 2129 1587 2248 figurae
1611 2154 1699 2217 sunt
1714 2188 1727 2235 ‚
1742 2151 1814 2213 aut
1836 2127 1938 2213 vati·

496 2248 601 2333 tinia.
642 2256 763 2334 Leon·
782 2249 902 2343 Quasi
932 2280 1025 2336 vero
1054 2249 1262 2364 simpliciter
1286 2252 1362 2366 ipse
1385 2248 1523 2335 luerim
1546 2249 1695 2335 locutus
1712 2308 1725 2350 ,
1740 2270 1778 2331 et
1791 2245 1943 2330 >omnia

432 2478 433 2482 Ν
451 2400 453 2403 ·
499 2366 682 2472 dixerim,
699 2396 779 2452 non
800 2367 976 2481 pleraque
992 2367 1119 2452 omnia
1137 2427 1149 2468 ‚
1166 2391 1206 2451 et
1228 2395 1366 2454 cuncta
1384 2364 1554 2455 fortasse.
1580 2372 1687 2451 Dru.
1700 2362 1836 2453 Laudo
1851 2392 1938 2447 cau·

499 2482 643 2570 tionem
660 2546 672 2590 ,
689 2513 734 2569 ac
761 2485 865 2569 unde
893 2485 1058 2569 didiceris
1076 2545 1089 2589 s
1104 2482 1269 2603 intelligo
1285 2519 1295 2571 a
1313 2487 1379 2573 sed
1404 2515 1473 2570 cur
1485 2515 1531 2572 ea
1547 2484 1779 2600 potissimum
1794 2481 1939 2597 vigent,

304 2613 489 2671 ⁶¹¹⁸⁰⁵⁸·””·‘⁸
501 2602 630 2687 ceteris
652 2602 840 2718 abrogatis
856 2611 867 2684 l
882 2606 949 2687 An
962 2601 1055 2716 quia.
1076 2600 1262 2714 pertinent
1285 2605 1337 2690 ad
1362 2632 1487 2689 mores.
1506 2600 1752 2688 instimendos
1767 2661 1780 2706 ,
1798 2623 1837 2683 et
1854 2622 1938 2683 sunt

306 2673 489 2800 milii-iii
502 2717 551 2802 ab
579 2718 656 2834 ipsa
687 2745 821 2803 natura
848 2715 1015 2832 profecta
1035 2727 1051 2802 Ξ·
1078 2723 1172 2803 Hoc
1193 2722 1292 2805 enim
1315 2744 1358 2806 et·
1382 2720 1600 2837 Augustino
1622 2719 1745 2836 placet
1773 2741 1812 2802 et
1842 2717 1940 2800 Hie·

307 2789 452 2849 mmw'
500 2864 697 2950 ronymo‚
721 2862 765 2922 ut
786 2859 929 2921 ceteros
957 2861 1100 2922 taceam
1129 2836 1361 2924 doctissimos
1390 2838 1595 2954 theologos
1605 2900 1619 2921 ..
1660 2843 1771 2922 Leon.
1800 2836 1940 2937 Certe,

500 2980 582 3037 non
609 2955 719 3067 quod
744 2955 1008 3067 Hieronymus
1031 2950 1083 3037 ira
1113 2954 1262 3040 senserit
1278 3019 1290 3062 ,
1307 2979 1374 3041 aut
1402 2957 1663 3072 Augustinus,
1677 2953 1744 3069 qui
1770 2950 1941 3035 homines

500 3066 655 3155 fuerunt
671 3132 683 3176 ,
699 3095 737 3156 et
755 3095 963 3185 potuerunt
986 3097 1107 3156 errare
1123 3131 1136 3177 ,
1152 3072 1216 3157 sed
1232 3076 1414 3190 quoniam
1437 3075 1477 3159 id
1492 3101 1584 3158 cum
1606 3070 1750 3156 ratione
1766 3068 1942 3185 congruit

501 3211 542 3273 et
566 3187 782 3304 evangelica,
809 3187 1000 3275 doctrina.
1047 3193 1152 3273 Dru„
1177 3195 1270 3275 Non
1294 3192 1472 3307 postulo,
1497 3188 1693 3305 leopolde
1709 3250 1722 3294 ‚
1737 3216 1827 3272 cum
1854 3186 1944 3270 Hie·

499 3306 656 3417 ronymi
677 3330 765 3392 utor
793 3304 854 3392 vel
871 3305 1071 3422 Augustini
1096 3306 1310 3394 testimoniis
1327 3371 1339 3415 ,
1355 3335 1400 3395 ut
1423 3311 1589 3425 ipsorum
1614 3306 1746 3419 scripta
1775 3303 1856 3418 pari
1871 3301 1944 3387 lide

502 3451 548 3507 ac
562 3422 673 3509 libros
689 3484 701 3527 ‚
717 3421 784 3538 qui
800 3431 966 3508 canonici
982 3421 1224 3510 nominantur
1241 3488 1253 3532 ,
1269 3429 1529 3542 prosequarist
1549 3426 1589 3512 id
1602 3424 1702 3509 enim
1720 3420 1866 3525 facere,
1883 3418 1945 3505 vel

503 3539 586 3654 ipso
615 3538 802 3657 inprimis
836 3543 1052 3657 Augustino
1077 3567 1230 3628 auctore
1257 3545 1295 3628 in
1324 3544 1478 3660 epistola
1491 3606 1506 3650 „
1527 3570 1626 3658 quae
1651 3565 1706 3626 est
1733 3541 1786 3625 ad
1808 3539 1946 3622 Hiero·

506 3685 666 3771 nymum
684 3720 699 3764 ‚
717 3682 889 3745 vetamur
905 3689 918 3742 t,
933 3660 1001 3745 sed
1023 3688 1251 3774 magnorum
1270 3663 1437 3748 virorum
1454 3691 1647 3776 „quorum
1671 3687 1758 3742 curn
1775 3657 1947 3741 sanctita·

505 3797 545 3858 te
561 3775 731 3860 doctrina
755 3799 797 3859 et
822 3804 1010 3860 sacrarum
1032 3776 1238 3863 litterarum
1262 3779 1392 3892 peritia
1414 3779 1609 3865 nobilitata
1621 3801 1677 3862 est
1692 3838 1705 3884 ,
1719 3799 1759 3860 et
1775 3773 1949 3860 ecclesiae

508 3893 730 3979 auctoritate
758 3893 916 4006 probata
940 3892 1070 3997 ‚dictis
1091 3894 1234 4009 absque
1253 3926 1404 3981 summa,
1425 3922 1464 3983 et
1491 3891 1684 3981 manifesta
1710 3891 1855 3978 tatione.
1882 3919 1949 3973 re-

467 4076 468 4080 t
506 4003 641 4124 stagari
654 4070 672 4115 „
688 4011 777 4096 vide
790 4039 839 4095 ne
853 4040 934 4096 non
949 4008 994 4095 sit
1008 4010 1169 4096 hominis
1182 4043 1264 4098 non
1286 4014 1409 4100 modo
1420 4013 1617 4129 pervicacis
1634 4072 1646 4117 ,
1663 4012 1729 4098 sed
1752 4009 1865 4096 etiam
1880 4006 1949 4092 im·

505 4127 708 4239 pudentisa
740 4130 884 4213 Verum
908 4129 1001 4212 haec
1015 4126 1101 4213 alias
1117 4160 1131 4213 ε.
1151 4130 1266 4217 ted'eo
1289 4132 1342 4217 ad
1356 4158 1552 4248 praecepta
1566 4129 1750 4245 Decalogi
1764 4190 1777 4233 ,
1791 4154 1892 4242 quae
1921 4125 1950 4210 si

508 4242 587 4328 vim
609 4274 714 4330 suam
745 4244 887 4332 idcirco
909 4246 950 4329 in
970 4246 1053 4362 lege
1080 4277 1238 4362 quoque
1260 4251 1474 4366 evangelica
1498 4249 1653 4335 retinere
1681 4245 1803 4331 fateris
1821 4306 1834 4350 ‚
1851 4274 1951 4358 quo·

505 4357 608 4442 niam
635 4387 678 4446 ut
708 4388 825 4467 sunt,
853 4364 904 4448 sic
930 4363 1042 4448 etiam
1070 4364 1257 4452 habentur
1282 4367 1382 4485 leges
1409 4394 1564 4455 naturae
1581 4429 1593 4473 ,
1610 4367 1639 4450 si
1653 4395 1730 4481 qua
1747 4362 1805 4448 lex
1833 4363 1904 4445 alia
1926 4389 1951 4444 a

507 4473 586 4588 jure
614 4476 743 4564 itidem
769 4504 922 4565 natutae
935 4477 1108 4595 profecta
1123 4512 1199 4569 esse
1216 4487 1417 4601 reperiatur
1433 4549 1446 4593 ‚
1462 4517 1540 4602 qua
1562 4508 1708 4570 sanctos
1724 4507 1848 4596 patres
1862 4508 1952 4564 usos

484 4588 616 4680 vluisse
637 4620 784 4681 constet
805 4597 843 4680 in
865 4623 990 4697 vetere
1015 4625 1268 4710 testamento,
1286 4605 1384 4689 hanc
1410 4635 1435 4690 a
1465 4603 1617 4690 Christo
1634 4603 1857 4716 abrogatam
1873 4625 1955 4682 esse

505 4739 634 4800 nonne
659 4739 785 4829 perte
810 4711 911 4801 nefas
932 4717 1000 4801 erit
1019 4718 1257 4807 existimare?
1290 4729 1409 4839 leges
1435 4722 1536 4808 enim
1563 4745 1719 4807 namrae
1741 4717 1792 4803 ad
1818 4743 1957 4801 omnes

504 4829 675 4920 homines
700 4863 891 4952 onmeque
915 4858 1061 4951 tempus
1086 4837 1267 4954 pertinere
1283 4903 1296 4949 ,
1311 4840 1637 4930 eruditissimorum
1656 4864 1711 4926 est
1729 4863 1957 5036 eonsergteus.

1924 4979 1959 5036 r-
