4034 5858
454 318 838 612 ›sdnrvnrs
916 434 1262 563 Gnunsn
1339 333 1917 563 sununvnnnn

549 734 553 741 ’
854 702 1526 812 CORDUBENSIS

1004 938 1365 1023 COHORTATIO
1471 954 1477 968 ‘

467 1121 470 1126 ⁴
592 1011 593 1014 ‘
705 1124 856 1254 AD
942 1113 1510 1246 CAROLUM
1593 1117 1670 1246 V.

456 1466 461 1476 .
765 1371 775 1385 ·
803 1356 1164 1431 superatorum
1191 1351 1568 1430 ruvrcrrssnrurv,

459 1589 463 1595 >
564 1543 644 1633 UT
671 1540 844 1662 FACTA
874 1538 998 1622 CUM
1029 1530 1362 1618 CfflrlsTIAle
1392 1533 1564 1637 PACE,
1587 1527 1827 1617 BELLUM

913 1678 1163 1785 suscnurr
1176 1679 1228 1748 nr
1253 1677 1457 1751 runcis.
1595 1735 1598 1741 .

522 1872 550 1952 Ι.
613 1777 921 1993 QUamquam
954 1860 1076 1947 omnis
1108 1860 1333 1949 consultatio
1363 1923 1376 1967 ,
1397 1892 1497 1979 quae
1526 1863 1576 1949 de
1609 1861 1722 1947 rebus
1751 1859 1922 1946 maximis

461 1985 686 2100 suscipitur,
713 1984 761 2069 ab
778 2013 826 2069 eo
854 1980 1096 2097 praesertim,
1125 1981 1191 2096 qui
1212 1981 1300 2067 velit
1324 1982 1451 2098 Regi,
1478 2006 1546 2066 aut
1577 1979 1800 2095 Imperatori
1829 2008 1921 2065 con·

461 2104 582 2188 silium
607 2102 727 2208 dare,
756 2098 967 2187 difficillima
996 2100 1085 2185 milri
1104 2128 1248 2214 semper
1264 2123 1320 2185 est
1348 2100 1455 2204 visa,
1485 2103 1626 2185 Caesar
1650 2097 1918 2202 invictissime,

461 2249 587 2335 eoque
603 2219 868 2335 periculosior,
895 2219 1005 2335 quod
1020 2219 1048 2303 si
1063 2249 1119 2304 res
1135 2217 1346 2304 successerit
1357 2246 1404 2302 ex
1418 2218 1623 2324 sententia,
1639 2245 1721 2302 non
1732 2215 1798 2330 qui
1813 2244 1914 2305 con·

462 2338 581 2424 silium
590 2338 758 2443 dederit,
774 2337 839 2423 sed
854 2338 920 2453 qui
936 2367 1014 2423 rem
1034 2338 1198 2453 gesserit,
1215 2335 1414 2443 laudatur,
1428 2336 1483 2422 sin
1499 2365 1566 2452 par
1583 2359 1743 2421 eventus
1757 2332 1918 2418 consilio

462 2456 666 2572 quamlibet
682 2481 782 2543 recta
798 2456 943 2542 ratione
960 2453 1054 2540 inito
1078 2450 1273 2560 defuerit,
1300 2455 1402 2539 hunc
1433 2453 1542 2540 venia
1569 2452 1795 2569 plerumque
1832 2479 1919 2536 cram

460 2574 697 2660 miseratione
712 2574 952 2689 consequitur
970 2634 982 2679 ,
1006 2573 1117 2688 culpa
1132 2602 1225 2661 vero
1241 2597 1280 2659 et
1298 2572 1435 2659 invidia
1450 2572 1572 2657 omnis
1588 2572 1627 2655 in
1656 2569 1914 2656 consultorem

461 2688 704 2777 transfertur:
734 2693 918 2778 tamenin
941 2720 985 2776 ea
1006 2714 1177 2807 tempora
1208 2690 1427 2806 reipublicae
1463 2689 1657 2777 incidimus
1689 2688 1917 2794 Christiani,

463 2809 547 2894 ursi
563 2809 623 2893 cui
637 2809 731 2925 quid
756 2812 795 2893 in
824 2833 991 2896 mentem
1015 2810 1179 2916 venerit,
1210 2809 1319 2926 quod
1340 2807 1389 2893 ad
1419 2808 1567 2895 bonum
1594 2806 1792 2924 publicum
1809 2805 1913 2920 perti·

465 2955 555 3012 nere
570 2952 678 3041 putet
696 2988 708 3033 ,
734 2927 774 3013 id
789 2928 866 3013 ullo
879 2928 943 3013 tali
959 2953 1064 3013 metu
1081 2954 1148 3013 aut
1173 2927 1337 3043 periculo
1366 2929 1598 3015 retardatum
1615 2925 1653 3010 in
1670 2949 1782 3011 tanta
1798 2953 1919 3008 rerum

463 3041 686 3132 'difficultate
702 3070 849 3150 tacere,
877 3071 1009 3132 contra
1024 3041 1078 3131 fas
1097 3072 1135 3132 et
1152 3047 1328 3159 pietatem
1346 3045 1437 3154 milri
1460 3076 1537 3132 esse
1562 3043 1749 3131 videatur.
1784 3048 1920 3156 Neque

466 3191 561 3248 vero
585 3162 722 3280 ignoro
738 3162 805 3248 tibi
819 3164 858 3248 in
874 3162 1040 3250 maximis
1059 3161 1341 3250 difficultatibus
1353 3192 1478 3279 neque
1491 3162 1689 3249 consilium
1706 3190 1918 3276 umquam,

418 3287 420 3290 ⁴
468 3309 594 3396 neque
614 3283 783 3365 animum
811 3279 996 3386 defuisse,
1020 3282 1087 3398 qui
1113 3307 1268 3369 tuorum
1285 3281 1453 3366 hostium
1475 3280 1626 3368 consilia
1650 3305 1732 3365 tam
1762 3280 1922 3394 pruden-

467 3424 524 3483 ter
537 3395 732 3484 frustratio
747 3428 815 3504 es,
844 3426 883 3486 et
900 3423 1058 3488 conatus
1074 3425 1151 3485 tarn
1174 3396 1318 3489 fortiter
1334 3400 1561 3514 repressisti,
1591 3423 1634 3484 ur
1658 3422 1830 3483 nemore
1851 3396 1913 3480 lra-

469 3540 599 3602 ctenus
615 3517 665 3603 ad
688 3516 829 3601 bellurn
856 3517 918 3607 vel
936 3517 1161 3605 simultatem
1180 3519 1265 3621 sine·
1275 3547 1344 3602 suo
1368 3516 1533 3603 maximo
1561 3516 1815 3602 incommodo
1839 3575 1851 3620 ,
1883 3536 1924 3600 et

467 3659 535 3719 tua
554 3664 700 3719 summa
717 3635 835 3751 gloria
851 3635 1141 3752 provocaverit.
1164 3636 1237 3723 Sed
1253 3635 1341 3751 quia
1359 3662 1429 3721 nec
1444 3660 1511 3721 tua
1525 3631 1678 3720 fortuna
1703 3634 1821 3722 debet
1836 3657 1922 3718 tuo

470 3752 609 3836 tumin
634 3777 673 3838 te
694 3780 851 3867 remque
866 3753 1053 3869 publIcam
1070 3753 1246 3869 pietatem
1262 3751 1457 3840 excludere
1475 3815 1487 3860 ,
1508 3776 1547 3839 et
1564 3751 1704 3838 bellum
1730 3751 1923 3867 impendet

471 3869 702 3975 maximum,
723 3894 838 3985 atque
854 3869 1059 3980 omnibus,
1091 3900 1190 3986 quae
1208 3896 1335 3957 nostra
1353 3870 1535 3958 memoria
1561 3895 1666 3990 gesta
1688 3896 1797 3974 sunt,
1815 3869 1921 3953 Chri·

470 3986 593 4073 stianis
613 3987 850 4102 periculosius
872 4051 883 4096 ,
907 3990 1047 4106 quippe
1062 3989 1165 4100 cujus
1182 3989 1388 4075 discrimine
1415 3988 1556 4102 maiora
1572 4020 1689 4107 quam
1717 4016 1925 4102 umquam,

471 4135 597 4191 rerum
613 4131 808 4191 momenta
825 4132 1019 4193 versantur
1037 4139 1046 4191 ε
1068 4107 1247 4221 explicare
1264 4106 1329 4192 tibi
1343 4107 1519 4193 constitui
1535 4137 1657 4222 ,quae
1675 4105 1768 4191 mihi
1789 4134 1926 4219 nuper,

473 4250 560 4306 cum
577 4248 670 4309 esset
687 4225 899 4311 nuntiatum
917 4229 1060 4313 Turcas
1076 4285 1089 4329 ,
1106 4250 1215 4339 capta
1231 4225 1340 4310 Buda
1364 4229 1457 4313 urbe
1475 4287 1487 4333 ,
1513 4225 1563 4311 ad
1576 4227 1750 4312 Viennae
1764 4224 1927 4310 obsidio

473 4368 562 4425 nem
595 4370 823 4455 properare,
852 4343 991 4430 solicite
1020 4343 1070 4429 de
1099 4343 1395 4435 Christianorum
1425 4342 1613 4460 republica
1642 4368 1681 4428 et
1713 4342 1926 4428 imminenti

474 4457 639 4572 periculo
656 4462 926 4547 commentanti
942 4523 954 4566 ,
973 4490 1053 4547 non
1070 4460 1209 4545 inutilia
1226 4461 1302 4548 visa
1318 4488 1428 4569 sunt,
1458 4490 1556 4578 quae
1573 4462 1639 4548 tibi
1651 4461 1690 4545 in
1703 4461 1830 4566 ltalia,
1846 4489 1925 4576 quo

471 4605 591 4691 nuper
606 4575 784 4690 optimis,
810 4601 855 4661 ut
884 4606 1024 4693 spero,
1049 4605 1087 4664 et
1103 4579 1315 4665 Christiano
1342 4582 1489 4696 populo
1508 4579 1728 4666 salutaribus
1756 4578 1925 4694 auspiciis

470 4695 681 4800 advenisti,
702 4695 752 4782 de
768 4724 914 4780 summa
933 4724 1055 4781 rerum
1074 4696 1300 4783 consultanti
1330 4723 1591 4816 suggerantur.
1627 4703 1735 4781 Tuae
1752 4726 1850 4784 vero
1865 4726 1922 4783 sa<

471 4813 630 4930 pientiae
645 4838 760 4933 atque
777 4814 1018 4904 humanitatis
1031 4811 1139 4903 fuerit
1161 4877 1173 4927 ,
1199 4846 1279 4906 non
1295 4815 1449 4905 dicentis
1464 4846 1645 4936 perquam
1674 4839 1834 4904 tenuem
1851 4813 1926 4901 for·

528 4988 530 4991 ·
1858 4960 1924 5021 tu-
