4034 5858
545 372 741 454 onntto
772 377 1105 449 tuernout.
1447 387 1515 482 367

92 529 202 612 tate,
227 503 320 623 quin
349 494 483 587 auctor
499 496 577 610 ejus
603 497 869 584 scelestissimae
898 499 1028 603 vocis,
1044 524 1143 615 quae
1159 500 1374 587 Christianis
1398 496 1536 592 bellum¹

91 625 230 740 justum
246 648 284 711 et
298 619 543 707 necessarium
559 619 597 702 in
622 647 710 702 suae
733 617 917 734 religionis
942 617 1108 704 inimicos
1124 617 1334 726 interdicit,
1362 618 1536 710 infensior

90 745 140 831 sit
161 767 200 830 et
228 740 419 859 capitalior
441 738 557 824 hostis
584 735 817 821 Christianae
833 735 1017 853 religionis
1033 762 1175 853 ,quam
1192 765 1273 823 non
1288 739 1379 826 dico.
1404 772 1538 830 omnes

88 862 289 967 haeretici,
315 859 383 976 qui
405 855 510 944 fuere
525 853 587 942 vel
602 879 690 942 sunt
706 916 719 961 ,
737 855 802 940 sed
831 855 898 970 ipsi
913 857 1026 941 etiam
1043 917 1056 962 ,
1072 856 1208 972 quibus
1221 881 1419 972 tantopere
1435 856 1538 949 favet

88 985 217 1066 Turca
232 1042 244 1085 ,
272 1005 311 1066 ct
326 1007 414 1064 cum
431 975 567 1093 quibus
582 973 804 1059 ineamdem
818 998 856 1058 et
879 974 1085 1060 libertatem
1103 1001 1269 1061 nostram
1290 977 1537 1093 conspiravit?
1563 1053 1564 1058 t

88 1099 129 1184 in
144 1098 250 1211 cujus
271 1095 427 1183 monstri
454 1091 646 1180 fraudibus
663 1115 703 1177 et
726 1087 862 1177 insidiis
886 1092 1103 1211 detegendis
1132 1094 1220 1188 scio
1235 1093 1383 1212 longius
1412 1126 1537 1185 meam

88 1219 303 1305 orationem
321 1239 540 1331 provectam
555 1241 633 1298 esse
657 1210 753 1297 tanti
774 1211 913 1297 sceleris
942 1213 1227 1330 indignatione,
1258 1244 1375 1330 quam
1393 1239 1460 1301 tua
1475 1241 1554 1302 sat-‘f
1591 1300 1595 1306 ,

87 1337 253 1452 pientia,
280 1360 319 1421 et
337 1334 480 1421 animus
507 1330 753 1417 maximarum
766 1355 805 1416 et
821 1330 1151 1445 pulcherrimarum
1168 1361 1292 1418 rerum
1316 1363 1446 1420 amore
1463 1333 1537 1420 lla-

86 1485 223 1572 grans,
249 1479 364 1570 atque
380 1451 490 1565 hujus
504 1448 746 1567 expeditionis
762 1480 828 1536 sua
844 1476 979 1566 sponte
1004 1451 1258 1566 cupidissimus
1290 1453 1505 1567 postulabat
1519 1483 1541 1563 3-

87 1575 155 1661 sed
173 1603 252 1659 non
269 1570 423 1658 fortasse
438 1600 555 1689 quam
571 1599 668 1685 opus
683 1593 764 1655 erat
785 1571 836 1658 ad
861 1569 971 1685 plane
992 1570 1295 1659 convincendam
1319 1570 1540 1661 insidiosam

86 1719 189 1778 rstrus
215 1715 448 1778 vanitatem.

144 1814 245 1896 Xlll.
305 1814 367 1895 De
389 1836 526 1927 genere
560 1805 672 1924 igitur
700 1805 786 1893 belli
814 1805 898 1892 satis
924 1868 936 1912 ,
964 1808 1073 1926 quod
1099 1807 1283 1920 eiusmodi
1310 1837 1387 1895 esse
1419 1808 1532 1897 intel-

83 1928 191 2047 ligis,
217 1954 262 2015 ut
288 1958 376 2019 cum
402 1928 548 2014 libertas
573 1951 612 2012 et
643 1926 776 2042 populi
804 1926 1003 2013 Christiani
1029 1927 1126 2014 salus
1142 1953 1304 2046 agatur,
1328 1954 1368 2015 et
1390 1928 1429 2013 in
1455 1960 1534 2014 ma·

83 2077 206 2165 gnum
222 2048 413 2135 discrimen
446 2074 593 2132 summa
610 2044 794 2163 religionis
821 2070 1016 2153 vocetur,
1040 2076 1119 2132 non
1150 2048 1271 2132 solum
1289 2070 1430 2152 tuum,
1467 2048 1535 2134 sed

82 2166 257 2252 omnium
274 2165 573 2253 Christianorum
598 2164 743 2250 animos
773 2165 932 2250 excitare
957 2189 1072 2281 atque
1101 2162 1333 2250 inflammare
1366 2167 1531 2253 debeat.

82 2285 172 2397 Jam
190 2285 280 2371 mihi
302 2285 350 2370 de
374 2284 483 2396 hujus
499 2282 587 2369 beli
611 2282 765 2401 gerendi
782 2279 960 2369 facultate
990 2285 1101 2399 plane
1128 2312 1172 2368 ac
1199 2283 1385 2372 verissime
1415 2284 1529 2371 disse·
1563 2299 1651 2350 anm
1671 2313 1727 2351 vt·

1546 2360 1726 2419 tlonispnrsde

82 2401 180 2488 renti
193 2430 415 2519 ,parumper
432 2426 470 2487 te
485 2400 654 2486 animum
683 2400 876 2487 intendere
906 2403 1114 2517 pervelim,
1142 2426 1186 2487 ut
1217 2431 1279 2486 me
1302 2421 1727 2541 suggerentegggpgigug

83 2520 251 2608 bostium
266 2518 514 2607 infirmitatem
532 2518 741 2635 intelligas,
765 2544 803 2604 et
818 2520 913 2607 vires
939 2543 1022 2604 tuas
1049 2547 1317 2636 recognoscas.
1350 2524 1435 2605 Nec
1452 2551 1529 2608 am·

85 2640 138 2724 mi
155 2641 210 2727 tui
241 2639 417 2754 reprimat
438 2638 736 2755 magnitudinem
753 2636 1048 2738 ,alacritatemve
1058 2639 1202 2724 minuat
1228 2666 1330 2724 error
1346 2667 1536 2755 quorum--

85 2757 203 2864 dam,
228 2759 390 2874 quinon
414 2785 551 2874 genere
579 2784 623 2841 ac
641 2755 779 2843 virtute
796 2756 986 2862 militum,
1013 2757 1079 2844 scd
1098 2756 1206 2872 copia
1220 2782 1259 2843 et
1284 2787 1445 2845 numero
1469 2790 1532 2848 ro·

33 2983 40 2994 ὁ
84 2875 156 2963 bur
172 2877 350 2964 exercitus
369 2877 584 2978 metientes,
611 2875 741 2960 timide
767 2873 931 2987 judicant
947 2876 996 2961 de
1019 2877 1091 2964 tuis
1109 2876 1352 2994 hostiumque
1376 2903 1533 2967 tuorum

83 2995 247 3081 viribus.
283 2993 365 3092 Qui
389 2993 419 3080 si
443 2999 679 3080 Graecorum
711 2993 1011 3110 Latinorumque
1042 3020 1293 3081 monumenta
1326 2991 1534 3085 litterarum·

83 3113 322 3230 perlegissent
338 3175 350 3220 ,
378 3112 513 3227 quibus
529 3142 586 3199 res
598 3140 642 3197 ac
658 3109 754 3198 bella
768 3113 1035 3216 continentur,
1060 3141 1159 3229 quae
1175 3115 1224 3198 ab
1237 3114 1451 3202 hominibus
1468 3146 1530 3202 or-

83 3230 139 3316 bis
156 3233 271 3318 nostri
287 3234 384 3340 ,hoc
404 3232 545 3338 est,ab
572 3231 634 3336 iis,
660 3230 727 3347 qui
742 3230 841 3317 hanc
854 3232 985 3320 mundi
1012 3259 1156 3346 partem
1179 3233 1385 3340 incolunt,
1413 3265 1533 3351 quam

84 3356 281 3467 Europam
304 3350 562 3467 appellamus,
583 3348 755 3436 cumillis
779 3351 944 3436 Asiaticis
963 3349 1177 3435 nationibus
1206 3377 1310 3467 gesta
1335 3357 1451 3459 sunt,
1485 3384 1532 3442 ex

79 3469 225 3584 quibus
241 3468 319 3556 fere
341 3466 518 3556 confusus
542 3469 836 3584 commistusque
861 3496 917 3557 est
936 3475 1146 3554 Turcarum
1163 3470 1369 3556 exercitus:
1400 3471 1535 3558 scirent

84 3587 218 3702 utique
239 3589 416 3676 maximas
440 3617 550 3704 saepe
574 3588 730 3674 istorum
759 3588 884 3702 copias
908 3617 1025 3703 parva
1047 3614 1264 3674 nostrorum
1293 3617 1409 3673 manu
1434 3585 1533 3675 fusas

85 3701 309 3823 liagatasque
338 3706 447 3795 fuisse
478 3767 492 3814 ,
528 3736 598 3794 nec
629 3706 856 3822 ignavorum
889 3707 1087 3795 hominum
1115 3706 1323 3822 quamlibet
1352 3735 1533 3823 magnam

82 3825 366 3913 multitudinem
382 3824 537 3913 fortium
555 3826 723 3915 vitorum
740 3824 837 3938 justo
855 3827 973 3915 modo
1002 3824 1174 3913 exercitui
1198 3853 1326 3941 parem
1340 3874 1358 3933 1,
1386 3825 1531 3914 nedum

78 3943 420 4058 pertimescendam
444 3971 643 4062 putarent.
1252 4036 1254 4042 ,
1523 3956 1529 3961 ”

144 4065 251 4147 XIV.
315 4067 370 4150 Ut
396 4066 495 4150 enim
519 4065 737 4154 omittamus
757 4064 924 4181 Troiana
951 4092 1160 4185 tempora,
1194 4078 1281 4154 cuni
1314 4064 1460 4153 Ilienses
1483 4095 1529 4154 ae

85 4181 252 4286 Teucri,
280 4212 379 4298 quos
396 4213 498 4269 nunc
522 4191 663 4272 Turcas
682 4187 837 4303 paulum
863 4187 1064 4274 immutato
1078 4187 1269 4273 vocabulo
1284 4187 1439 4302 quidam
1463 4217 1532 4299 pu·

83 4319 170 4383 tant
194 4303 393 4413 appellari,
426 4332 513 4389 cum
533 4303 681 4392 infinitis
698 4306 979 4424 propemodum
995 4305 1227 4391 auxiliaribus
1253 4305 1367 4419 copiis
1382 4336 1429 4391 ex
1444 4305 1533 4392 Asia

83 4414 227 4531 reliqua
245 4443 282 4502 et
297 4419 459 4508 finitimis
475 4423 688 4539 regionibus
720 4426 769 4510 ab
799 4424 961 4510 exercina
984 4430 1245 4529 Graecorum,
1271 4425 1299 4510 si
1315 4425 1364 4510 ad
1381 4425 1530 4510 illorum

81 4561 285 4619 numerum
301 4564 464 4654 spectes,
490 4543 624 4659 exiguo
641 4544 728 4631 victi
745 4572 822 4628 esse
847 4540 1088 4648 referuntur,
1119 4542 1267 4628 incensa
1295 4542 1411 4653 Troja
1438 4543 1531 4627 urbe
1640 4536 1654 4586 l

80 4676 175 4737 tunc
203 4655 314 4740 Asiae
344 4660 648 4773 opulentissima,
676 4693 723 4747 ne
748 4662 943 4771 videamur
972 4666 1176 4747 Po'e'tarum
1197 4661 1378 4780 figmenta
1395 4690 1528 4746 conse·
1557 4707 1640 4766 sug„
1660 4709 1722 4775 xrs.

45 4840 49 4844 .
79 4773 173 4856 ctari
191 4804 200 4856 ε
233 4774 392 4892 legimus
414 4778 453 4861 in
470 4805 641 4865 veterum
657 4779 835 4895 probatae
852 4777 940 4865 fidei
957 4783 1238 4886 monumentis,
1265 4784 1426 4864 Xerxem
1443 4784 1528 4889 Pers
1543 4770 1721 4888 ffifffiffi'ffi

74 4919 207 4979 satum
225 4897 399 5014 Regem,
419 4928 596 5016 *quorum
611 4900 768 5018 imperio
782 4897 930 5012 majoris
956 4901 1066 4988 Asiae
1084 4929 1223 5017 magna
1239 4928 1322 5014 pars
1348 4895 1533 5012 usquead

1460 5023 1533 5102 Aen
