4020 5864
511 422 514 428 .
670 351 734 422 11
755 350 885 433 BER.
909 347 973 422 111¹.
1015 362 1018 367 ’
1317 423 1319 425 ‚
1451 364 1520 436 519

99 513 175 594 en,
199 493 240 572 in
255 475 386 595 qiibns
404 480 512 567 *homo
529 481 667 586 absque
682 505 747 563 sno
765 478 928 561 arbitrio
941 477 1101 558 alterins
1111 480 1400 581 praescriptioni
1424 487 1463 559 et
1479 501 1547 563 vos

97 614 273 689 inntatern
288 608 472 711 sequitur.
492 599 542 682 Si
556 601 648 681 haee
664 604 848 705 expositio
859 595 982 703 proba
999 604 1056 674 est
1073 652 1084 688 ,
1102 591 1248 704 inquit,
1267 608 1303 674 et
1318 598 1447 694 clara,
1463 601 1546 677 eoi·

96 732 230 815 cimas.
255 726 327 807 Ista
341 715 525 832 expositio
542 716 570 801 si
583 715 706 828 proba
717 724 778 798 'est
797 775 810 817 ,
828 711 1020 814 Mutine,
1036 733 1152 822 atque
1168 708 1290 810 clara,
1307 736 1383 793 nox
1399 732 1455 792 est
1466 708 1547 795 illu-

102 839 210 924 strior
227 836 379 922 meridie
397 866 406 918 ε
424 834 497 918 Sin
514 841 648 936 minus,
672 831 810 944 inquit,
823 837 957 932 eluro,
976 834 1075 911 locus
1092 827 1489 934 redditurnmbiguus,
1503 843 1546 913 ni

96 964 136 1039 in
159 972 327 1040 neutram
349 968 501 1062 partem
526 958 649 1058 magis
670 957 799 1032 valere
814 949 968 1031 debeat.
1002 949 1136 1058 Specta
1156 943 1435 1057 perditissimam
1464 944 1543 1033 ho·-

92 1070 201 1157 minis
222 1069 526 1185 impudentiam,
559 1066 770 1178 cujusmodi
786 1062 1078 1179 expositionibus
1098 1061 1188 1146 velit
1215 1058 1284 1147 soli
1299 1061 1471 1146 tenebras
1486 1059 1544 1144 of·

93 1185 286 1291 fundere,
311 1217 360 1272 ne
376 1189 548 1302 ignorare
566 1184 708 1299 possis,
736 1212 814 1297 qua
830 1204 958 1282 mente
972 1241 985 1285 ,
999 1190 1088 1293 'qua
1104 1177 1326 1265 rectitudine
1349 1203 1470 1280 cetera
1487 1209 1543 1267 sa·.

93 1333 241 1390 erasum
270 1304 474 1389 litterarum
490 1302 574 1387 loca
597 1302 775 1388 adversus
802 1324 991 1412 receptam
1008 1296 1309 1383 doctissimorum
1342 1319 1381 1380 et
1395 1296 1543 1383 sanctis—

92 1420 274 1529 simorum
295 1421 469 1509 ‘virorum
500 1418 722 1505 sententiam
751 1418 1025 1532 interpretetur¹
1058 1415 1132 1500 Sed
1158 1413 1207 1499 ad
1233 1412 1402 1527 proxima
1425 1414 1542 1503 verba

89 1541 337 1653 procedamus
355 1535 729 1653 ,.peiora,etlonge
744 1535 910 1648 turpiora
926 1532 1163 1646 reperiemus.
1490 1546 1493 1549 ‘

95 1664 113 1672 ”
149 1658 197 1741 X
254 1659 400 1740 Cuma
428 1653 599 1739 Martino
628 1654 847 1768 quaeritur,
879 1653 908 1737 si
924 1678 1073 1738 servare
1090 1647 1299 1758 mandata,
1328 1662 1410 1733 non
1429 1674 1484 1736 est
1499 1649 1539 1738 in'

91 1772 252 1858 bominis
279 1797 494 1886 potestate,
517 1771 584 1885 qui
606 1772 749 1884 possint
779 1775 859 1855 oon
890 1797 967 1854 esse
1000 1794 1274 1881 supervacanea
1309 1765 1368 1853 illa
1393 1769 1539 1888 verba,-

90 1885 310 1976 ri-uoineris
337 1894 513 1971 mandato
540 1915 730 1994 servare,
756 1917 857 2001 quae
880 1909 1008 1999 aperte
1040 1897 1265 1997 potestatem
1296 1883 1536 1974 servandiin
1580 1965 1582 1968 ,

88 2035 170 2111 eo,
195 2006 256 2091 cui
272 2002 704 2121 .dicuotur,2significant
721 2005 987 2120 ,respondete
1021 2001 1071 2084 Si
1099 2008 1280 2096 volueris.
1296 2003 1453 2090 verbnm·
1477 2017 1536 2086 en
1564 2043 1669 2098 meson
1686 2061 1727 2099 re.

88 2129 318 2233 subjunctivi
339 2129 462 2226 modi,
489 2129 588 2230 qnod
601 2125 697 2206 nihil
719 2131 861 2207 asserit
879 2183 890 2227 ‚
908 2129 1007 2203 sicut
1023 2122 1214 2201 dialectici
1229 2122 1388 2223 dicunt,
1409 2122 1536 2210 condi-r
1549 2109 1728 2214 {llifflw

85 2249 259 2328 trannin
277 2247 483 2328 indicativi
508 2243 603 2323 nibil
613 2267 788 2325 asserere
797 2268 816 2325 1:
845 2254 888 2321 nt
905 2237 1136 2325 sinantur
1153 2250 1212 2325 est
1241 2236 1383 2342 Deus,
1402 2245 1535 2322 merito

86 2364 297 2444 adoratur:
328 2367 365 2442 si
381 2363 656 2461 asinarium,
684 2365 813 2444 asinos
827 2356 938 2438 habet
958 2359 1056 2439 alas.
1086 2352 1220 2465 Aspice
1238 2380 1367 2436 rursus
1378 2382 1459 2466 quo
1475 2384 1537 2440 ve·

83 2483 230 2560 terator
246 2469 636 2589 aestuansconfugiat
654 2535 666 2579 ,
686 2498 726 2559 et
741 2472 876 2588 quibus
891 2470 988 2558 tricis
1011 2469 1230 2583 implicetur.
1259 2474 1417 2585 Ergone
1429 2472 1536 2555 Mar·

85 2593 185 2698 tinus
201 2593 242 2677 in
260 2593 373 2678 >rebus
400 2589 650 2708 gravissimis,
677 2589 742 2676 ubi
771 2590 928 2678 vertitur
955 2616 1100 2675 summa
1123 2584 1337 2701 religionis,
1361 2616 1384 2670 a
1411 2588 1536 2701 sophi-

86 2734 227 2796 starum
242 2707 732 2825 captiuoculisptaesidium
762 2707 888 2822 petit,
915 2730 955 2792 et
983 2704 1144 2792 sustinet
1168 2704 1291 2790 homo
1319 2705 1536 2815 vanissimus

87 2828 289 2945 theologos
313 2851 352 2914 et
366 2825 617 2941 philosophos
637 2887 651 2932 ,
670 2854 811 2943 graves
822 2849 865 2912 et
881 2823 1064 2940 sapientes
1080 2822 1181 2909 viros
1201 2880 1221 2926 ,
1240 2822 1422 2936 sophistas
1453 2854 1579 2937 pas-ff
1629 2888 1632 2896 .
1719 2817 1723 2901 s

86 2944 153 3030 sim
169 2945 211 3028 in
224 2945 490 3030 contumeliam
515 2942 714 3057 appellare.
742 2942 913 3028 Hoccioe
935 2967 994 3026 ‘est
1020 2938 1148 3052 spiriru
1159 2939 1239 3024 Dei
1267 2967 1384 3027 sacras
1398 2940 1535 3031 litteras

84 3061 345 3176 interpretati,
377 3058 584 3145 fallentium
605 3060 855 3174 sophistarum
872 3055 1101 3173 praestigiis,
1135 3080 1201 3141 aut
1224 3054 1434 3143 ludentium
1464 3059 1535 3145 ho·

88 3177 234 3263 minum
247 3178 349 3292 iocis
373 3177 509 3286 similes
532 3173 708 3262 efficere?
737 3178 841 3288 Nom
858 3178 1090 3286 hujusmodi,
1116 3173 1206 3279 ait,
1230 3200 1394 3259 sermone
1422 3193 1534 3260 utun-

89 3311 379 3406 tuepurnnes,
394 3300 637 3402 qnondocnm
653 3303 735 3379 ruis
749 3292 887 3392 filiolis
911 3296 1058 3379 indunt.
1090 3291 1198 3400 Ergo
1217 3298 1338 3375 simile
1362 3309 1448 3397 est,
1477 3294 1533 3380 in·

86 3414 205 3528 quit,
232 3422 268 3498 si
290 3421 697 3499 noluerirmnrervore
710 3415 917 3514 mandata,
933 3410 1205 3499 conservabunt
1220 3424 1279 3496 te:
1304 3418 1391 3493 etsi
1406 3419 1535 3497 asinus

88 3539 193 3615 oona
235 3531 550 3635 ,nsinuslhnbn
584 3536 694 3612 aias.
726 3530 871 3621 ,Quam
896 3524 1045 3614 feriatus
1072 3552 1150 3610 esse
1183 3525 1344 3616 debebat
1383 3527 1535 3641 Spiritus

88 3670 266 3752 sanctus,
293 3676 381 3732 cum
399 3646 449 3730 ad
469 3645 540 3730 hos
555 3644 685 3758 jocos,
702 3645 757 3731 ad.
772 3645 838 3730 bas
864 3671 983 3759 nugas
1000 3642 1274 3745 descendebat,
1298 3673 1416 3757 quam
1442 3645 1537 3736 obli-

86 3778 148 3849 t'us
166 3763 316 3850 divinae
335 3761 555 3876 ‘maiestatis
592 3768 695 3847 Nam
718 3761 808 3877 ‘quis
830 3790 1014 3874 umquam
1041 3758 1097 3847 sic*
1114 3781 1169 3845 est
1192 3759 1288 3850 serio
1310 3762 1459 3853 locutus
1484 3765 1535 3851 ad
1557 3856 1568 3874 ..
1595 3857 1599 3866 ,

84 3909 243 3985 caecum
257 3885 347 3996 (ne
367 3884 416 3966 ab
448 3879 624 3993 exemplo
642 3878 1010 3966 eonvenientissimo
1042 3875 1298 3991 discedamus)
1323 3878 1351 3964 si
1375 3881 1535 3975 volueris

84 4001 213 4087 uidere
234 4061 247 4106 ,
275 4028 355 4085 tem
371 3997 441 4102 tibi
463 3996 708 4114 gratissimam
724 3997 927 4082 indicabo?
960 3995 1025 4082 Ad
1043 4022 1227 4084 mmmam
1244 3994 1402 4105 constat·
1417 3997 1455 4083 in
1471 3999 1534 4111 illo

84 4145 194 4200 sensu
212 4145 422 4233 numquam
460 4114 878 4230 ejtnmodi’orationem
908 4137 1013 4200 entra·
1035 4112 1206 4215 ludum,
1240 4112 1307 4225 nisi
1334 4113 1381 4204 in
1396 4116 1534 4222 rebus,

84 4261 184 4347 quae
201 4233 279 4319 fieri
296 4259 495 4349 nequeunt
515 4294 529 4339 ,
558 4241 699 4320 temere
715 4231 765 4317 ad
778 4231 883 4317 illum
904 4231 1064 4315 modum
1089 4228 1257 4343 usurpari
1276 4256 1356 4325 :ut
1379 4259 1466 4323 cum
1482 4233 1534 4319 irn

86 4349 311 4463 loquimur,
344 4353 381 4435 si
404 4351 606 4464 probatum
622 4347 762 4454 fuerit,
785 4347 940 4435 meridie
955 4358 1036 4460 non
1051 4345 1206 4434 luceres
1231 4373 1463 4470 quamquam
1489 4381 1538 4437 ne

81 4466 182 4551 baec
197 4469 351 4582 quidem
360 4467 497 4553 oratio
512 4466 643 4580 ajoco
656 4497 808 4582 prorsus
821 4465 1018 4576 abhorret,
1039 4463 1121 4548 Nisi
1148 4463 1258 4552 stulte
1273 4466 1403 4561 =Solon
1418 4470 1537 4556 Athe·
1566 4516 1588 4537 ·-
1628 4480 1663 4539 Γ)

85 4584 221 4669 niensis
249 4614 273 4669 a
296 4585 384 4671 viris
407 4585 711 4700 prudentissimis
721 4585 901 4671 laudauit
919 4642 939 4691 ,1
961 4581 1030 4698 qui
1046 4642 1071 4688 ,⁴
1091 4610 1181 4667 eum
1200 4582 1285 4667 suis
1301 4584 1441 4696 civibus
1472 4615 1538 4702 per

86 4731 275 4787 summam
307 4703 524 4816 sapientiam
555 4703 655 4818 leges
669 4701 1199 4819 condidisser‚2interrogatus
1232 4730 1299 4787 cur
1336 4732 1416 4795 non
1452 4704 1545 4820 lege.
1597 4793 1600 4798 f
1657 4796 1661 4799 Α
1784 4763 1786 4765 ·

80 4820 273 4943 cavisset,
298 4848 377 4939 qua
403 4849 530 4939 poena
559 4818 798 4921 mulctandus
820 4844 948 4932 esset,
976 4818 1005 4911 si
1030 4821 1113 4940 quis
1146 4843 1292 4941 patrem
1320 4820 1545 4911 oecidbsets

83 4991 85 4995 ·
1457 4944 1538 5028 Re-
