4140 5872
541 431 604 504 132
675 447 678 450 ,
769 403 982 501 Joattu.
1014 381 1707 521 ossasrtsapmvaosa

512 557 784 621 sacrosanctam
798 529 887 647 regii
902 526 1045 644 imperii
1062 528 1287 644 dignitatem
1311 555 1431 642 perse
1448 527 1568 644 ipsum
1586 530 1737 618 nemine
1752 559 1967 654 repugnan-

318 680 494 753 uonmrran
511 677 576 759 te,
597 653 664 738 sed
678 649 819 736 cunctis
843 647 1085 764 popularibus
1103 646 1343 741 libentissimis
1373 647 1600 734 restituitur.
1636 649 1786 748 Quibus
1805 659 1961 743 rationi·

319 743 498 855 iifflif‘u'
514 773 585 858 bus
602 769 705 859 ducti
721 832 734 878 ,
750 794 789 855 et
815 791 878 853 tot
902 767 973 852 suis
995 766 1183 881 tantisque
1213 764 1317 850 malis
1330 765 1496 850 Romani
1515 793 1778 884 ,quantopere
1796 803 1960 893 regnum

507 888 734 1006 reipublicae
755 886 926 1002 praestet
939 884 1065 972 edocti
1082 913 1133 993 ,e
1159 883 1413 999 republicaad
1443 887 1699 971 monarchiam
1732 892 1874 979 redacti
1891 957 1904 999 ,
1921 897 1961 981 li-

511 1010 644 1094 benter
670 1008 709 1091 in
733 1036 778 1092 ea
809 1005 1078 1121 perstiterunt.
1108 1008 1226 1118 Saepe
1255 1003 1356 1111 enim
1390 1028 1477 1117 post
1502 1007 1701 1092 Caesarem
1735 1009 1960 1102 dictatorem

505 1123 726 1212 ⁴facultatem
739 1126 977 1229 habuerunt,
990 1120 1256 1237 rempublicam
1272 1122 1311 1206 in
1327 1150 1607 1239 quamcumque
1622 1120 1786 1213 formam
1803 1131 1957 1240 vellent,

513 1245 801 1331 commutandi:
832 1272 1041 1357 numquam
1069 1266 1198 1327 tamen
1227 1240 1266 1325 in
1288 1269 1376 1326 eum
1404 1264 1542 1326 statum
1568 1244 1703 1329 reverti
1730 1247 1898 1361 placuit,
1921 1253 1958 1335 in

513 1390 597 1478 quo
621 1361 773 1448 fuissent
792 1386 854 1447 tot
880 1360 1121 1447 seditionibus
1152 1384 1191 1445 et
1219 1357 1489 1445 calamitatibus
1517 1359 1750 1470 conflictati,
1772 1371 1959 1455 contentis

340 1509 503 1575 raumara
514 1481 624 1567 unius
649 1480 803 1594 imperio
820 1508 831 1584 3
855 1478 923 1594 qui
946 1507 1034 1563 cum
1063 1508 1128 1563 rex
1144 1505 1244 1564 esset
1259 1538 1272 1584 ,
1289 1475 1497 1586 Imperator
1530 1478 1723 1591 dicebatur
1739 1544 1752 1588 ,
1768 1487 1959 1574 vocabulo

318 1587 425 1629 ’Μ’
514 1599 651 1685 scilicet
673 1598 795 1683 minus
816 1597 919 1712 apud
934 1627 999 1683 eos
1022 1596 1208 1683 invidioso
1224 1655 1236 1701 ,
1253 1595 1394 1711 quippe
1419 1625 1500 1712 quo
1526 1597 1640 1685 duces
1660 1600 1955 1712 bellisummam

443 1709 446 1714 ’
514 1718 755 1823 obtinentes,
776 1714 997 1830 reipublicae
1025 1739 1195 1829 tempore
1227 1714 1519 1801 nominabantur
1536 1778 1548 1822 ,
1565 1746 1610 1801 ac
1641 1741 1778 1804 statum
1792 1721 1956 1836 quidem

515 1835 671 1923 civitatis
688 1859 755 1920 aut
770 1834 913 1952 gentis,
935 1861 1034 1949 quae
1055 1834 1103 1919 ab
1119 1862 1199 1918 uno
1225 1831 1310 1921 viro
1340 1832 1463 1949 probo
1494 1857 1533 1918 et
1552 1836 1764 1950 prudente,
1783 1841 1897 1924 etiam
1912 1842 1957 1926 ci·

514 1977 573 2039 tra
596 1954 776 2040 virtutem
806 1952 995 2039 heroicam
1016 1952 1275 2068 gubernantur
1291 2011 1304 2055 ,
1319 1949 1428 2067 quod
1453 1979 1614 2068 regnum
1640 1953 1805 2059 dicitur,
1830 1959 1957 2045 ceteris

320 2167 500 2228 meme·
515 2072 691 2157 omnibus
714 2069 976 2208 rebuspublicis
995 2070 1115 2187 longo
1137 2067 1334 2158 intervallo
1350 2094 1534 2184 praestare
1552 2071 1767 2162 docuimus.
1786 2077 1958 2194 Sequitur

322 2227 417 2277 arone.
515 2213 559 2275 ut
575 2190 623 2276 de
640 2189 736 2307 regis
751 2191 1018 2276 constrtutione
1033 2189 1298 2303 creationeque
1323 2188 1564 2301 disseramus.
1900 2262 1902 2264 .

511 2370 516 2379 .
575 2311 697 2393 XVII.
758 2308 964 2423 Dupliciter
991 2337 1107 2424 regna
1124 2305 1344 2393 deferuntur
1358 2370 1371 2413 ,
1387 2337 1467 2394 uno
1484 2309 1604 2395 modo
1619 2309 1844 2399 hereditatio
1859 2313 1958 2426 jure,

515 2452 602 2511 eum
626 2426 705 2542 regi
732 2427 935 2514 demortuo
951 2424 1046 2512 lilius
1063 2488 1074 2533 ,
1091 2454 1158 2513 aut
1173 2426 1363 2542 proximus
1377 2427 1536 2541 quisque
1563 2429 1792 2544 cognatione
1819 2461 1866 2517 ex
1890 2464 1956 2519 ea·

512 2538 605 2629 ¹dem
629 2542 794 2648 familia,
814 2574 912 2661 quae
940 2545 1046 2629 initio
1075 2545 1206 2661 populi
1235 2546 1414 2631 concordi
1436 2574 1535 2633 voce
1560 2545 1622 2632 vel
1637 2546 1753 2633 tacito
1776 2578 1960 2637 consensu

376 2763 382 2777 ι
438 2762 444 2775 ι
515 2663 644 2749 ceteris
659 2663 834 2750 omnibus
850 2662 1013 2780 praelata
1028 2658 1165 2771 fuerit,
1187 2664 1377 2768 succedit,
1402 2663 1520 2750 altero
1546 2662 1712 2778 ejusdem
1741 2665 1873 2782 populi
1887 2667 1961 2754 suf·

320 2763 501 2893 lllli‘ffli
514 2777 635 2900 fragio
652 2844 665 2890 ,
679 2784 790 2900 ipsius
807 2783 876 2872 viri
890 2848 902 2892 ‚
918 2785 984 2902 qui
1000 2813 1120 2902 regno
1137 2783 1357 2902 quaeritur,
1372 2782 1571 2871 virtutibus
1594 2784 1788 2900 spectatis.
1810 2789 1959 2873 Harum

320 2884 367 2992 iisd
369 2896 471 3004 ¹132.le
514 2926 599 2987 utra
614 2926 711 2987 tatto
727 2928 772 2989 stt
795 2904 942 3017 potior,
960 2928 998 2988 et
1019 2934 1137 3021 magas
1159 2932 1182 2988 e
1206 2905 1311 2989 bono
1326 2902 1501 3018 publico,
1517 2930 1598 2988 non
1614 2928 1724 2989 vacat
1740 2929 1960 2993 controver-

513 3020 565 3104 sia
582 3082 593 3103 .
611 3020 782 3113 Quidam
797 3021 1041 3135 posteriorem
1071 3022 1186 3139 magis
1203 3021 1366 3137 probant
1382 3081 1395 3127 ,
1411 3013 1582 3136 aquibus
1605 3021 1681 3106 hae
1705 3021 1869 3107 rationes
1883 3051 1964 3109 esse

510 3136 721 3223 uidentur.
749 3139 917 3232 Primum
934 3201 946 3247 ,
962 3139 1051 3255 quia
1073 3140 1146 3254 jam
1170 3140 1322 3340 cognita
1350 3163 1616 3254 perspectaque
1632 3139 1748 3226 virtus
1774 3167 1961 3257 exspecta·

513 3277 577 3339 tae
599 3279 638 3342 et
667 3256 825 3343 incertae
843 3258 922 3371 jure
946 3258 1095 3373 optimo
1121 3285 1209 3372 prae
1224 3281 1351 3343 ertur:
1378 3285 1467 3341 eum
1493 3285 1603 3370 saepe
1626 3256 1876 3372 videamusin
1898 3290 1961 3346 ea

511 3371 603 3458 'dem
625 3370 760 3459 familia
788 3373 881 3461 filios
909 3401 948 3461 et
972 3399 1142 3490 posteros
1170 3400 1409 3490 aparentum
1430 3399 1469 3460 et
1491 3373 1676 3487 maiarum
1692 3378 1960 3491 praestantiun

512 3490 680 3580 virorum
697 3492 894 3581 uirtutibus
914 3493 1163 3610 degenerare.
1177 3493 1326 3579 Deinde
1351 3492 1444 3610 quia
1470 3493 1548 3610 regi
1563 3489 1745 3580 defuncto
1763 3523 1968 3581 nonnum-

512 3638 629 3724 quam
653 3608 751 3700 lilius
782 3641 904 3726 puer,
930 3636 996 3697 aut
1025 3609 1146 3697 infans
1174 3612 1365 3716 succedit,
1391 3635 1458 3697 aut
1485 3613 1597 3696 etiarn
1627 3637 1826 3727 postumus
1847 3614 1972 3701 relin-

512 3728 669 3838 quitur,
696 3755 741 3816 ut
772 3731 1059 3815 Lacedaemone
1079 3730 1272 3815 Charilaus
1299 3728 1465 3845 Lycurgi
1494 3726 1615 3815 fratris
1640 3729 1763 3817 filius:
1795 3760 1967 3846 quorum

512 3843 607 3929 dum
633 3846 827 3933 maturitas
850 3872 1079 3962 exspectatur
1098 3876 1286 3963 ,regnum
1313 3847 1407 3933 solet
1423 3843 1548 3933 multis
1562 3847 1814 3935 incommodis
1839 3876 1880 3937 et
1909 3880 1967 3936 se-

512 3960 714 4050 ditionibus
741 3965 931 4050 labotare.
959 3964 1081 4058 Quod
1103 3964 1246 4050 malum
1274 3993 1383 4079 saepe
1409 3963 1591 4079 Hispania
1608 3992 1736 4052 nostra
1755 3968 1892 4072 sensit,
1923 3968 1975 4052 in

509 4107 589 4198 qua
604 4082 815 4168 Ranimirus
833 4082 959 4169 tertius
972 4083 1143 4198 quinque
1169 4112 1291 4168 annos
1319 4108 1430 4168 natus
1456 4083 1636 4187 Sancti0,
1653 4081 1831 4170 Alfonsus
1846 4084 1973 4200 quin·

313 4180 494 4310 ,ffiffiss
509 4202 571 4281 tus
588 4200 722 4285 eadem
751 4226 873 4287 aetate
888 4200 1164 4307 Veremundo,
1181 4196 1360 4287 Alfonsus
1382 4230 1508 4288 nonus
1535 4201 1686 4288 Sanctio
1715 4204 1937 4319 quadrimus
1953 4267 1980 4312 ‚

313 4303 495 4410 lsslidmde⁵
509 4312 693 4404 Alfonsus
710 4320 930 4416 undecimus
960 4320 1024 4407 vix
1055 4319 1149 4404 dum
1172 4347 1337 4435 egressus
1361 4321 1523 4434 primum
1555 4321 1683 4406 aetatis
1714 4327 1866 4407 annum
1886 4328 1983 4410 Fer·

510 4434 674 4541 nando,
702 4437 869 4547 Joannes
897 4439 1081 4524 secundus
1112 4467 1278 4523 mensem
1304 4439 1524 4556 vigesimum
1554 4467 1668 4556 agens
1699 4439 1869 4527 Henrico
1894 4471 1970 4555 pa·

511 4552 633 4638 tribus
658 4553 697 4637 in
714 4583 875 4671 regnum
904 4581 1176 4661 successerunt,
1195 4582 1239 4643 ut
1269 4582 1412 4643 ceteros
1429 4620 1441 4663 ,
1458 4556 1525 4674 qui
1549 4583 1671 4644 aetate
1687 4557 1802 4672 paulo
1825 4587 1974 4672 prove·

510 4671 628 4757 ctiore
645 4734 656 4777 ,
673 4673 739 4759 sed
756 4672 882 4787 puerili
899 4673 1010 4758 etiam
1040 4704 1142 4761 nunc
1165 4705 1325 4792 regnum
1342 4676 1560 4780 iniverunt,
1577 4702 1830 4792 praeteream.
1861 4677 1974 4774 Qui-

509 4787 582 4874 bus
605 4792 836 4906 temporibus
863 4818 962 4906 quot
976 4794 1201 4908 quantisque
1217 4794 1403 4880 malorum
1435 4792 1608 4882 fluctibus
1632 4825 1698 4911 per
1714 4822 1888 4884 tutorum
1907 4825 1964 4882 re·

507 4938 709 5028 gnumque
735 4910 1016 5028 procurantium
1042 4913 1254 5002 ambitiosas
1280 4912 1571 5026 contentiones,
1600 4938 1640 5001 et
1665 4945 1866 5032 procerun
1891 4945 1962 5001 no

1889 5063 1959 5122 va·
