4034 5858
520 376 587 473 378
798 380 866 494 oe
885 379 1110 456 RATIONE
1133 378 1343 453 utentior
1369 377 1635 456 tssmuott.

492 503 698 623 siquisque
721 529 820 592 tecta
836 505 981 590 tatione
996 503 1115 610 velit,
1142 534 1253 590 suum
1268 500 1460 590 occultum
1477 505 1618 593 crimen
1633 504 1684 592 ab
1709 492 1837 595 'aiteto
1870 535 1951 597 non

459 662 463 670 ’
496 625 606 742 prodi
622 689 634 733 ,
651 654 783 712 omnes
808 650 981 711 tenemur
997 623 1145 710 alterius
1161 623 1311 710 occulta
1337 626 1489 711 crimina
1516 625 1635 711 celate
1662 626 1746 744 lege
1776 655 1951 737 naturae,

339 815 417 870 m
447 831 463 885 7
497 774 613 862 quam
636 744 804 831 Christus
829 746 869 829 in
907 743 1117 860 Evangelio
1142 742 1380 829 confirmavit
1405 744 1462 830 his
1482 745 1630 832 verbis:
1668 748 1805 837 Omnia
1838 775 1950 856 qaae.

417 851 426 872 ⁹
464 853 472 873 ⁸
500 883 651 972 aramque
669 860 789 953 vultis
816 924 830 971 ,
858 877 899 947 at
922 860 1077 969 faciant
1100 865 1211 948 vobis
1235 867 1398 948 homines
1418 925 1432 970 ,
1455 875 1514 948 ita
1539 881 1578 949 et
1600 891 1672 950 vas
1689 864 1822 973 facite
1845 876 1949 956 iilis:

498 985 590 1068 haec
606 1001 664 1069 est
677 993 771 1067 enim
789 992 850 1067 iera
868 998 904 1064 et
914 977 1132 1092 prophetae.
1166 987 1259 1067 Item
1276 982 1366 1098 quia
1381 1009 1481 1071 tecte
1510 1013 1626 1070 nemo
1656 984 1770 1071 vellet
1801 1044 1816 1090 ,
1841 1017 1942 1073 suam

499 1099 638 1187 famam
656 1105 704 1188 ab
723 1102 840 1188 altero
858 1101 1047 1216 deturpari
1074 1095 1209 1216 (quod
1227 1101 1384 1187 maxime
1400 1100 1443 1187 fit
1459 1104 1613 1189 occultis
1627 1104 1843 1189 criminibus
1860 1135 1940 1220 pro·

500 1221 664 1336 dendis)
693 1224 762 1307 hac
778 1231 936 1337 quoque
960 1221 1104 1305 tatione
1130 1219 1214 1331 iuris
1240 1247 1296 1305 est
1326 1245 1366 1305 et
1391 1221 1508 1307 divini
1532 1248 1571 1309 er
1599 1223 1773 1307 naturalis
1803 1225 1942 1310 occulta

501 1340 656 1425 crimina
674 1341 805 1426 celare.
837 1345 1006 1423 Tmoru.
1024 1343 1141 1423 Recte
1156 1366 1200 1425 tu
1215 1340 1369 1455 quidem
1385 1340 1554 1427 docuisse
1569 1341 1658 1427 mihi
1685 1341 1852 1446 videris,
1876 1371 1947 1428 sce·

502 1457 559 1544 lus
577 1488 653 1545 esse
672 1484 811 1544 temere
827 1457 1014 1543 sociorum
1039 1455 1186 1542 occulta
1215 1458 1369 1542 crimina
1397 1455 1569 1563 deferre,
1591 1484 1629 1545 et
1659 1459 1757 1573 ipsos
1793 1461 1948 1575 peccatis

501 1576 705 1692 prodendis
728 1573 931 1682 infamare,
956 1602 1026 1660 nec
1041 1575 1079 1660 id
1095 1575 1184 1660 mihi
1198 1572 1267 1661 suit
1285 1604 1466 1690 umquam
1480 1577 1711 1663 dubitabile:
1737 1579 1807 1663 sed
1832 1579 1860 1663 si
1882 1581 1947 1664 ho·

503 1695 692 1782 micidium
711 1758 723 1801 ,
740 1693 897 1810 exempli
913 1721 1043 1797 causa,
1061 1716 1101 1778 te
1118 1724 1198 1779 uno
1212 1696 1365 1781 vidente
1381 1756 1391 1800 ,
1410 1694 1521 1782 fuerit
1538 1722 1727 1810 patratum
1746 1756 1760 1799 ,
1787 1722 1828 1781 et
1843 1698 1947 1782 cada·

505 1843 595 1900 vere
611 1844 729 1930 prope
748 1815 908 1899 domum
933 1837 1039 1898 tuam
1057 1837 1237 1924 reperto,
1266 1837 1415 1927 praetor
1440 1840 1634 1900 auctorem
1660 1811 1805 1898 sceleris
1832 1814 1946 1929 inqui·

506 1961 620 2038 tens,
649 1958 687 2019 te
704 1958 846 2038 vocet,
874 1932 983 2018 aede
1005 1930 1192 2016 homicida
1211 1956 1452 2048 percontetur
1469 1965 1479 2017 ε
1507 1933 1600 2050 quid
1623 1930 1765 2044 juratus
1797 1933 1883 2018 huic
1899 1934 1948 2048 ju·

504 2049 576 2137 dici
594 2050 859 2166 respondebis?

566 2173 627 2254 ΙΙΙ.
686 2166 790 2255 Prm.
823 2169 860 2255 Si
887 2197 949 2254 me
964 2168 1156 2255 vocaverit
1174 2230 1186 2277 ,
1204 2197 1284 2255 non
1314 2172 1476 2285 parebo.
1497 2176 1596 2290 Tm.
1620 2169 1772 2262 Quidsi
1784 2194 1822 2255 te
1844 2171 1947 2256 veni·

505 2316 546 2374 te
562 2289 756 2405 co’e'getit?
788 2292 890 2372 Prm.
908 2291 1039 2402 Jutate
1055 2316 1099 2372 ac
1114 2290 1370 2402 respondere,
1394 2315 1582 2405 quatenus
1609 2314 1747 2404 potero
1767 2348 1781 2393 ,
1806 2318 1950 2374 recusa·

506 2406 571 2491 bo.
591 2413 685 2493 Tus.
702 2407 859 2492 Resistes
874 2408 1005 2522 igitur,
1017 2432 1203 2520 quantum
1219 2407 1287 2492 etit
1303 2407 1341 2490 in
1356 2433 1394 2493 te
1413 2408 1618 2524 ,potestati
1647 2407 1880 2514 sublimiori,
1908 2427 1949 2492 ac

345 2539 415 2590 Μ·
427 2551 464 2602 ¹a
506 2526 664 2640 proinde
681 2525 908 2612 ordinationi
925 2525 1023 2629 Dei,
1040 2532 1102 2609 cui
1119 2533 1183 2631 qai
1198 2534 1346 2609 resistit
1364 2589 1376 2631 ‚
1394 2531 1469 2610 sibi
1485 2534 1752 2612 damnationem
1771 2531 1946 2633 adquirit,

507 2671 664 2731 auctore
682 2643 817 2728 Paulo.
832 2677 924 2727 ruri.
949 2648 1043 2726 Non
1061 2644 1190 2728 resistit
1206 2645 1405 2758 potestati,
1425 2648 1492 2761 qui
1508 2672 1712 2761 non-paret
1726 2645 1863 2759 iniquis
1878 2643 1948 2753 ejus

346 2834 432 2888 mn
445 2850 480 2900 ῃ
507 2763 718 2878 imperatis:
753 2792 842 2846 nam
872 2757 1061 2878 praefectis
1080 2776 1305 2871 potestatem
1334 2771 1374 2844 in
1390 2763 1683 2864 aedificationem
1710 2792 1791 2848 esse
1813 2764 1947 2866 datam,

508 2909 576 2967 naa
602 2891 641 2965 ia
662 2886 974 2987 destructionem,
1008 2879 1109 2965 idem
1137 2879 1277 2964 Paulus
1293 2905 1462 2967 testatur.
1491 2888 1587 2969 Tm.
1615 2887 1679 2969 An
1695 2881 1764 2966 tibi
1783 2880 1945 2969 videntur

427 2998 430 3004 ’
510 3001 638 3116 iniqua
654 3002 832 3115 imperata
849 3061 861 3105 ,
877 3028 976 3113 quae
992 2998 1068 3082 huc
1083 2998 1295 3112 pertinent,
1321 3024 1367 3084 ut
1383 3026 1507 3087 sontes
1535 2995 1605 3117 pto
1628 2999 1827 3085 sceleribus
1852 3026 1949 3082 com·

511 3120 624 3206 missis
641 3119 849 3235 plectantur
874 3120 923 3205 ab
949 3145 1027 3224 eo,
1058 3116 1125 3233 qui
1149 3118 1231 3201 Dei
1246 3124 1417 3204 minister
1432 3136 1490 3204 est
1511 3178 1525 3227 ,
1548 3123 1691 3204 virides
1705 3113 1749 3200 in
1772 3126 1871 3204 iram
1889 3123 1948 3221 ei,

309 3280 312 3284 ⁸
347 3236 421 3352 2221
428 3241 466 3339 12·
510 3248 577 3347 qui
594 3247 727 3321 malum
749 3247 855 3348 agit?
1256 3255 1259 3259 ’

569 3360 636 3443 lV.
697 3360 796 3441 Puri.
823 3353 945 3449 Quod
974 3352 1110 3467 justum
1128 3367 1216 3460 e‘st,
1245 3355 1285 3441 id
1308 3362 1414 3442 Deus
1437 3357 1563 3471 jubet,
1585 3383 1630 3445 ut
1654 3357 1750 3471 juste
1775 3379 1947 3470 exsequaa

499 3487 615 3562 mur:
641 3497 792 3591 praetor
817 3499 944 3559 autem
961 3472 1098 3559 vindex
1112 3497 1179 3586 est
1206 3477 1247 3556 &
1274 3474 1385 3586 judex
1414 3476 1610 3561 criminum
1643 3472 1950 3575 manifestorum,

510 3596 659 3681 occulta
678 3616 829 3709 peccata
843 3591 916 3676 Dei
944 3590 1081 3704 judicio
1102 3617 1364 3677 reservantur:
1392 3593 1575 3709 siquidem
1597 3593 1718 3678 homo
1736 3622 1783 3678 ea
1808 3619 1952 3679 tantum

510 3714 646 3821 vider,
676 3741 776 3828 quae
794 3735 1002 3827 apparent,
1027 3715 1132 3795 Deus
1161 3724 1290 3796 autem
1318 3710 1484 3798 intuetur
1514 3742 1610 3815 cot,
1635 3737 1680 3799 ut
1708 3737 1768 3797 est
1795 3712 1837 3796 in
1868 3712 1953 3797 libro

353 3829 483 3942 {2553}
510 3837 687 3950 Regum:
721 3861 765 3916 ac
786 3857 830 3916 ut
860 3827 995 3914 Paulus
1021 3851 1202 3914 testatur:
1239 3831 1348 3912 Deus
1362 3837 1402 3911 ia
1432 3834 1493 3913 die
1504 3834 1645 3939 judicii
1668 3838 1818 3917 occulta
1842 3832 1954 3913 barni-

498 3976 595 4053 ¹nam
603 3954 806 4063 judicabit.
841 3951 934 4043 Qua
950 3946 998 4032 de
1015 3976 1054 4032 re
1070 3948 1189 4033 Sixtus
1202 3947 1388 4032 secundus
1404 3952 1507 4064 Papa
1521 3975 1560 4035 et
1573 3976 1715 4064 martyr
1732 3949 1771 4035 in
1790 3948 1954 4062 epistola,

309 4164 311 4168 ⁸
509 4100 608 4187 quae
626 4069 746 4156 estad
771 4067 976 4182 Episcopus
992 4065 1284 4182 Hispaniarum,
1307 4067 1399 4152 haec
1413 4067 1635 4153 sanctissime
1669 4097 1712 4152 ac
1747 4065 1956 4183 prudentis·

321 4247 360 4296 E,
380 4245 424 4297 fl„
437 4259 499 4296 (οη.
511 4191 601 4275 sime
617 4189 752 4303 scripta
774 4186 945 4301 reliquit:
981 4183 1151 4290 Eorum,
1183 4185 1304 4301 inquit
1328 4249 1340 4293 ,
1364 4212 1457 4293 qnae
1482 4190 1721 4271 nominitant
1737 4194 1954 4298 incognita,

321 4308 368 4358 ⁶¹·
510 4316 610 4392 salus
626 4312 734 4409 Dens
743 4309 939 4415 jndenest
949 4305 1095 4413 justus.
1131 4309 1184 4388 Et
1199 4303 1314 4418 paulo
1334 4330 1447 4419 post:
1480 4307 1620 4388 Nullus
1646 4334 1739 4415 ergo
1762 4321 1890 4418 potest
1913 4331 1954 4387 err

335 4486 439 4536 „dnn
456 4500 497 4548 ³2·
510 4429 662 4512 humano
688 4432 921 4510 condemnari
942 4431 1109 4505 examine
1135 4482 1150 4527 ‚
1182 4449 1287 4528 quem
1315 4426 1425 4507 Deus
1449 4451 1518 4507 sua
1543 4429 1692 4534 judicia
1725 4431 1955 4510 reservavit.

321 4551 481 4599 “ube“ffl‘·
509 4552 552 4632 In
569 4577 685 4663 quam
701 4541 923 4629 sententiam
948 4542 1125 4625 Urbanus
1151 4541 1337 4627 secundus
1364 4542 1403 4625 in
1433 4544 1606 4657 quodam
1629 4544 1811 4659 rescripto
1838 4569 1957 4629 taraus

509 4665 764 4781 quorumdam
791 4659 1008 4744 clericorum
1034 4683 1211 4772 peccata:
1247 4662 1311 4742 De
1328 4661 1543 4766 manifestis
1563 4686 1577 4766 ,
1595 4661 1717 4776 inquit
1737 4724 1748 4766 ,
1765 4670 1960 4771 loquimur,

506 4800 737 4883 secretorum
761 4795 882 4862 autem
911 4780 1018 4858 Deus
1043 4786 1211 4888 cognitor
1236 4794 1295 4861 est
1321 4795 1358 4861 et
1380 4784 1529 4888 jadera:
1561 4780 1723 4893 praetori
1750 4810 1851 4899 ergo
1869 4779 1959 4866 male

487 4899 779 5021 rempublicam
790 4896 1087 5003 administranti,
1116 4925 1160 4982 ac
1176 4922 1321 5012 praeter
1343 4897 1443 5015 leges
1459 4922 1499 4985 ct
1514 4895 1681 4985 officium
1706 4928 1825 4985 suum
1844 4896 1963 5015 inqui·

485 5070 512 5079 .,
1880 5044 1967 5105 ren«

493 4430 499 4443 Ι
