4034 5858
520 367 587 437 DE
611 364 757 458 JUSTIS
781 365 913 435 BELLI
933 365 1104 438 CAUSIS.
1443 351 1509 466 337

77 486 189 630 quod
220 489 384 580 convivii
413 487 655 575 similitudine
685 488 927 574 continetur.
974 493 1103 595 Nam,
1133 517 1221 574 cum
1253 488 1361 606 primi
1391 492 1618 591 invitarit„

77 614 206 699 venire
222 608 439 711 noluerint3
473 608 628 693 secundi
652 608 868 722 permonita
896 630 937 693 et
965 606 1136 693 doctrina
1156 605 1294 695 suerint
1326 612 1376 697 ad
1406 612 1533 726 epulas

72 732 222 816 divinas
236 727 471 815 introducti.
503 725 712 840 postremi,
743 749 787 812 ut
815 728 984 833 intrent,
1016 727 1189 842 compelli
1214 721 1411 840 jubentur.
1440 733 1533 827 Qua

75 847 125 933 de
142 879 205 935 re
215 846 449 965 Augustinus
477 844 634 959 epistola
650 844 802 951 ultima,
833 870 873 932 et
900 846 1111 930 habeturc.
1137 849 1406 957 displicer,23
1357 878 1531 965 23...q4

71 995 164 1052 cum
192 967 257 1080 ipsi
290 966 498 1081 primorum
515 988 733 1098 tempotum
762 966 858 1050 ratio
888 965 938 1047 ab
962 963 1151 1049 haeretico
1171 969 1337 1052 Donato
1363 966 1533 1076 objicere

71 1109 165 1170 rur.
201 1087 290 1171 Non
307 1087 470 1167 attendis
486 1081 676 1197 ,inquit,
702 1087 801 1189 qmd
812 1097 902 1166 runc
919 1084 1097 1166 Ecclesia
1126 1107 1224 1167 novo
1256 1093 1423 1193 germine
1445 1093 1531 1194 pal·
1559 1131 1623 1185 m
1637 1144 1675 1192 7,
1808 1094 1811 1099 ’

68 1206 250 1308 lutabat,
276 1206 430 1287 nondam
459 1207 640 1310 completa
653 1198 883 1305 famatilla
858 1201 1133 1316 apropbetia,
1153 1216 1192 1283 et
1219 1204 1428 1286 manabunt
1449 1231 1531 1288 eam
1699 1213 1702 1221 '

70 1348 198 1406 omnes
218 1262 349 1430 Gieges
363 1337 517 1425 terrae,
550 1346 672 1402 omnes
684 1334 817 1457 gentes
843 1327 1012 1403 servient
1035 1319 1383 1429 rigandumque
1416 1347 1530 1428 quan·

74 1453 115 1524 io
144 1449 267 1550 magis
282 1448 485 1550 inpletur,
513 1440 774 1546 tantomajore
797 1436 1116 1520 Ecclesiasticus
1137 1452 1357 1569 potestate,
1391 1455 1434 1522 nt
1461 1467 1531 1527 non

75 1563 192 1642 solnm
216 1565 387 1663 invitet,
415 1562 612 1642 sedetiam
627 1571 739 1663 cogat
762 1557 986 1659 adbonnm,
1018 1556 1068 1641 ad
1086 1553 1190 1667 cujus
1204 1555 1531 1645 confirmationem

75 1674 221 1788 subjicit
251 1675 473 1761 Parabolam
490 1673 757 1813 Evangelieam
772 1672 849 1780 ,de
863 1701 940 1791 qua
956 1613 1043 1758 dixi.
1070 1679 1173 1759 Nam
1188 1675 1296 1790 quod
1312 1676 1420 1760 estin
1438 1704 1530 1762 con·

74 1792 162 1879 cilio
189 1793 411 1899 Toletano,
434 1818 473 1880 er
495 1820 529 1876 c.
553 1797 713 1903 majores
726 1794 773 1874 de
797 1793 901 1902 bapt.
918 1807 956 1874 et
971 1795 1052 1900 ejus
1076 1790 1239 1899 efficta,
1263 1792 1451 1880 neminem
1479 1795 1530 1881 ad

75 1910 311 1996 credendum
336 1912 424 2047 cogi
453 1911 616 2017 debere,
641 1908 801 2044 planum
811 1933 851 1996 et
873 1934 1047 2025 apertum
1065 1909 1180 1995 habet
1198 1853 1451 2018 irltellectum,
1468 1942 1531 1998 ne·
1675 1907 1680 1917 ’
1708 1909 1713 1919 “

77 2028 219 2115 minem
240 2057 311 2115 nec
343 2029 382 2118 vi
411 2054 477 2115 aut
507 2028 638 2133 bello,
662 2054 732 2112 nec
752 2025 859 2113 minis
868 2027 1189 2163 compellendum
1215 2057 1319 2134 esse,
1351 2055 1395 2117 ut
1421 2032 1530 2116 Chri-

76 2148 215 2234 stianus
230 2145 297 2233 fiat
313 2147 656 2263 ,baptismumque
672 2143 844 2260 suscipiat
868 2145 1026 2232 invitus.
1058 2146 1175 2254 Cujus
1198 2145 1294 2231 ratio
1320 2173 1403 2254 est,
1436 2178 1532 2265 quo·

80 2266 183 2351 niam
207 2296 253 2352 ea
267 2265 322 2352 vis
348 2291 443 2352 esset
471 2265 641 2371 inutilis,
673 2293 788 2348 nemo
815 2263 917 2349 enim
948 2263 1175 2370 voluntate,
1205 2293 1305 2379 quae
1337 2266 1423 2383 cogi
1451 2297 1532 2354 non

78 2381 238 2498 potest,
268 2408 535 2501 repugnante,
566 2406 693 2499 potest
708 2376 804 2467 effici
817 2379 958 2467 fidelis.
993 2386 1127 2503 Itaque
1143 2382 1314 2468 doctrina
1330 2407 1368 2468 et
1383 2413 1531 2499 persua·

83 2501 248 2589 sionibus
264 2501 451 2587 utendum
466 2525 546 2588 est.

148 2622 200 2707 X
275 2616 493 2719 Ceterum,
532 2644 576 2705 ut
596 2620 798 2756 quisquam
824 2621 992 2736 deponat
1022 2620 1151 2707 omnia
1182 2619 1474 2734 impedimenta,
1488 2647 1533 2709 ut

77 2736 289 2852 superbiam
316 2679 578 2874 licentiamque
606 2738 832 2854 peccandi,
862 2768 961 2855 quae
985 2740 1116 2825 obesse
1146 2763 1298 2853 possent
1326 2740 1532 2827 tradendae

80 2856 308 2959 doctrinae,
346 2856 453 2942 minis
491 2879 531 2940 et
556 2885 766 2970 poenarum
798 2882 904 2943 metu
936 2857 1126 2968 justissime
1154 2857 1344 2991 cogitur,
1371 2860 1533 2944 auctori-

15 3013 21 3022 ’
81 2974 153 3058 bus
169 2972 417 3090 Augustino,
444 2975 648 3061 Ambrosio
663 3000 702 3062 et
730 2974 944 3109 Gregorio:
976 3004 1065 3058 nam
1097 2975 1206 3092 quod
1222 3000 1278 3060 est
1301 2973 1340 3060 in
1371 2976 1551 3064 concilio.

82 3091 300 3196 Toletano,
335 3092 436 3178 idem
453 3093 712 3209 Augustinus,
739 3093 805 3207 qui
828 3092 907 3180 vim
923 3092 1086 3207 probat,
1120 3092 1241 3178 multo
1258 3118 1347 3178 ante
1368 3094 1531 3181 dixerat.

82 3207 477 3327 Adfidem,1nquit,
492 3236 593 3295 nemo
608 3215 792 3321 cogendus
812 3226 894 3314 est,
918 3225 962 3293 at
985 3214 1138 3293 dicitis.
1172 3209 1375 3326 alloquitur
1404 3238 1533 3299 autem

84 3327 313 3414 haereticum
338 3240 557 3416 Petilialrum
576 3360 645 3439 23.
662 3357 756 3446 33
786 3332 841 3411 ad
853 3327 996 3428 fidem:
1024 3329 1106 3411 Sed
1118 3353 1189 3411 oos
1209 3335 1533 3437 imperatoriale·

78 3473 131 3557 ge
147 3473 216 3531 nan
243 3445 463 3552 benefacere
491 3455 694 3568 cogimini,
720 3449 789 3528 sed
814 3443 1036 3550 malefacere
1056 3448 1326 3555 prohibemini.
1360 3451 1463 3531 Nam
1478 3451 1534 3531 be
1574 3503 1577 3510 «

83 3563 256 3669 nefhcere
272 3592 373 3650 nemo
390 3580 518 3675 potest
543 3572 618 3648 nisi
647 3555 801 3674 elegerit
816 3568 915 3672 quod
930 3580 988 3646 est
1012 3570 1054 3646 in
1078 3566 1197 3647 libera
1210 3571 1410 3649 voluntate.
1441 3566 1533 3650 Cam

84 3687 232 3788 mimia
250 3711 339 3791 ergo
355 3689 543 3768 adversm
564 3710 636 3766 vos
656 3689 758 3791 leges
780 3688 1034 3787 cmstirannt,
1065 3686 1253 3767 admoneri
1280 3709 1351 3767 vos
1376 3687 1534 3792 credite,
1674 3684 1677 3691 ’

82 3815 127 3883 nt
153 3808 357 3910 cogitetis,
382 3828 500 3910 qnare
527 3808 606 3884 isia
616 3807 836 3911 patiamini.
856 3804 924 3885 At
940 3741 1074 3884 idenl
1064 3828 1103 3883 tn
1125 3798 1280 3916 epistola
1296 3801 1347 3887 ad
1371 3801 1534 3889 Vincen-

82 3918 207 4023 tium,
237 3943 283 4004 ut
298 3919 458 4005 habetur
476 3950 545 4028 23.
572 3949 614 4036 q.
636 3921 676 4002 6.
706 3946 742 4002 c.
758 3922 897 4023 vides,
927 3916 977 4002 sic
1008 3916 1151 4003 senlsit:
1188 3920 1347 4024 Vides,
1382 3919 1532 4035 inquit,

82 4060 152 4118 non
166 4064 247 4121 esse
269 4043 572 4123 considerandum
601 4039 700 4145 qaod
720 4043 915 4145 qaisquam
932 4037 1109 4147 cogitur,
1137 4040 1206 4118 sed
1227 4043 1335 4142 quale
1361 4045 1416 4121 sir
1441 4044 1538 4122 iliad

81 4157 137 4236 ad
160 4159 255 4260 quod
268 4164 449 4267 cogitur,
475 4171 600 4240 raram
625 4158 755 4239 bonam
777 4159 976 4240 cartalam
1003 4213 1017 4257 ,
1041 4179 1109 4238 non
1138 4158 1236 4259 qmd
1256 4162 1452 4261 qaisquam
1469 4159 1532 4240 bo·

81 4293 155 4352 nas
164 4280 289 4387 possit
304 4302 385 4359 esse
407 4282 585 4379 invitos,
616 4275 686 4358 sed
698 4275 857 4357 timendo
880 4276 978 4379 qaod
999 4297 1067 4354 non
1088 4277 1173 4353 vult
1197 4280 1320 4382 pati,
1344 4278 1411 4355 oei
1422 4280 1536 4358 relin-

80 4396 167 4495 quit
189 4395 443 4497 impedientem
467 4398 738 4476 ammonentem
766 4450 780 4497 ,
818 4396 885 4475 oet
915 4398 1126 4500 ignoratam
1167 4397 1397 4500 compellitor
1422 4418 1536 4503 agno·

81 4532 192 4590 scere
219 4517 452 4618 nemimem,
479 4518 677 4595 attinens
692 4535 742 4592 oe
741 4514 924 4617 irespaat
950 4504 1122 4613 finitum,
1138 4509 1268 4616 dequo
1284 4513 1535 4615 contendebat,

41 4631 152 4709 avet
179 4642 340 4732 qnamat
370 4655 533 4736 onam,
564 4632 660 4735 qaod
682 4629 910 4731 nesciebat,
942 4640 984 4708 nt
1026 4629 1243 4736 ιιιΙειι3ιιι
1256 4642 1408 4731 teneat,
1441 4630 1541 4735 qaod

80 4746 250 4829 nobbat.
283 4749 387 4830 Nam
401 4745 486 4832 licet
516 4771 651 4833 contra
679 4743 883 4829 haereticos
910 4742 1004 4827 haec
1032 4742 1185 4830 disserat
1197 4744 1460 4860 Augusttnus
1477 4770 1538 4831 ta·

73 4889 180 5067 meg
191 4861 354 5078 ratquttes
369 4862 479 4984 ipsius
496 4889 630 4955 contra
649 4891 820 4980 paganos
844 4859 1175 5069 similitetvvalete,
1190 4860 1324 4951 idem
1314 4889 1391 4982 ipse
1407 4868 1542 4996 Augu·
1618 4893 1630 4911 ·

180 5007 236 5070 om
1039 5011 1065 5067 ιι
1481 4977 1543 5068 sti·
