4020 5864
626 383 694 460 ru
728 378 1061 461 tunsarum.
1132 362 1134 372 ’
1465 394 1531 496 533

88 509 291 644 probasset
322 537 390 604 aut
405 532 522 620 certe,
537 519 639 628 ¹quae
663 536 745 594 non
767 506 859 596 levis
883 531 940 595 est
953 507 1079 625 culpa,
1097 503 1249 625 publico
1266 502 1316 600 de
1330 508 1413 628 ipsis
1429 519 1560 607 Eccle-

94 646 170 733 siae
194 666 232 728 et
247 637 548 724 Christianorum
565 630 725 718 decretis
750 628 1072 716 obmurmurare:
1099 630 1207 745 quasi
1222 631 1305 747 plus
1321 633 1449 721 videat
1464 667 1564 728 unus

94 760 276 848 Erasmus
293 758 332 841 in
361 753 550 870 republica
580 747 817 855 Christiana,
835 777 954 864 quam
969 770 1035 836 tot
1050 748 1311 859 oculatissimi,
1344 755 1564 870 gravissimi,

92 874 419 996 sapientissimique
436 871 505 961 viri
520 932 532 977 ‚
547 897 715 986 quorum
731 868 916 954 sententia
932 868 1228 975 et'auctoritare,
1246 899 1471 988 suggerente
1485 879 1563 993 Spi-

90 998 169 1086 ritu
185 1000 355 1097 Sancto,
388 992 464 1077 hoc
480 989 610 1076 statuit
644 985 838 1092 Ecclesia,
858 987 968 1102 quod
1000 991 1177 1074 Erasmus
1210 988 1323 1076 vellet
1352 996 1561 1103 emendari,

91 1145 177 1205 non
193 1114 243 1200 de
258 1112 356 1200 votis
371 1110 522 1214 solum,
549 1106 615 1195 sed
632 1106 754 1204 etiam⁴
770 1106 819 1192 de
836 1104 1018 1219 plerisque
1039 1105 1150 1192 rebus
1165 1107 1241 1191 aliis
1257 1165 1272 1212 ,
1288 1133 1332 1194 ut
1346 1107 1384 1192 in
1401 1115 1561 1229 negotio

94 1229 350 1337 matrimonii,
368 1229 418 1315 de
433 1257 515 1343 quo
530 1225 622 1312 item
635 1224 790 1329 scribis,
818 1222 887 1308 tibi
901 1222 1019 1312 videri
1035 1224 1159 1311 multo
1189 1226 1313 1311 minus
1342 1229 1561 1344 perplexum

94 1349 207 1457 fore,
231 1349 281 1455 si,
296 1376 396 1463 quae
415 1346 463 1432 de
479 1343 709 1461 cognatione
740 1339 891 1457 spiritali
916 1340 1121 1429 constituta
1137 1368 1255 1452 sunt,
1289 1346 1561 1440 exhortationis

94 1469 176 1561 ¹vim
193 1469 469 1571 habeant,non
496 1461 693 1577 praecepti.
956 1562 963 1569 Ι

154 1589 271 1674 LVII.
330 1588 414 1669 Nec
445 1583 562 1699 longe
588 1579 692 1665 aliter
726 1577 867 1664 disseris
896 1575 946 1663 de
969 1577 1231 1685 caerimoniis,
1250 1609 1413 1698 quarum
1440 1613 1561 1673 enco-

96 1704 216 1792 mium
233 1702 316 1790 satis
342 1702 581 1816 impudenter
605 1728 675 1784 suo
702 1726 809 1782 more
846 1696 954 1782 Pium
981 1697 1189 1797 assumsisse
1223 1756 1238 1803 ,
1271 1703 1453 1789 nonsatis
1484 1705 1562 1820 ipse

97 1823 272 1910 modeste
302 1819 479 1908 cavillaris
511 1848 522 1903 τ
554 1845 670 1932 quem
701 1815 875 1920 locum,
916 1813 982 1927 qui
1008 1816 1117 1901 nobis
1146 1819 1215 1902 erit
1237 1817 1388 1905 ultimus
1421 1820 1460 1905 in
1491 1825 1563 1912 hac

97 1969 210 2027 causa
228 2002 240 2047 ,
270 1937 336 2024 ubi
351 1937 437 2024 Pius
462 1929 536 2022 alio
552 1961 682 2021 tamen
712 1932 844 2018 ordine
879 1956 989 2047 urget
1007 1991 1023 2036 ,
1057 1934 1261 2047 respondes
1278 1996 1291 2042 ,
1307 1961 1345 2022 te
1361 1938 1410 2024 de
1433 1940 1504 2048 hac
1521 1972 1562 2030 re

96 2058 174 2172 jam
190 2086 300 2173 saepe
333 2081 448 2172 atque
478 2053 602 2141 multis
627 2050 892 2166 respondisse:
915 2050 1025 2164 quod
1057 2052 1151 2166 quid
1167 2052 1284 2138 habet
1314 2061 1558 2191 argumenti,

96 2177 165 2265 nisi
185 2203 223 2264 te
239 2205 349 2291 saepe
379 2200 418 2260 et
436 2173 559 2260 multis
580 2200 663 2257 non
682 2165 924 2255 satisfecisse?
955 2171 1050 2251 Non
1069 2170 1213 2255 damno
1231 2232 1243 2274 ,
1272 2170 1420 2288 inqurs,
1447 2178 1561 2262 caeri-

96 2297 244 2382 monias
264 2296 313 2377 ab
328 2291 492 2376 Ecclesia
512 2290 761 2390 constitutas,
792 2286 858 2372 sed
875 2284 1077 2370 hominum
1095 2289 1363 2401 superstitiosas
1393 2317 1559 2404 tantum,

98 2437 166 2498 aut
179 2411 349 2497 homines
373 2407 427 2494 his
442 2407 627 2512 fidentes,
643 2430 682 2492 et
698 2406 736 2490 in
752 2403 808 2489 his
830 2402 1149 2516 conquiescentes.
1178 2409 1269 2491 Hoc
1285 2407 1313 2492 si
1339 2437 1471 2497 verum
1489 2439 1559 2524 est,

98 2529 307 2632 mitor,tot
321 2552 476 2642 tamque
492 2525 663 2610 oculatos
679 2524 780 2610 viros
791 2521 831 2607 in
848 2550 887 2607 re
912 2548 993 2606 non
1022 2524 1182 2607 obscura
1213 2523 1441 2612 allucinatos.
1484 2535 1561 2619 Re·

98 2649 172 2734 cita
187 2648 301 2765 igitur
317 2646 427 2752 loca,
447 2646 485 2729 in
507 2644 644 2759 quibus
659 2672 746 2728 cum
761 2641 830 2727 Pio
844 2666 925 2726 tam
940 2639 1050 2724 multi
1063 2640 1292 2728 caecutiunt.
1310 2642 1353 2724 ln
1368 2648 1561 2758 MethodO,

101 2766 223 2882 inquis
239 2827 253 2871 ,
267 2772 436 2875 scripsi,
454 2767 609 2848 Evolve
626 2763 906 2847 Testamentum*
916 2785 1018 2843 omne
1029 2786 1164 2843 novum
1181 2818 1196 2863 ,
1212 2762 1309 2843 nihil
1321 2789 1490 2870 umquam
1504 2777 1562 2850 ἰη-

98 2893 231 2968 venies
246 2899 518 2994 praeceptum,
543 2884 641 2989 quod
654 2884 704 2966 ad
726 2885 972 2965 cumimonias
985 2885 1191 2987 pertineat.
1217 2878 1292 2963 Hic
1308 2909 1395 2967 eum
1411 2908 1449 2969 re
1474 2884 1562 2974 Pius

99 3002 217 3088 citatis
232 3001 321 3088 locis
346 3000 574 3115 apertissime
599 2996 823 3113 redarguat,
850 2994 979 3109 recipis
1003 2995 1110 3087 read
1135 2996 1393 3108 notissimum,
1410 3003 1475 3087 sed
1489 3005 1560 3090 de-

101 3120 174 3205 bile
191 3120 229 3205 in
247 3118 370 3233 primis
387 3115 599 3234 perfugium
618 3175 632 3220 ,
650 3139 693 3201 ut
710 3140 869 3231 anguste
891 3141 1044 3199 revoces
1063 3115 1114 3200 ad
1139 3139 1299 3227 partem,
1312 3121 1421 3233 quod
1436 3121 1560 3229 latissi-

100 3266 163 3322 me
180 3239 321 3324 dixeras
353 3261 392 3322 et
414 3236 452 3320 in
481 3236 707 3322 universum.
730 3238 831 3316 Nam
850 3261 888 3316 te
905 3231 954 3317 de
983 3231 1071 3316 cibis
1083 3231 1279 3319 dumtaxat
1311 3261 1352 3320 et
1382 3239 1558 3348 vestibus,

100 3383 145 3439 ac
161 3356 284 3441 inedia
313 3380 352 3440 et
367 3353 501 3439 talibus
517 3355 689 3442 locutum
705 3379 782 3436 esse
798 3349 917 3436 videri
932 3349 1000 3455 vis,
1017 3377 1098 3434 non
1108 3351 1156 3435 de
1172 3350 1262 3457 aliis,
1277 3351 1470 3469 dequibus
1486 3359 1557 3444 do·

98 3497 161 3558 cet
176 3475 263 3559 Pius
287 3468 426 3557 factam
458 3500 534 3557 esse
557 3469 788 3555 mentionem
805 3468 843 3552 in
860 3498 968 3555 novo
994 3473 1253 3555 Testamenta
1285 3473 1483 3587 Ingeniosa
1497 3476 1557 3560 ni-

95 3591 235 3676 mirum
258 3590 452 3704 responsio
473 3651 486 3693 ,
514 3614 552 3674 et
569 3616 668 3702 quae
693 3587 743 3672 ad
759 3587 938 3701 plurimos
953 3587 1078 3672 nodos
1094 3586 1332 3701 explicandos
1346 3587 1451 3679 facile
1465 3625 1557 3708 pos·

94 3706 141 3793 sit
157 3706 448 3795 accommodari.
473 3708 511 3792 Si
528 3707 611 3823 quis
626 3704 737 3822 igitur
757 3704 945 3791 Aristoteli
957 3734 1073 3790 omne
1097 3705 1234 3790 animal
1246 3707 1427 3821 pulmone
1446 3742 1557 3826 prae-

69 3886 71 3889 ·
96 3825 218 3912 ditum
233 3846 313 3912 esse
328 3821 533 3940 praefatus,
552 3823 706 3939 piscium
722 3848 762 3909 et
775 3823 1001 3909 insectorum
1013 3824 1184 3937 exemplo
1194 3826 1453 3944 redarguatur,
1468 3832 1557 3947 qui-

94 3944 167 4030 bus
200 3969 316 4063 negat
344 3944 444 4029 idem
465 3941 711 4058 philosophus
745 3971 829 4027 eam
860 3967 1004 4058 partem
1025 3967 1196 4026 anatura
1223 3943 1379 4051 datam,
1407 3973 1556 4035 strenue

94 4063 266 4177 expediet
298 4067 456 4147 Erasmo
489 4087 645 4148 auctore
679 4057 937 4147 difficultatem
955 4121 967 4164 ,
985 4060 1108 4144 sinon
1135 4060 1183 4145 de
1208 4062 1399 4176 aquaticis,
1415 4066 1479 4150 sed
1505 4069 1554 4152 de

92 4182 324 4266 terrestribus
352 4183 550 4267 dumtaxat
579 4180 800 4265 animalibus
821 4179 979 4293 ,eisque
1013 4178 1232 4292 spirantibus
1260 4179 1401 4265 dicrum
1442 4214 1553 4271 suum

93 4293 246 4414 intelligi
270 4298 419 4385 se'velle
435 4298 623 4384 reclamet.
653 4305 708 4382 lta
726 4325 814 4381 cum
829 4319 867 4382 te
883 4320 1021 4412 urgeat
1034 4320 1101 4380 tua
1119 4293 1363 4402 delinitione,
1391 4300 1457 4414 qui
1469 4330 1555 4388 eae·

92 4413 292 4501 rimoniam
308 4444 385 4527 esse
407 4414 565 4522 definis,
592 4414 779 4531 quidquid
805 4440 956 4501 externe
990 4414 1169 4530 geritur,
1203 4413 1253 4498 ad
1279 4415 1421 4500 cultum
1460 4420 1554 4505 divi·

90 4559 187 4617 num
220 4537 282 4620 vel
314 4534 530 4650 religionem
557 4534 775 4648 pertinens,
799 4561 843 4618 ut
868 4562 934 4646 per
959 4557 998 4617 te
1029 4537 1272 4617 Sacramenta
1289 4564 1446 4649 quoque
1479 4539 1551 4624 sint

90 4650 322 4737 caerimoniis
339 4654 651 4755 annumeranda,
682 4653 731 4737 de
763 4650 900 4766 quibus
925 4651 1090 4764 plurima
1115 4650 1257 4735 mentio
1275 4679 1330 4737 est
1361 4653 1398 4736 in
1415 4659 1548 4741 Evan-

91 4768 221 4884 geli03
246 4797 334 4853 cum
364 4771 475 4886 igitur
502 4796 540 4854 re
564 4770 651 4853 Pius
686 4770 759 4855 tuis
788 4768 896 4852 armis
913 4769 963 4855 ad
998 4769 1100 4854 hunc
1133 4769 1293 4856 modum
1324 4800 1548 4888 oppugnet,

92 4883 270 5004 confugis
296 4886 395 4977 idem
412 4889 461 4975 ad
479 4886 682 4976 Aristotelis
708 4887 922 4977 doctrinam
941 4950 953 5000 ,
980 4888 1046 5008 qui
1062 4887 1178 4979 verba
1195 4888 1425 5003 interpretari
1450 4891 1553 5004 jubet

142 5044 146 5049 ·
1493 5037 1552 5095 se-
