4020 5864
602 412 604 416 ⁴
676 407 880 481 ntuetr
917 408 982 477 111.
1441 432 1509 506 5⁸3⁹

82 536 222 627 factum
247 551 276 623 a
291 530 583 652 prudentissimis
608 530 694 619 viris
720 532 850 620 merita
875 532 987 617 laude
1016 529 1259 623 vehementer
1282 539 1529 627 commenda*

81 683 156 763 tur,
173 656 251 772 qui,
267 685 376 761 cum,
389 652 429 736 in
443 648 633 767 frequenti
650 679 826 740 consessu
845 651 931 738 talia
946 657 1103 737 Zenone
1120 653 1360 767 disputante,
1377 685 1415 743 se
1434 659 1528 744 mul·
1599 768 1602 773 ἢ

80 775 346 861 tivictosesse
376 768 679 876 confiterentur,
710 799 903 889 assurgens
932 769 1057 884 coepit
1084 799 1214 856 coram
1237 774 1378 860 cunctis
1402 774 1527 863 inam-
1587 784 1588 791 ‘
1642 801 1645 810 ’

79 893 238 998 bularel,
263 890 411 1006 etquid
429 913 599 1005 agereta
622 895 780 975 Zenone
816 892 1092 1006 interrogatus,
1120 891 1352 1006 respondisse
1379 891 1524 982 fertur:

77 1015 239 1105 Annon
255 1009 424 1126 intelligis
440 1066 455 1113 ,
471 1014 610 1114 Zeno,
636 1016 937 1126 meargumenta
953 1031 1019 1093 tua
1036 1009 1318 1096 deambulando
1339 1008 1525 1098 refutare?

75 1126 295 1215 Hoc-'enim
312 1157 393 1214 uno
420 1155 601 1242 responso
630 1126 906 1214 simul'Zenoni
933 1126 1235 1242 impudentiam,
1262 1127 1369 1214 simul
1396 1130 1525 1217 ceteris

77 1246 269 1334 stultitiam
285 1247 468 1361 sapienter
483 1244 750 1358 exprobravit:
786 1246 835 1331 illi
849 1246 958 1362 quod
974 1245 1169 1332 sustineret
1185 1247 1355 1361 captiosis
1381 1250 1526 1334 ratiun·
1612 1290 1615 1297 ·
1680 1331 1682 1335 ,

76 1366 166 1451 culis
179 1364 418 1482 quidquam*
438 1364 477 1447 in
494 1360 869 1450 usu-manifestissima
887 1364 1112 1451 constituere
1128 1423 1143 1472 ,
1160 1364 1216 1451 his
1231 1365 1340 1480 quod
1356 1363 1526 1484 ingenio-
1570 1352 1654 1481 mai,
1689 1411 1716 1460 m

77 1508 207 1568 sorum
225 1483 438 1569 bominum
458 1481 682 1568 commentis
718 1508 859 1569 temere
891 1512 930 1569 se
954 1483 992 1568 in
1022 1510 1106 1567 eam
1143 1483 1364 1597 opinionem
1397 1487 1524 1573 induci
1541 1472 1719 1583 li'dbiinil

77 1625 322 1717 paterentur,
346 1602 408 1687 cui
435 1598 568 1687 sensus
582 1602 705 1686 omnis
721 1626 960 1719 repugnaret.
989 1600 1112 1698 Quod
1147 1602 1328 1718 Diogenis
1357 1607 1524 1717 pruden·
1539 1603 1610 1655 ⁹⁸¹⁸·

76 1718 214 1806 tissime
243 1716 385 1807 factum
408 1748 542 1806 omnes
566 1717 739 1806 homines
765 1719 959 1840 diligenter
988 1719 1027 1804 in
1049 1719 1175 1834 primis
1204 1720 1338 1806 imitati
1368 1750 1522 1831 censeo,

74 1838 144 1953 qui
174 1839 296 1925 modo
311 1837 474 1926 veritatis
490 1866 570 1924 non
594 1836 856 1926 adumbratam
888 1837 1119 1954 imaginem,
1143 1839 1209 1924 sed
1225 1839 1382 1926 solidam
1397 1867 1437 1927 et
1459 1871 1524 1931 ex-

76 1983 239 2071 pressam
255 1953 417 2073 effigiem
433 1954 472 2040 in
505 1956 611 2044 omni
634 1956 855 2073 quaestione
872 1954 1030 2042 naturali
1048 1956 1126 2042 sive
1144 1984 1268 2041 mores
1289 1957 1350 2044 vel
1380 1958 1526 2078 religio·

74 2099 167 2159 nem
184 2071 392 2192 attingente
408 2075 666 2189 conquirunt,
697 2105 746 2162 ne
759 2072 954 2162 vafrorum
970 2073 1169 2160 bominum
1198 2074 1457 2189 captionibus,
1486 2103 1525 2168 et

74 2190 401 2308 praestigiatorum
419 2190 611 2280 fraudibus
636 2191 895 2308 imprudenter
926 2193 1132 2307 capiantur.
1165 2194 1240 2279 Sed
1256 2193 1349 2278 haec
1364 2195 1524 2309 pruden·

73 2308 129 2394 tia
144 2336 233 2393 cum
266 2311 398 2396 sedulo
414 2311 460 2395 sit
476 2310 584 2395 nobis
602 2311 744 2397 cunctis
767 2309 805 2393 in
837 2311 948 2397 rebus
967 2309 1213 2415 adhibenda,
1240 2311 1366 2396 nescio
1381 2336 1524 2421 tamen,

72 2452 131 2510 an
157 2453 319 2542 usquam
348 2426 437 2512 alias
458 2425 585 2515 utilior
616 2455 693 2513 esse
721 2428 866 2544 possit,
896 2453 962 2514 aut
987 2427 1105 2545 magis
1135 2428 1376 2533 necessaria,
1405 2458 1525 2545 quam

75 2543 142 2632 ubi
158 2544 208 2632 de
236 2541 318 2631 fato
339 2568 378 2633 et
405 2544 523 2633 libero
546 2546 700 2632 arbitrio
729 2545 941 2652 disseritur,
968 2545 1046 2634 sive
1070 2572 1126 2632 res
1154 2545 1251 2632 inter
1270 2546 1525 2663 Philosophus

76 2687 239 2778 agatur,
261 2663 340 2751 sive
355 2664 453 2750 inter
472 2663 703 2755 Christianos
718 2663 972 2788 Theologus,
995 2662 1063 2783 qui
1079 2663 1188 2751 simul
1201 2663 1325 2752 solent
1346 2665 1396 2752 de
1419 2691 1526 2783 prae·
1549 2716 1553 2722 ·

75 2780 330 2869 ⁴destinatione
353 2782 552 2898 disputare.
992 2810 994 2816 ·
1071 2850 1073 2853 ·
1374 2897 1377 2901 ἠ
1421 2809 1451 2816 ”

136 2900 266 2986 XXX.
323 2901 616 3008 Quamobrem,
643 2902 837 3009 Muttine,
863 2900 940 2988 huc
955 2923 995 2987 et
1015 2899 1101 2988 illuc
1114 2924 1154 2988 te
1178 2929 1313 3009 uersa,
1338 2901 1455 2991 tende
1480 2931 1523 2992 0-
1539 2893 1720 3028 ffi‘lfsslllb'lj

79 3044 185 3104 mnes
204 3019 387 3105 versutiae
411 3016 693 3136 calliditatisque
718 3049 856 3108 nervos
889 3082 902 3128 ,
933 3044 1041 3106 necte
1067 3018 1178 3107 dolos
1204 3082 1217 3126 ,
1242 3017 1391 3108 fraudes
1420 3051 1525 3137 para,
1539 3017 1698 3070 ’ΝΜ

82 3161 249 3251 congere
264 3137 369 3221 Pauli
392 3136 454 3224 vel
476 3136 632 3250 Joannis
654 3138 862 3253 quamlibet
885 3161 1024 3246 acute,
1048 3139 1114 3225 sed
1141 3137 1321 3226 malitiose
1350 3140 1444 3226 inter
1471 3170 1526 3229 re·

80 3274 161 3337 tata
177 3253 289 3359 loca,
318 3279 362 3340 ut
376 3253 536 3342 hominis
553 3283 677 3374 neque
701 3285 886 3374 operam,
915 3285 986 3342 nec
1018 3257 1183 3343 studium
1205 3257 1416 3374 quidquam
1433 3172 1526 3347 fice-

83 3397 124 3456 re
139 3370 344 3459 concludas
361 3373 411 3459 ad
437 3376 745 3489 consequendam
771 3373 982 3462 felicitatem
999 3435 1013 3481 ,
1047 3399 1090 3461 ut
1107 3376 1178 3461 hac
1194 3376 1430 3490 persuasione
1447 3376 1525 3465 len-

80 3512 142 3574 tos
157 3490 358 3606 pigrosque
375 3521 444 3577 nos
459 3492 593 3578 reddas
616 3493 666 3578 ad
698 3496 854 3581 virtutes
872 3493 1137 3610 capessendas,
1155 3517 1194 3579 et
1212 3493 1261 3576 ab
1274 3493 1437 3581 honestis
1449 3521 1526 3611 stu-

81 3605 271 3723 diosisque
302 3609 491 3694 laboribus
522 3612 573 3699 ad
596 3613 809 3699 socordiam
837 3610 1133 3727 voluptatesque·
1158 3611 1368 3719 traducas,
1400 3617 1523 3704 etsie

79 3751 200 3840 quam
226 3722 404 3840 plurimos
421 3729 557 3815 habeas
578 3729 698 3815 socios
721 3757 877 3819 tuorum
907 3729 1166 3847 flagitiorum;
1191 3725 1326 3817 efficies
1352 3726 1522 3842 fortasse,

84 3867 131 3928 ut
145 3844 327 3930 tardiores
341 3870 381 3932 et
404 3846 526 3933 minus
555 3848 690 3934 eruditi
724 3849 890 3937 nesciant
915 3848 1070 3964 laqueos
1096 3872 1135 3934 et
1158 3847 1345 3963 decipulas
1366 3849 1423 3935 tui
1450 3881 1523 3938 ser·

84 3962 209 4047 monis
225 3962 433 4078 explicate,
460 3994 530 4052 nec
544 3966 624 4083 pati
638 3967 816 4055 orationis
831 3967 1004 4053 acumine
1018 3963 1180 4053 refellere
1197 3995 1211 4074 3
1242 3993 1524 4083 numquam-ta·-

75 4107 171 4164 men
189 4079 332 4168 homini
357 4082 518 4201 cuipiam
539 4086 714 4201 prudenti
740 4113 779 4174 et
812 4111 926 4172 cauto
944 4085 1210 4202 persuadebis,
1239 4111 1285 4170 ut
1305 4088 1422 4202 magis
1444 4116 1523 4173 cre·

79 4194 376 4309 damnatoris,
405 4234 522 4319 quam
539 4206 785 4321 simplicibus,
817 4204 932 4320 planis
969 4203 1180 4318 apertisque
1209 4230 1394 4289 sacrarum
1426 4204 1523 4292 litte·

83 4340 211 4434 rarum
234 4322 476 4428 testimoniis,
502 4353 601 4439 quae
617 4326 760 4411 homini
785 4323 1018 4428 libertatem,
1048 4322 1322 4439 optionemque
1335 4321 1520 4431 tribuunt,

83 4456 264 4545 rectene,
286 4470 336 4525 an
350 4470 453 4527 secus
470 4470 582 4558 agere
604 4445 717 4546 velit,
746 4443 887 4547 vitam,
916 4470 965 4527 an
982 4465 1174 4546 mortem,
1199 4441 1436 4554 praemium,
1469 4471 1519 4528 an

83 4579 248 4668 poenam
273 4558 402 4655 malit,
431 4561 555 4674 qualia
573 4563 692 4648 multa
712 4592 822 4676 supra
848 4559 1167 4646 memoravimus:
1201 4583 1245 4645 ut
1273 4560 1363 4647 illud
1393 4560 1521 4646 Eccle-

85 4672 241 4759 siastici:
269 4672 539 4791 (nequeenim
556 4709 617 4766 me
638 4681 827 4796 quaedam
851 4702 1016 4793 repetere
1031 4676 1198 4797 pigebit)
1227 4680 1337 4763 Deus
1365 4681 1414 4761 ab
1443 4688 1520 4763 ini·
1567 4736 1672 4803 cm,

86 4796 141 4873 tio
157 4803 350 4878 constituit
377 4797 553 4878 hommem
570 4857 584 4904 ,
600 4813 637 4882 et
660 4804 812 4906 reliquit
829 4805 930 4881 illurn
955 4803 994 4879 r‘n
1010 4825 1118 4883 manu
1142 4802 1288 4883 consilii
1312 4805 1402 4899 sui,
1421 4800 1521 4908 arlje·

82 4915 365 5024 alterandum,
396 4906 673 5006 etcetera.·lit¹
698 4915 1025 5015 Deuteronomii:
1066 4919 1202 5007 Testes
1244 4922 1375 5004 invoco
1416 4914 1523 4999 bodie
1571 4971 1632 5039 σᾳ
1645 4988 1688 5038 m

856 5037 943 5154 Yyy
963 5067 987 5124 2
1439 5062 1527 5122 cac·
