4020 5864
616 369 685 443 IN
723 366 1054 445 ERASMUM·
1458 401 1520 470 591

98 525 184 589 tuas
209 494 484 586 erirnInationes
518 515 558 578 et
588 488 868 608 querimonias,
896 519 1013 611 quam
1028 490 1109 578 sine
1139 520 1283 612 magno
1316 523 1404 584 meo
1421 499 1548 586 crimi-

101 647 149 702 ne
181 616 366 735 negligere
397 611 486 697 mihi
520 639 598 696 non
639 610 808 715 licebat,
842 609 901 726 egi
951 639 1067 726 quam
1111 614 1219 728 potui
1250 614 1543 706 modestissime:

100 735 229 847 injuste
260 731 433 849 profecto
463 758 578 846 ages,
605 729 633 815 si
664 757 789 816 meum
818 725 1011 835 officium,
1048 753 1114 816 aut
1139 729 1316 845 pietatem
1343 735 1474 847 potius
1505 737 1545 823 in

97 852 285 938 demortui
313 849 560 951 memoriam,
584 847 829 934 ambitionem
847 847 1065 962 quampiam
1092 843 1189 936 *aut
1205 850 1243 934 in
1257 876 1295 936 te
1313 854 1543 940 malevolen·
1560 909 1630 962 Ed,
1641 855 1739 965 {om

97 971 186 1056 tiam
202 968 511 1085 interpretaberis.
544 970 646 1052 Nam
663 967 691 1051 si
705 965 798 1081 quid
815 993 908 1052 esset
940 966 978 1051 in
1005 996 1067 1054 me
1084 966 1146 1054 vel
1172 969 1309 1093 ingenii
1333 972 1393 1058 vel
1421 1001 1487 1058 eru
1518 976 1543 1037 '·
1557 971 1734 1085 ,mara-

97 1086 239 1194 tionis,
263 1087 371 1204 quod
403 1084 601 1170 scribendo
632 1085 765 1171 vellem
787 1108 1006 1188 ostentate,
1038 1116 1118 1170 non
1135 1087 1291 1175 deerant
1322 1092 1493 1178 uberiora
1506 1119 1547 1181 et

98 1205 220 1290 minus
259 1205 441 1290 invidiosa
465 1230 702 1319 argumenta.
743 1202 819 1288 Hic
847 1203 949 1289 enim
987 1203 1080 1318 quid
1108 1205 1222 1292 habet
1253 1208 1395 1323 gloriae
1426 1211 1546 1299 aliena

96 1323 250 1409 inventa
264 1322 512 1408 confirmate?
540 1321 630 1406 Odii
656 1349 772 1435 porro
806 1346 872 1406 aut
902 1320 1187 1408 malevolentiae
1217 1325 1318 1409 nulla
1350 1329 1458 1414 nobis
1484 1330 1545 1416 in-

98 1440 257 1527 tercessit
273 1471 408 1545 causa,
425 1439 561 1524 amotis
577 1466 615 1525 et
632 1437 915 1524 benevolentiae
941 1440 1107 1552 duplex,
1129 1467 1168 1526 et
1193 1473 1344 1559 magna.
1377 1448 1545 1544 Primum

96 1560 277 1673 quoniam
295 1586 362 1663 tu,
390 1557 538 1674 quoties
568 1557 616 1642 de
633 1587 693 1642 me
716 1555 755 1640 in
784 1556 855 1640 tuis
873 1555 1012 1671 scriptis
1042 1559 1273 1646 mentionem
1306 1561 1422 1672 facis,
1455 1568 1553 1679 hoc,

96 1678 205 1791 quod
235 1707 309 1793 ego
343 1706 467 1792 neque
492 1674 672 1790 postulo,
702 1702 826 1788 neque
843 1704 1040 1790 agnosco,
1070 1676 1160 1761 mihi
1192 1677 1309 1765 laudis
1335 1682 1543 1797 impartiris,

97 1824 196 1909 quae
225 1825 306 1910 quo
322 1793 440 1906 maior
465 1817 520 1878 est
555 1793 737 1879 tenuitate
765 1794 904 1907 ingenii
920 1794 1021 1897 mei,
1049 1794 1125 1879 hoc
1147 1795 1230 1910 plus
1249 1827 1309 1883 me
1338 1802 1474 1890 debere
1489 1804 1546 1888 in·

97 1913 225 2029 telligo
252 1911 426 2029 singulari
456 1935 544 1995 tuae
561 1911 601 1994 in
625 1940 686 1996 me
702 1909 919 1997 liberalitati·
952 1911 1101 1996 Deinde
1123 1913 1334 2029 quoniam,
1365 1949 1453 2004 curn
1470 1948 1547 2008 stu-

98 2030 248 2114 diorum
284 2027 506 2115 communio
536 2056 617 2112 non
654 2057 788 2142 pamm
834 2052 901 2113 aut
929 2027 1049 2114 soleat
1087 2056 1155 2115 aut
1195 2032 1331 2121 debeat
1362 2036 1546 2154 ingenuos

96 2147 241 2234 animos
267 2145 461 2233 conciliate
476 2206 489 2250 ,
507 2174 576 2229 nos
591 2146 724 2231 eadem
741 2146 802 2232 via
819 2145 967 2260 ingressi
984 2146 1096 2232 simus
1111 2147 1330 2257 litteratum,
1355 2155 1421 2241 nisi
1436 2160 1546 2273 quod

95 2289 139 2353 tu
157 2289 332 2378 superato
350 2289 482 2349 monte
515 2263 587 2374 iarn
604 2288 708 2347 tenes
731 2290 909 2346 cacumen
928 2323 941 2368 ,
960 2293 1035 2380 ego
1052 2264 1178 2351 adhuc
1196 2269 1234 2352 in
1260 2271 1442 2360 radicibus
1456 2276 1546 2363 hae-

95 2409 175 2466 reo.
201 2386 340 2497 Neque
360 2380 462 2465 enim
479 2379 506 2462 si
521 2378 700 2465 assentior
719 2379 877 2465 Albetto
893 2379 988 2486 Pio,
1004 2384 1194 2496 quaedam
1211 2385 1247 2468 in
1271 2390 1343 2473 tuis
1359 2391 1455 2476 libris
1470 2395 1548 2480 im-

96 2498 298 2613 probanti,
328 2498 498 2612 protinus
527 2521 566 2582 te
588 2526 669 2582 non
698 2528 887 2582 summum
917 2525 995 2582 esse
1028 2501 1150 2586 virum
1167 2502 1345 2593 existimo.
1379 2514 1482 2594 Nam
1499 2512 1545 2616 sis

95 2617 180 2711 licet
198 2615 404 2732 quamlibet
427 2618 617 2731 magnus,
641 2616 762 2700 horno
790 2640 918 2701 tamen
950 2643 1014 2722 es,
1040 2642 1085 2702 ut
1117 2646 1241 2734 neque
1272 2647 1311 2709 te
1340 2626 1544 2743 quisquam

96 2733 218 2819 mirati
248 2734 382 2821 debeat
416 2731 551 2819 alicubi
579 2728 687 2818 fuisse
713 2733 887 2848 lapsum,
920 2761 991 2817 nec
1012 2736 1090 2849 ipse
1119 2766 1352 2855 magnopere
1384 2747 1542 2846 moleste

94 2846 218 2958 serre,
252 2853 356 2939 sitot
373 2877 450 2938 ate
478 2867 634 2965 tamque
657 2851 765 2939 variis
790 2850 886 2936 libris
907 2849 1013 2938 editis
1038 2913 1053 2962 ,
1083 2851 1230 2970 aliquae
1260 2883 1353 2970 tuae
1379 2862 1543 2955 incuriae

94 2969 255 3057 aliorum
281 2994 453 3107 amunta
481 2969 676 3088 diligentia
703 2969 993 3090 redarguantur.
