4034 5858
507 355 573 447 82
776 307 1092 432 uenatione
1117 350 1327 431 oretum
1351 359 1621 434 testimon.

480 476 768 584 testimonium,
796 510 845 567 ne
869 507 960 567 tunc
976 482 1160 598 quidem,
1189 510 1232 569 ut
1259 512 1317 570 res
1332 508 1408 588 est,
1421 481 1698 594 indicaturum:
1728 482 1800 567 isra
1830 484 1932 571 eninr

207 683 210 689 .
286 711 349 766 Μ
358 710 424 762 M
438 720 464 757 et
480 596 603 682 oratio
631 626 747 712 quam
777 599 854 685 vim
885 601 1051 709 habear,
1082 631 1163 688 non
1180 603 1264 688 saris
1280 602 1460 719 intelligo.
1491 601 1607 688 Aliud
1631 625 1687 686 est
1703 601 1808 684 enim
1833 603 1929 686 cela·

287 772 395 820 Μ
422 782 461 818 ,
479 745 519 800 re
536 745 689 820 vetum,
703 719 810 831 quod
826 720 989 805 bono
954 749 1037 808 viro
1054 721 1203 807 multis
1193 752 1233 806 tn
1256 722 1372 811 causis
1389 719 1639 836 permittitur:
1667 719 1771 804 aliud
1798 715 1929 808 fulsum

288 844 339 892 Ψ
356 831 464 892 ΜΨ·
455 836 600 920 ‘dicere
619 836 837 923 mentiendo
850 840 995 954 ,quod
1012 868 1167 926 auctore
1193 840 1408 957 Augustino
1424 869 1504 924 non
1523 843 1666 944 datur,
1688 838 1751 922 vel
1781 868 1846 951 pro
1867 840 1927 923 vi-

479 976 529 1041 ta
523 953 720 1057 hominis,
746 955 824 1041 sine
838 956 1016 1043 crimine:
1033 957 1174 1070 juratus
1192 987 1285 1076 ergo
1302 959 1396 1073 quid
1413 983 1505 1044 tunc
1524 957 1634 1070 iudici
1658 958 1924 1071 respondebis?

477 1107 568 1158 nnn.
589 1073 743 1157 Crimen
760 1073 954 1192 diligenter
969 1076 1135 1185 celabo,
1163 1102 1202 1164 et
1217 1108 1278 1165 me
1294 1079 1417 1163 dicam
1443 1076 1535 1162 nihil
1560 1078 1679 1162 scire:
1698 1103 1771 1159 nec
1799 1100 1920 1162 notam

476 1193 667 1297 verebor,
692 1192 720 1276 si
749 1195 830 1308 quis
858 1195 964 1279 mihi
977 1198 1213 1282 mendacium
1244 1194 1422 1307 objecerit
1442 1257 1455 1301 ,
1478 1196 1660 1312 quoniam
1685 1223 1778 1279 cum
1799 1194 1848 1278 sic
1872 1195 1923 1280 lo·

474 1339 600 1427 quor,
629 1340 673 1396 ea
701 1311 786 1397 dico
815 1342 950 1429 ,quae
979 1315 1089 1430 plane
1108 1316 1227 1452 judex
1253 1315 1470 1430 intelligar,
1490 1339 1528 1399 et
1556 1342 1644 1399 vere
1675 1312 1726 1397 ad
1760 1339 1927 1399 mentem

475 1443 556 1515 non
568 1431 695 1515 modo
712 1459 861 1536 meam,
895 1432 1089 1518 sedetiam
1108 1433 1216 1566 ipsius
1234 1433 1460 1568 respondeo.
1489 1437 1593 1517 Nam
1618 1460 1706 1515 cum
1724 1431 1787 1516 ille
1804 1460 1865 1515 me
1884 1433 1929 1516 de

474 1547 516 1634 iis
531 1548 741 1634 criminibus
757 1574 897 1686 roget,
927 1551 966 1634 in
980 1581 1081 1667 quae
1110 1549 1189 1664 iure
1213 1576 1345 1687 potest
1352 1549 1570 1666 inquirere,
1587 1551 1662 1634 hoc
1654 1573 1750 1684 uest,
1772 1549 1821 1633 de
1850 1578 1929 1634 non

475 1666 657 1772 occultis,
683 1667 732 1752 sic
757 1669 873 1752 eninr
882 1670 1134 1784 interpretor,
1173 1696 1212 1756 et
1234 1670 1313 1783 jure
1337 1671 1560 1784 interpretor
1599 1667 1709 1782 ipsius
1743 1669 1924 1773 animum,

475 1815 551 1903 ego
565 1786 694 1872 itidem
711 1787 950 1902 respondeo,
969 1817 1031 1874 me
1047 1787 1137 1873 nihil
1159 1789 1248 1874 scire
1263 1816 1401 1873 eorum
1417 1786 1617 1891 videlicet,
1648 1787 1698 1872 de
1715 1787 1856 1900 quibus
1872 1786 1924 1871 ille

475 1935 538 1991 me
555 1930 693 2023 rogat,
720 1931 778 1991 et
787 1931 886 1993 recte
912 1931 1029 2022 atque
1047 1936 1160 1994 vere
1170 1905 1397 2042 respondeo.
1431 1905 1588 1990 Nam
1562 1937 1590 1990 si
1618 1903 1702 2019 quis
1734 1934 1799 1990 me
1816 1929 1925 2022 roget

474 2023 619 2131 hodie,
647 2023 853 2112 viderimne
878 2023 1049 2132 Titium,
1085 2054 1201 2142 quem
1238 2025 1315 2141 ipse
1339 2024 1565 2160 quaeritat,
1590 2052 1680 2107 cum
1713 2021 1794 2107 heti
1810 2027 1925 2107 ambo

474 2140 612 2230 fuerint
627 2142 730 2258 apud
752 2173 813 2228 me
827 2144 1000 2251 coenati,
1021 2173 1111 2232 vere
1130 2173 1298 2262 negem,
1323 2142 1350 2229 si
1368 2173 1448 2229 non
1466 2140 1624 2230 viderim
1646 2139 1795 2249 hodie,
1817 2142 1923 2256 quip-

473 2291 523 2377 pe
537 2287 637 2348 recte
653 2260 847 2379 intelligo,
868 2264 917 2350 de
945 2264 1131 2351 hodierno
1149 2262 1313 2348 medie
1305 2261 1537 2397 interrogari.

533 2386 593 2465 111.
655 2384 739 2465 Nec
765 2381 869 2467 aliter
896 2380 1048 2469 video
1036 2411 1077 2466 in
1103 2381 1247 2466 usitatis
1274 2405 1313 2466 et
1342 2379 1598 2468 anniversariis
1625 2377 1923 2495 inquisitionibus

473 2499 719 2616 collegiorum
742 2522 782 2585 et
805 2501 1077 2586 coenobiorum
1094 2498 1156 2587 vel
1170 2497 1340 2612 judices,
1363 2497 1426 2588 vel
1440 2498 1585 2584 sodales
1617 2497 1859 2584 scholasticos
1888 2520 1923 2582 et

402 2693 404 2697 ,
473 2618 707 2724 monachos,
721 2642 804 2703 turn
820 2620 964 2724 edicta,
982 2643 1066 2704 tum
1083 2643 1217 2752 rogata
1233 2642 1461 2732 etresponsa
1476 2616 1725 2732 interpretari.
1751 2621 1849 2700 Τιιε.
1864 2621 1924 2700 ln·
2007 2660 2009 2668 ·

473 2738 672 2873 geniosum
698 2761 959 2822 commentum
982 2762 1022 2822 et
1049 2737 1284 2851 speciosum,
1317 2734 1383 2820 scd
1405 2733 1495 2827 nihil
1526 2736 1672 2821 habens
1703 2760 1774 2821 aut
1795 2756 1922 2849 parum

474 2856 663 2942 veritatis:
691 2882 772 2940 non
789 2854 882 2969 quin
897 2878 997 2942 recte
1014 2877 1053 2942 et
1079 2882 1168 2941 vere
1190 2855 1239 2939 sic
1268 2853 1524 2967 respondeat,
1553 2854 1665 2970 siquis
1691 2854 1919 2987 exploratum

476 2972 614 3110 habeat
628 2971 829 3086 ,judicem
846 3001 912 3059 sua
928 2971 1070 3059 verba
1060 3002 1099 3057 tn
1116 3001 1205 3057 eum
1221 3000 1372 3056 sensum
1400 2995 1673 3087 accepturum.
1706 2972 1775 3059 sed
1788 2972 1876 3089 quia
1886 2971 1925 3056 in

476 3123 548 3196 ns,
574 3121 667 3208 quas
683 3092 795 3196 dicis,
825 3115 864 3177 et
880 3089 1051 3177 similibus
1068 3089 1397 3223 inquisitionibus,
1421 3119 1503 3175 non
1535 3090 1679 3177 indocti
1695 3119 1770 3176 nec
1786 3092 1926 3206 impru-

478 3213 610 3298 dentes
637 3209 772 3323 judices
789 3205 990 3299 formulam
1021 3207 1168 3294 testium
1193 3206 1454 3343 rogandqrum
1472 3207 1521 3303 ab
1539 3209 1767 3295 innocentio
1784 3209 1887 3294 ΙΙΙ.
1877 3238 1923 3294 ιιι

286 3321 348 3429 11¹³?
344 3325 464 3450 iiiii,
478 3329 647 3416 stitutum
664 3359 744 3413 non
768 3328 1095 3442 praetermittunt,
1113 3354 1191 3442 qua
1206 3326 1244 3410 in
1261 3323 1385 3440 primis
1398 3323 1568 3440 exceptio
1583 3325 1783 3413 criminum
1808 3327 1926 3413 occul·

287 3442 346 3550 ¹30⁶?
368 3451 391 3488 ⁵¹
414 3448 465 3498 ⁹¹¹
479 3475 609 3537 torum
632 3445 860 3561 explicatur:
887 3474 957 3531 nec
973 3445 1149 3561 equidem
1165 3444 1304 3549 video,
1335 3443 1540 3558 quomodo
1567 3445 1711 3560 possint
1737 3477 1824 3532 eam
1842 3446 1924 3532 citra

481 3596 637 3686 gravem
653 3566 810 3703 culpam·
826 3565 1047 3678 praeterite:
1078 3562 1127 3648 sic
1145 3563 1248 3649 enim
1281 3563 1475 3676 Episcopo
1491 3563 1700 3649 Vercellen.
1720 3565 1925 3680 rescripsit:

481 3689 657 3773 Formam
673 3712 768 3771 vero
787 3686 1018 3792 juramenti,
1037 3708 1187 3790 quamn
1216 3688 1367 3769 terrers
1391 3683 1695 3767 Novarieusibus
1725 3705 1844 3795 super
1871 3693 1929 3766 ir·

482 3811 681 3912 qursrtrrme
687 3801 928 3910 factendam
956 3803 1023 3887 hoc
1052 3817 1158 3910 negot
1158 3810 1194 3886 io
1221 3807 1454 3910 recepistis,
1482 3810 1522 3884 in
1551 3804 1739 3887 similibus
1764 3809 1927 3887 volumus

485 3924 687 4008 observari
703 3954 712 4006 :
738 3937 780 4007 ut
791 3922 1002 4004 videlicet
978 3936 1109 4029 jurent
1124 3927 1162 4002 cl
1159 3926 1255 4002 erici
1271 3978 1285 4023 ,
1301 3923 1399 4026 quod
1410 3937 1525 4029 super
1549 3929 1601 4006 iis
1616 3947 1708 4029 quae
1728 3931 1851 4009 sciunt
1864 3926 1928 4003 vei

485 4044 641 4126 credunt
656 4067 737 4123 esse
763 4047 802 4123 in
818 4064 889 4121 sua
913 4045 1070 4122 ecclesia
1097 4036 1370 4145 affirmanda,
1399 4053 1478 4122 tam
1493 4047 1534 4122 itt
1561 4049 1722 4152 capite,
1754 4068 1859 4150 quam
1885 4046 1927 4120 itt

486 4160 691 4263 membris,
719 4165 891 4267 exceptis
906 4162 1061 4242 ‘occultis
1078 4158 1327 4263 criminibus,
1344 4183 1483 4244 meram
1498 4174 1536 4243 at
1545 4167 1700 4271 plenam
1720 4167 1853 4246 dicam
1871 4166 1930 4241 in-

486 4281 732 4387 quisitoribus
747 4285 962 4360 veritatem

546 4397 615 4480 IV.
674 4397 760 4480 Hac
777 4394 876 4480 enim
894 4392 1056 4481 formula
1072 4419 1205 4481 contra
1200 4392 1341 4533 ‘legem
1373 4393 1656 4512 praetermissa,
1686 4396 1835 4484 indocti
1859 4397 1929 4483 ho-

485 4513 630 4618 mines,
658 4542 703 4598 ac
717 4514 815 4600 istius
830 4513 990 4599 subtilis
982 4516 1293 4650 interpretationis
1307 4515 1460 4633 ignari,
1477 4539 1650 4629 putantes
1664 4544 1702 4600 se
1719 4517 1768 4602 de
1789 4515 1930 4602 cunctis

484 4633 646 4721 omnino
662 4632 894 4719 criminibus
886 4632 1130 4751 interrogari,
1154 4634 1214 4721 vel
1230 4635 1372 4720 socium
1396 4636 1562 4750 prodent
1577 4634 1771 4720 occultum
1788 4637 1929 4721 crimen

485 4751 715 4858 indicando,
741 4750 802 4840 vel
818 4777 1080 4868 contraquam
1097 4753 1162 4868 ipst
1152 4751 1264 4838 fieri
1278 4778 1417 4890 putant
1438 4778 1642 4869 oportere,
1674 4781 1930 4868 peccatuma

484 4869 625 4961 lienum
639 4900 707 4990 per
724 4870 999 4960 humanitatem
1012 4869 1232 4965 celantes
1188 4874 1289 4996 ,ipsi
1313 4902 1352 4963 se
1379 4873 1621 4991 obstringent
1639 4902 1743 4981 suo,
1765 4902 1930 4993 propter

1878 5024 1934 5081 er·
