4006 5850
678 363 710 435 ἰ
728 358 745 436 Ῐ
759 363 787 436 Β
804 354 834 436 E
851 367 885 437 tt
934 367 963 433 1.
1438 385 1509 459 417
1678 452 1680 455 v

92 497 190 585 thios
206 492 366 610 scripsit:
398 490 612 577 Bonumest
630 488 968 574 domininationem
983 510 1051 570 nou
1072 496 1250 598 tangere,
1277 489 1347 572 red
1367 504 1530 599 propter
1564 510 1724 569 nacor·

83 617 372 721 fornicationem
387 618 631 715 unusquisque
646 634 751 691 suam
766 635 917 695 uxorem
933 607 1094 709 babent,
1122 622 1161 689 et
1176 632 1409 713 unaquaeque
1423 634 1539 693 suum,

92 741 230 817 virum.
260 732 440 823 Quorum
463 729 666 813 verborum
695 757 811 841 prava
840 720 1095 839 interpretatio
1110 726 1297 838 quosdam
1323 725 1528 813 haereticos

92 851 275 935 Tatianos
291 848 409 934 dictos
424 845 461 930 in
487 845 525 930 id
551 844 681 930 erroris
697 844 869 949 induxit,
894 868 936 929 ut
952 844 1099 956 nuptias
1116 841 1274 928 omnino
1288 841 1528 953 damnarent,

90 992 267 1082 putantes
287 961 540 1078 Apostolum,
556 962 623 1079 qui
645 991 685 1046 se
711 991 778 1077 per
793 960 1063 1079 indulgentiam
1089 986 1135 1042 ea
1150 960 1278 1045 dixisse
1305 959 1528 1073 profitetur,

90 1084 239 1200 nuptias
261 1111 341 1167 tem
367 1107 543 1195 turpem,
568 1105 611 1165 ut
634 1079 751 1190 majus
768 1079 909 1165 malum
934 1079 1134 1180 vitaretur,
1168 1076 1381 1191 permisisse·
1412 1080 1530 1175 Quo·

91 1231 177 1290 rum
199 1229 302 1287 error
328 1225 407 1284 tam
423 1200 537 1315 longe
562 1199 664 1284 abest
690 1223 829 1285 arecta
844 1196 1025 1283 sententia
1047 1218 1087 1280 et
1119 1193 1329 1280 Christiana
1354 1196 1526 1307 veritate,

95 1345 141 1425 ut
155 1344 310 1404 natutae
321 1346 479 1431 quoque
495 1315 632 1401 bellum
645 1310 812 1403 indixisse
827 1315 1008 1401 videatur.
1039 1311 1145 1409 Quid
1167 1339 1223 1399 est
1240 1315 1340 1400 enim
1363 1341 1443 1402 tarn
1460 1346 1526 1404 na-

27 1520 29 1525 .
101 1436 249 1540 rurale,
280 1463 395 1551 quam
411 1433 519 1518 matis
534 1458 572 1519 et
586 1430 746 1519 feminae
763 1432 979 1544 conjunctio
995 1460 1105 1536 causa
1134 1433 1245 1543 prolis
1267 1435 1528 1549 generandae,

91 1583 172 1640 non
188 1554 309 1638 solum
324 1552 536 1664 hominibus
549 1613 560 1656 ,
574 1550 639 1636 sed
651 1551 791 1636 cunctis
807 1552 918 1636 etiam
934 1547 1100 1665 perfectis
1115 1549 1387 1638 animantibus?
1415 1554 1527 1640 Tolle

91 1671 190 1757 hanc
207 1671 314 1756 maris
329 1695 368 1755 et
382 1665 540 1754 feminae
555 1666 888 1779 conjunctionem,
913 1696 1029 1754 omne
1043 1693 1162 1783 genus
1179 1696 1260 1754 nott
1287 1670 1374 1756 dico
1404 1670 1528 1758 homi-

64 1872 66 1876 ,
91 1815 185 1874 num
201 1790 296 1896 ,sed
312 1786 558 1872 animantium
578 1785 773 1872 sustuleris.
803 1802 805 1804 ’
1271 1796 1273 1801 ’

94 1970 97 1974 -
150 1912 198 1993 Π.
256 1910 358 1991 Cum
381 1904 461 1991 sola
486 1904 598 2021 igitur
626 1903 694 1990 viri
721 1929 760 1990 et
784 1898 942 1990 feminae
973 1901 1192 1990 commixtio
1206 1905 1349 2021 generis
1369 1904 1527 1994 humani

91 2023 375 2139 perpetuitatem
390 2047 539 2108 tueatur
558 2028 652 2126 ,aut
667 2021 768 2106 nulla
783 2049 931 2136 prorsus
947 2021 1115 2107 damnati
1130 2021 1273 2128 debet,
1296 2046 1362 2109 aut
1375 2052 1422 2108 ea
1439 2054 1528 2138 pro-

91 2142 218 2229 banda
232 2166 311 2248 est,
336 2169 434 2256 quae
450 2170 515 2257 pet
531 2139 736 2257 legitimum
752 2139 969 2256 conjugium
985 2137 1142 2225 allicitur
1159 2199 1171 2242 ,
1193 2163 1233 2224 et
1247 2140 1286 2226 itt
1308 2141 1418 2226 rebus
1434 2143 1529 2257 opti·
1635 2158 1639 2169 '

91 2259 188 2366 mis,
214 2288 259 2345 ac
291 2259 462 2344 humano
493 2258 621 2374 generi
646 2257 951 2344 commodissimis
980 2284 1019 2344 et
1046 2256 1250 2343 necessariis
1280 2261 1526 2347 numeranda.

91 2381 186 2461 Non
211 2377 395 2493 igiturest
426 2375 562 2460 Paulus
590 2374 628 2458 in
645 2405 729 2460 eam
756 2375 975 2461 sententiam
989 2374 1136 2467 locutus
1150 2438 1173 2481 ,‚
1188 2397 1232 2458 ut
1247 2377 1528 2464 matrimonium
1581 2432 1590 2454 ι

91 2489 176 2608 lege
191 2492 319 2578 divina
334 2510 382 2578 ‘et
397 2493 555 2578 naturali
571 2492 661 2577 olim
676 2495 948 2597 constitutum,
977 2517 1015 2578 et
1031 2491 1136 2578 nullo
1150 2519 1321 2609 tempore
1346 2495 1529 2580 internis

91 2640 189 2716 sum,
205 2635 322 2726 atque
337 2611 374 2694 in
387 2610 620 2728 evangelion
635 2611 786 2697 Christo
802 2609 1081 2722 confirmatum,
1095 2606 1409 2726 multifariamque
1424 2640 1530 2696 com·

90 2728 310 2814 mendarum
327 2728 402 2842 ipse
416 2729 644 2843 improbaret
662 2759 672 2813 ε
705 2729 771 2815 sed
796 2754 840 2843 ut
854 2728 1142 2845 intemperantes
1157 2753 1197 2813 et
1214 2727 1428 2815 libidinosos
1444 2756 1530 2844 pec·

90 2846 161 2930 cati
178 2846 232 2930 sui
248 2847 455 2932 remedium
485 2847 649 2960 positum
675 2875 752 2933 esse
769 2845 921 2933 doceret
941 2846 979 2931 in
1008 2844 1271 2934 matrimonio:
1298 2845 1407 2963 quod
1423 2848 1477 2932 ob
1493 2877 1529 2933 a·

89 2959 176 3046 liam
193 2964 313 3048 multo
334 2989 374 3048 et
387 2963 578 3075 justiorem
594 2992 633 3051 et
649 2963 903 3051 honestiorem
924 2991 1074 3050 causam
1097 2965 1336 3069 institutum,
1366 2988 1405 3050 et
1421 2966 1528 3051 susci·

89 3079 269 3192 piendum
300 3143 312 3185 ,
338 3079 436 3165 hanc
459 3083 719 3200 quoque,sed
746 3082 1028 3169 accidentariam
1056 3082 1370 3169 commoditatem
1384 3082 1526 3188 habet,

90 3220 134 3281 ut
147 3199 369 3286 concubitus
385 3199 469 3284 alias
485 3200 625 3287 illicitos
639 3198 801 3287 vindicet
820 3231 844 3285 a
860 3225 1014 3313 peccato
1031 3225 1071 3289 et
1094 3198 1336 3315 turpitudine.
1367 3205 1471 3284 Nam
1499 3200 1530 3285 si

89 3313 172 3428 quis
190 3344 270 3400 non
286 3316 558 3433 generationis,
588 3319 653 3404 sed
669 3317 873 3432 explendae
893 3319 1050 3404 hbrdmu
1075 3319 1194 3434 gratia
1217 3348 1373 3404 uxorem
1389 3317 1528 3422 ducat,

88 3432 226 3544 poterit
254 3429 412 3520 fortassis
427 3435 640 3548 conjunctio
665 3436 725 3519 illa
752 3436 984 3523 connubium
999 3436 1173 3549 appellati
1189 3437 1266 3552 (sic
1284 3435 1384 3522 enim
1409 3434 1530 3548 placet
1540 3454 1619 3563 riui·
1630 3456 1662 3525 ie
1670 3458 1722 3564 ‚hp

37 3597 40 3601 ·
87 3551 333 3665 Augustino,
365 3552 579 3639 dummodo
603 3578 769 3639 servetur
791 3553 941 3668 utrique
966 3553 1071 3638 thoti
1094 3553 1214 3658 fides,
1246 3582 1316 3638 nec
1340 3577 1466 3667 partus
1482 3518 1722 3681 exerusiiliss

86 3663 267 3754 industria
295 3669 544 3785 impediatur)
574 3670 641 3755 iste
666 3695 796 3756 tamen
825 3670 1000 3757 abutetur
1015 3672 1241 3758 sanctissimo
1265 3648 1720 3807 Sacramento,i'ga²{r{i⁵ss⁰rii

21 3808 38 3834 1'
86 3809 157 3868 nec
181 3788 441 3900 praestantiam
466 3788 689 3873 matrimonii
713 3819 783 3884 suo
814 3786 889 3875 fine
920 3790 1102 3875 metimur.
1126 3794 1229 3873 Nam
1254 3788 1320 3903 qui
1345 3786 1528 3874 veneficiis
1548 3769 1560 3806 ⁵
1578 3769 1613 3805 '¹'
1652 3768 1709 3815 '³²'

87 3929 154 3989 aut
186 3905 462 3990 medicamentis
494 3906 718 3991 sterilitatem
747 3932 933 4022 quaerunt
949 3969 961 4011 ,
978 3907 1135 3994 adulteri
1151 3930 1237 3992 sunt
1259 3935 1368 4010 ,non
1392 3904 1527 4017 conju-

87 4032 151 4134 ges
161 4022 382 4136 appellandi.
401 4027 563 4135 Quodsi
579 4027 628 4106 ab
652 4032 758 4109 initia
776 4032 872 4107 tales
896 4028 1001 4110 umba
1014 4023 1176 4128 fuerunt
1194 4084 1206 4128 ,
1222 4024 1369 4138 inquit,
1402 4050 1471 4108 nau
1495 4032 1542 4105 i„

87 4147 142 4217 sti
162 4157 235 4245 per
250 4145 493 4250 connubium,
521 4145 591 4225 sed
612 4160 687 4251 per
711 4157 884 4252 stuprum
906 4151 1036 4252 potius
1063 4156 1334 4226 convenerunt:
1360 4149 1421 4222 sin
1449 4167 1528 4223 am·

86 4253 133 4336 bo
156 4262 251 4338 tales
279 4286 346 4343 nou
373 4274 489 4365 sunt,
520 4265 633 4343 audeo
661 4264 815 4365 dicere,
850 4276 917 4344 aut
956 4266 1024 4341 iila
1050 4264 1204 4366 quodam
1231 4261 1332 4343 moda
1359 4272 1419 4340 est
1447 4285 1525 4344 ma·

88 4377 163 4453 riti
184 4384 397 4481 meretrix,
428 4393 494 4459 aut
517 4384 578 4459 ille
608 4383 753 4461 adulter
774 4386 918 4462 uxoris.
943 4381 1051 4460 Haec
1076 4375 1319 4491 Augustinus.
1337 4379 1434 4460 Non
1458 4376 1525 4493 igi·
1557 4402 1673 4474 neruo·
1689 4415 1716 4455 et

86 4510 148 4572 tut
174 4486 402 4598 inficiamur,
430 4496 523 4610 quin
551 4474 738 4610 virginitas
764 4493 947 4609 inprimis
977 4554 989 4596 ,
1020 4520 1120 4605 quae
1151 4495 1200 4577 ab
1222 4492 1295 4579 istis
1321 4492 1447 4609 mitis,
1481 4519 1525 4580 ut
1540 4476 1673 4524 cmm

85 4606 229 4710 deber,
264 4606 432 4694 laudibus
459 4608 637 4714 effertur,
666 4636 862 4728 castusque
885 4609 1082 4696 caelibatus
1097 4611 1135 4700 ln
1157 4610 1265 4696 bonis
1280 4611 1516 4715 habeantur,

84 4724 155 4804 buc
181 4731 276 4805 enirn
296 4743 442 4834 spectat
466 4737 587 4812 uratia
613 4730 724 4810 Pauli
740 4758 752 4831 ·,
769 4746 807 4812 et
828 4726 1036 4827 infirmitas
1054 4726 1363 4841 incontinentiae(
1379 4752 1422 4813 ut
1443 4757 1525 4815 vet·

85 4838 139 4924 bis
168 4866 252 4926 utar
275 4843 442 4953 ejusdem
464 4845 693 4962 Augustini)
718 4873 809 4954 quae
833 4862 894 4932 ert
916 4853 956 4929 in
983 4873 1095 4931 carne
1113 4866 1187 4960 pet
1207 4861 1405 4959 peecatum
1426 4874 1521 4932 mor·

143 4959 334 5048 Tom.1V.
641 4968 643 4973 ’
818 4964 820 4967 ’
943 4968 1038 5081 Ggg
1463 4978 1530 5048 tua
