4020 5864
640 403 708 477 IN
744 404 1065 478 ERASMUM
1472 437 1534 506 57¹

109 572 182 633 nos
197 538 425 631 dialecticam
441 531 612 642 doceas,
642 533 790 650 etquid
807 560 887 618 rem
904 561 1100 650 quamque
1125 559 1330 652 sequatur,
1356 563 1422 624 aut
1438 568 1555 649 secus,

106 664 309 752 ostendas?
338 666 402 747 An
418 719 431 763 ,
447 654 778 773 quemadmodum
791 681 952 758 omnes,
973 652 1102 767 quiea
1123 653 1283 771 legunt,
1309 658 1555 771 interpretan-

86 806 188 888 tut,
222 804 350 896 aperte
366 774 578 895 significas,
602 797 642 861 te
658 773 707 860 de
734 771 927 867 morrachis
953 795 1031 857 tarn
1048 772 1146 858 male
1173 773 1336 877 sentire,
1365 801 1408 859 ut
1439 777 1554 864 etiam

96 900 267 1015 optimus
284 899 452 1013 ipsorum
469 895 628 1012 quisque
642 914 832 1006 suspectus
856 890 923 976 tibi
938 888 983 976 sit
1000 949 1014 996 ,
1031 918 1093 997 ne,
1109 918 1226 1008 quam
1240 889 1400 1007 praefert
1418 897 1552 981 sancti·

95 1040 243 1123 tatem,
277 1013 483 1130 hypocrisis
509 1014 555 1100 sit
570 1036 686 1128 atque
703 1009 819 1124 pletas
834 1007 1027 1117 simulata,
1051 1038 1122 1095 nec
1145 1012 1249 1096 aliter
1272 1037 1310 1098 te
1338 1012 1548 1100 monachos

93 1135 258 1241 timere,
284 1134 398 1221 etiam
424 1132 475 1219 ad
503 1130 752 1220 monachatus
781 1130 1049 1243 praescriptum
1074 1128 1274 1238 viventes,
1299 1159 1416 1246 quam
1448 1138 1547 1219 Lao·

93 1279 197 1339 coon
218 1251 276 1338 ille
305 1249 530 1369 virgilianus
558 1252 717 1333 Danaos
726 1263 765 1331 et
780 1252 876 1332 dono
889 1248 1068 1351 ferentes
1084 1249 1301 1336 metuebat?
1330 1253 1394 1334 Ne
1409 1249 1492 1364 quis
1509 1280 1548 1337 e·

90 1372 175 1465 ‚nim
202 1369 375 1457 dubitare
405 1394 532 1485 posset
556 1390 595 1454 te
619 1367 668 1454 de
696 1365 847 1482 optimis
869 1364 1008 1483 loqui,
1031 1365 1122 1453 illud
1152 1365 1259 1454 addis
1291 1366 1405 1481 paulo
1434 1393 1544 1483 post:

92 1490 184 1575 Non
199 1514 268 1598 ego
280 1513 376 1574 runc
390 1493 518 1596 loquar
539 1491 586 1572 de
606 1487 669 1570 bis
685 1487 872 1572 monachis
889 1543 904 1592 ,
932 1510 1085 1594 quorum
1114 1510 1233 1570 mores
1259 1493 1374 1568 etiam
1390 1493 1544 1589 mundus

91 1610 333 1715 detestatur,
357 1610 427 1691 sed
439 1612 485 1692 de
499 1613 583 1711 iis,
616 1631 706 1712 quos
725 1610 864 1713 vulgus
879 1611 1042 1688 miratur
1057 1628 1126 1688 nort
1142 1618 1184 1688 ut
1208 1604 1392 1709 homiues,
1418 1611 1488 1688 sed
1500 1598 1543 1691 rii

91 1732 256 1834 angelos.
288 1725 352 1814 Ad
377 1724 472 1812 baec
499 1753 550 1811 ne
579 1719 678 1811 forte
693 1749 897 1808 erraremus
913 1782 925 1827 ,
940 1745 1114 1838 putantes
1127 1749 1149 1804 a
1162 1746 1201 1808 te
1216 1721 1386 1808 homines
1401 1723 1539 1829 solum,

92 1868 175 1929 non
191 1843 360 1930 instituta
384 1843 498 1929 ctiam
514 1843 658 1950 taxari,
688 1840 877 1927 incorum
902 1869 1074 1945 morem,
1099 1839 1166 1955 qui
1198 1833 1370 1925 fraudem
1400 1871 1542 1956 quam-

93 1959 197 2075 piam
209 1985 276 2048 aut
290 1960 481 2048 occultum
498 1957 640 2047 facinus
661 1959 837 2076 detegere
851 1956 989 2046 volunt
1009 2016 1022 2062 ,
1040 1955 1235 2044 exordiens
1259 1956 1337 2043 ais:
1368 1956 1541 2044 Ceterum

93 2076 442 2186 verumfhterifas
464 2095 524 2163 est
536 2101 557 2166 :‘
574 2104 686 2163 nonne
701 2082 873 2161 videmus
889 2083 1149 2163 arctissimum
1164 2078 1327 2231 guodque
1352 2078 1541 2171 monacho·

90 2222 179 2281 rum
198 2223 331 2307 genus,
347 2204 542 2307 religionis
555 2195 766 2304 fastigium
783 2209 849 2278 aur
865 2202 906 2276 in
922 2199 1178 2297 caerimoniis,
1194 2208 1261 2276 aur
1278 2200 1318 2276 irr
1336 2209 1443 2279 certa
1457 2201 1540 2304 iege

86 2320 330 2424 psalmorum,
344 2328 411 2397 aut
427 2316 552 2398 rabor
572 2329 767 2421 corporum
783 2320 951 2421 ponere?
980 2337 1132 2418 quorum
1147 2317 1234 2396 viia
1247 2313 1436 2396 laboriosa
1460 2310 1539 2428 Ju-

90 2432 623 2548 dairissuperstirionibusest
632 2434 761 2539 plena,
777 2455 844 2514 ner
858 2431 909 2512 ab
924 2434 1011 2516 uilis
1024 2436 1205 2515 laicorum
1220 2435 1334 2514 vitiis
1348 2436 1538 2538 immersis,

85 2555 201 2635 immo
218 2554 259 2633 in
275 2553 456 2634 morellis
480 2554 605 2658 magis
631 2554 899 2632 contaminato.
931 2549 1028 2643 Quo
1042 2547 1081 2632 in
1096 2546 1184 2633 loco
1201 2546 1283 2663 quis
1315 2574 1396 2632 non
1424 2549 1540 2663 suspi-

93 2689 230 2772 cetur,
259 2689 300 2755 te
313 2665 493 2754 damnare
525 2663 824 2752 monachammt
857 2692 946 2752 curn
962 2663 1075 2751 etiam
1091 2665 1131 2749 in
1145 2664 1217 2771 iis,
1243 2664 1310 2782 qui
1326 2664 1539 2770 arctissime,

94 2783 171 2869 boc
194 2808 273 2890 est,
289 2784 449 2870 maxime
464 2784 637 2871 omnium
664 2781 715 2869 ad
741 2810 919 2871 normam
943 2783 1053 2898 ipsius
1081 2782 1246 2888 vivunt,
1266 2782 1540 2870 monachatum

94 2900 187 2986 nihil
201 2901 302 2991 aliud
323 2918 401 2989 esse
415 2899 625 3038 significes,
651 2928 768 3016 quam
783 2900 902 2989 vitam
923 2898 1146 2988 laboriosam
1168 2900 1284 3016 (licet
1299 2930 1432 3017 parum
1447 2930 1540 2988 con-

94 3041 235 3105 stanter
250 3019 384 3108 eadem
400 3044 526 3107 onosa
549 3018 693 3108 dicamr
716 3042 756 3105 et
770 3016 982 3136 laboriosa)
1007 3019 1157 3133 plenam
1182 3019 1343 3132 Judaicis
1364 3020 1541 3137 supersti-

93 3135 291 3246 tionibus,
316 3137 450 3225 nullius
479 3136 640 3225 criminis
669 3161 883 3224 ceterorum
914 3135 1113 3223 bominum
1144 3161 1363 3252 expertem,
1388 3138 1541 3256 quibus·

94 3253 185 3340 dam
200 3255 313 3342 etiam
329 3255 489 3371 peccam
500 3254 613 3344 laicos
641 3284 776 3344 omnes
790 3279 1030 3370 superantem
1044 3265 1059 3341 l
1085 3259 1179 3353 Qua
1200 3257 1373 3344 oratione
1407 3286 1542 3343 mona-

93 3369 173 3457 chis
198 3373 371 3461 atrociter
397 3372 591 3480 laceratis,
617 3357 776 3460 accurris
804 3374 905 3461 idem
932 3371 1021 3461 oleo
1047 3370 1312 3492 frigidissimo,
1336 3404 1418 3491 quo
1447 3374 1540 3461 linas

95 3486 263 3603 ipsorum
279 3490 441 3579 counita
465 3491 599 3605 capita.
631 3487 824 3578 Praefatus
848 3490 977 3597 enim,
999 3517 1039 3578 te
1068 3491 1215 3580 nonde
1238 3492 1388 3606 perditis
1403 3521 1447 3578 ac
1466 3493 1541 3580 dis·

93 3606 222 3693 solutis
237 3637 377 3726 agere,
403 3607 469 3695 scd
487 3609 537 3696 de
552 3608 624 3715 iis,
651 3639 751 3726 quos
768 3608 904 3726 vulgus
932 3608 1087 3697 miratur
1133 3635 1177 3697 ut
1206 3609 1361 3726 angelos
1393 3668 1407 3717 ,
1434 3609 1540 3724 subji-

94 3722 173 3831 cis,
203 3750 293 3833 quos
318 3734 423 3835 ipsos
449 3742 572 3811 tamen
593 3724 731 3831 offendi
755 3751 825 3811 non
855 3741 1002 3836 oportet
1025 3730 1094 3815 doc
1116 3754 1317 3834 sermore,
1348 3737 1415 3835 qui
1436 3736 1540 3815 vitia

93 3857 229 3948 noto,
259 3869 329 3930 non
349 3846 536 3929 homiues:
561 3846 677 3960 quod⁸
686 3843 841 3959 perinde
862 3867 947 3950 est,
977 3846 1065 3932 acsi
1088 3845 1171 3962 quis
1200 3845 1355 3964 egregio
1378 3846 1540 3963 cuipiam

93 3983 135 4045 et
150 3959 342 4048 innocenti
368 3961 483 4068 viro,
513 3964 580 4049 sed
606 3962 710 4075 cujus
740 3961 1001 4050 auctoritatem
1032 3962 1212 4080 intelligat
1242 3964 1440 4052 conatibus
1467 3966 1541 4052 suis

94 4077 272 4165 obsistere
290 4140 303 4186 ,
320 4078 570 4196 periculosum
586 4108 632 4167 ex
655 4080 835 4168 industria
854 4080 990 4168 vulnus
1012 4079 1184 4198 infligat,
1219 4080 1359 4168 deinde
1376 4083 1541 4196 postulet

96 4193 145 4278 ab
158 4196 325 4304 eodem,
348 4225 398 4284 ne
413 4227 453 4284 se
469 4223 577 4313 putet
591 4194 805 4303 offensum,
822 4226 912 4283 nam
928 4228 976 4284 eo
992 4197 1072 4285 telo
1087 4228 1168 4284 non
1184 4199 1305 4316 ipsum
1321 4259 1334 4305 ,
1353 4199 1420 4286 sed
1435 4199 1541 4310 alios,

97 4309 147 4396 de
162 4340 329 4427 quorum
345 4315 498 4401 crimine
512 4341 728 4424 constaret,
757 4312 867 4403 fuisse
890 4315 1040 4432 petitos.

156 4430 290 4517 xL111.
350 4438 416 4518 Tu
431 4456 559 4519 tamen
576 4434 885 4522 calumniatorem
903 4463 1016 4524 vocas
1032 4433 1167 4541 Pium,
1190 4434 1301 4553 quod
1316 4433 1448 4555 plagae
1465 4465 1538 4525 me·

97 4544 277 4654 minerit,
300 4573 436 4637 ettam
453 4547 677 4637 salutiferam
709 4553 931 4640 medicinam
949 4548 1059 4640 fuerit
1085 4553 1225 4641 oblitus
1242 4616 1254 4662 ,
1281 4578 1319 4642 ct
1350 4555 1442 4643 illud
1460 4583 1541 4643 non

96 4664 262 4750 absimile
288 4670 468 4757 tacuerit:
497 4669 583 4755 Nec
612 4676 708 4754 ciam
736 4699 792 4754 me
813 4685 873 4754 est
890 4729 905 4777 ,
925 4678 1026 4757 inter
1052 4700 1115 4759 eos
1137 4700 1220 4758 esse
1234 4680 1448 4784 plurimos,
1477 4681 1542 4781 qui

97 4788 242 4866 litteris
266 4797 304 4866 et
324 4792 470 4895 ingenio
486 4788 608 4895 aduri
630 4794 794 4897 spiritus
808 4796 990 4899 mysterio
1006 4793 1264 4902 degustarunt.
1296 4792 1447 4888 Quibus
1461 4819 1542 4877 ver·
1662 4792 1665 4797 ’

100 4899 155 4986 bis
171 4898 248 5018 ipse
278 4927 388 5018 putas
415 4931 570 4992 omnem
587 4904 751 5024 reliquae
778 4907 957 4999 orationis
973 4909 1155 5002 invidiam
1170 4907 1374 5019 declinari,
1398 4939 1486 4999 cum
1501 4936 1548 4994 ea

944 5031 1080 5121 Cccca
1489 5049 1551 5114 ta·
1684 5110 1689 5121 .
