4006 5850
503 374 575 462 ιιι
870 368 1336 449 nummismata
1360 371 1557 442 nunnus.

477 495 661 583 affinitate
681 494 822 582 nullam
837 496 997 585 omnino
1013 499 1245 585 mentionem
1261 494 1415 596 faciunt.
1448 493 1522 582 Sed
1541 489 1772 613 theologus,
1788 491 1918 611 inqtn‘s,

475 644 611 700 eorum
625 616 857 752 potissimum
874 618 1059 704 rationem
1074 617 1415 732 auctoritatemque
1429 615 1594 732 sequeris
1610 613 1717 749 ,qui
1738 614 1782 698 in
1797 618 1917 702 undio

478 733 563 846 juris
585 732 764 849 ponnficii
778 762 987 824 versantur.
1016 737 1143 822 Metui
1160 763 1358 822 necorum
1385 733 1549 838 diceres,
1572 762 1641 849 qur
1667 734 1915 848 argentariam

477 848 648 940 faciunt:
681 853 896 969 quasivero
913 884 993 939 non
1025 855 1170 968 optime
1185 852 1234 938 illi
1257 854 1307 940 de
1320 852 1556 938 sacramentis
1573 851 1780 937 edisserant
1813 912 1826 957 ,
1855 876 1914 938 aut

477 970 528 1056 de
540 970 595 1055 his
613 972 816 1089 theologus
837 999 936 1058 recte
952 973 1067 1085 possit
1091 972 1310 1088 disputate,
1334 970 1403 1086 qui
1418 994 1633 1058 sanctorum
1650 993 1811 1083 patrum
1832 998 1914 1054 con·

477 1087 723 1205 ciliorumque
738 1093 888 1177 decreta
900 1121 946 1176 ex
961 1089 1092 1176 intima
1117 1091 1274 1206 quidem
1295 1088 1489 1206 theologia
1506 1089 1738 1205 depromta,
1765 1087 1835 1173 sed
1850 1089 1915 1199 'ratu

477 1205 592 1318 ajure
608 1205 800 1321 pontificio
815 1208 977 1324 petenda
994 1209 1235 1325 ignoraverit.
1267 1213 1371 1292 Nam
1384 1206 1553 1293 doctrina
1570 1267 1583 1311 ,
1600 1233 1701 1321 quae
1726 1205 1914 1321 theologia

479 1325 641 1431 dicitur,
663 1326 823 1442 jurisque
841 1325 1021 1439 pontificii
1033 1326 1201 1444 cognitio
1223 1326 1320 1411 hanc
1342 1326 1437 1410 inter
1462 1354 1501 1410 se
1516 1325 1735 1411 societatem
1769 1323 1916 1430 habent,

478 1468 524 1529 ut
539 1474 619 1530 non
637 1468 771 1529 natura
786 1444 1001 1556 sejunctae,
1025 1446 1091 1530 sed
1120 1444 1158 1532 vi
1175 1444 1300 1560 potius
1327 1471 1394 1558 per
1420 1443 1621 1528 hominum
1652 1441 1918 1558 negligentiam

478 1562 645 1648 divulsae
659 1562 869 1649 videantur.
901 1565 1149 1678 Quamquam
1167 1593 1244 1680 ego
1270 1563 1342 1648 hac
1364 1561 1408 1645 in
1422 1584 1527 1677 parte
1543 1558 1761 1673 complures
1778 1559 1918 1644 theolo·

506 1711 617 1765 orum
633 1679 797 1767 fautores
829 1681 983 1787 habeo,
1013 1680 1268 1797 inprimisque
1295 1703 1419 1766 totam
1448 1677 1548 1765 Scoti
1578 1675 1800 1781 familiam,
1828 1703 1916 1792 quae

475 1709 567 1884 huic
581 1801 785 1885 sententiae
800 1798 1035 1917 suffragatur.
1069 1799 1144 1884 Sed
1157 1799 1241 1885 licet
1255 1798 1360 1913 apud
1376 1825 1437 1882 me
1451 1824 1532 1882 non
1547 1819 1628 1883 tam
1657 1794 1834 1897 illorum,
1851 1796 1917 1880 ho·

477 1945 613 2003 rumve
627 1979 640 2021 ,
656 1942 723 2003 aut
737 1917 917 2031 cujusque
932 1917 1093 2003 hominis
1109 1915 1323 2021 auctoritas,
1338 1944 1455 2030 quam
1470 1975 1482 2020 ,
1500 1939 1544 2000 ut
1556 1942 1623 2029 pat
1636 1939 1711 2018 est,
1732 1913 1917 1998 rationum

410 2023 416 2039 ’
479 2061 714 2121 momentaa
733 2034 839 2119 sacris
855 2035 1014 2140 litteris,
1037 2035 1191 2150 ipsaque
1207 2058 1341 2121 natura
1356 2035 1471 2119 ducta
1494 2032 1657 2137 valent,
1678 2056 1813 2117 tamen
1835 2059 1917 2117 curn

479 2154 530 2238 ad
547 2153 639 2237 haec
654 2152 954 2240 doctissimorum
969 2178 1128 2269 quoque
1145 2151 1313 2240 virorum
1337 2150 1539 2237 auctoritas
1556 2149 1702 2236 accedit
1735 2211 1748 2255 ,
1779 2149 1914 2234 liberius

479 2270 606 2356 audeo
620 2270 839 2357 sententiam
857 2300 980 2356 meam
1003 2271 1196 2386 explicare.
1220 2277 1288 2358 ·1n
1312 2269 1457 2386 legibus
1478 2298 1573 2387 ergo
1606 2268 1773 2379 cujusvis
1789 2267 1914 2383 gradus

479 2384 648 2474 affinium
664 2389 902 2475 matrimonia
916 2388 1200 2503 prohibentibus
1217 2449 1230 2495 ,
1255 2390 1382 2474 locum
1395 2416 1472 2474 esse
1487 2384 1703 2503 pontificiae
1737 2385 1918 2499 dispensa·

480 2506 598 2613 tioni,
624 2509 653 2592 si
682 2508 802 2594 modo
829 2507 925 2593 adsit
957 2534 1027 2590 nce
1049 2506 1167 2613 levis,
1192 2536 1261 2592 ncc
1276 2506 1411 2611 iniusta
1438 2533 1582 2611 causa,
1610 2504 1688 2589 hoc
1723 2504 1846 2590 minus
1867 2526 1918 2589 est

480 2625 762 2731 dubitandum,
784 2654 871 2741 quo
882 2624 1000 2741 magis
1014 2651 1231 2742 congruunt
1247 2654 1326 2710 non
1355 2624 1476 2710 modo
1494 2625 1662 2712 virorum
1680 2622 1917 2707 doctissimo·

480 2771 566 2828 rum
582 2744 819 2847 testimonia,
846 2742 1040 2828 sedetiam
1062 2743 1231 2858 exempla
1257 2742 1544 2855 majorumcum
1572 2741 1736 2826 naturali
1765 2740 1916 2825 eadem·

481 2889 559 2975 que
580 2859 742 2977 legitima
757 2860 902 2946 ratione
923 2888 1032 2976 supra
1048 2890 1071 2944 a
1086 2861 1194 2946 nobis
1209 2859 1478 2947 accuratissime
1494 2858 1694 2974 multisque
1713 2859 1841 2947 verbis
1863 2887 1918 2945 ex·

483 2978 640 3092 plicata:
662 3007 762 3093 quae
782 2978 811 3064 si
827 2977 901 3062 ulla
917 2980 957 3062 in
972 2976 1042 3080 alia
1058 2977 1189 3066 veteris
1203 2979 1288 3093 iuris
1303 2978 1417 3067 divini
1433 2979 1519 3095 lege
1536 3039 1550 3082 ,
1565 2976 1605 3062 in
1620 2978 1692 3062 hac
1720 2977 1920 3093 plurimum

367 3112 370 3119 ’
483 3096 608 3183 valere
623 3096 737 3182 debet
753 3126 763 3182 r
782 3124 873 3181 cum
899 3092 1056 3182 affinitas
1078 3096 1198 3183 saltim
1230 3098 1415 3214 obliqua,
1443 3096 1526 3213 lege
1553 3119 1706 3182 tantum
1725 3157 1739 3201 ,
1759 3124 1843 3180 non
1868 3118 1919 3180 et·

484 3212 560 3297 iam
576 3237 708 3299 natura
721 3213 900 3328 impediat
927 3215 1208 3301 matrimonium
1223 3276 1236 3320 ,
1253 3239 1297 3300 ut
1312 3216 1456 3333 Jacob,
1471 3237 1510 3299 et
1534 3214 1697 3301 duarum
1724 3241 1919 3316 sotorum,

485 3360 580 3448 quas
594 3332 732 3418 eodem
747 3355 919 3448 tempore
935 3359 1070 3418 uxores
1086 3332 1244 3438 habuit,
1270 3331 1446 3446 exemplo
1458 3331 1753 3419 declaravimus.

397 3447 399 3452 ⁴
489 3502 494 3510 -
544 3451 612 3534 Vl.
668 3453 772 3534 Nam
786 3477 887 3565 quae
902 3445 1011 3536 fuerit
1032 3451 1174 3567 absque
1187 3449 1319 3537 sobole
1333 3450 1450 3540 vidua
1465 3449 1618 3554 relicta,
1639 3450 1742 3535 hanc
1767 3477 1916 3537 uxorem

487 3595 511 3651 a
533 3561 645 3651 fratre
668 3565 754 3653 duci
777 3566 966 3652 demortui
989 3568 1110 3655 mariti
1134 3628 1147 3674 ,
1170 3592 1320 3655 tantum
1353 3569 1485 3674 abest,
1515 3591 1560 3655 ut
1590 3562 1700 3654 fuerit
1735 3597 1918 3685 umquam

487 3681 571 3798 lege
585 3683 712 3771 divina
737 3685 923 3790 vetitum,
949 3709 992 3770 ut
1008 3710 1248 3802 praeceptum
1264 3688 1377 3774 etiam
1393 3683 1555 3771 fueritin
1578 3709 1707 3774 vetere
1723 3711 1921 3774 testamen·

488 3824 554 3906 to,
577 3831 714 3915 magna
729 3797 881 3887 infamia
904 3804 1123 3916 proposita,
1149 3803 1178 3889 si
1194 3804 1278 3920 quis
1306 3804 1428 3889 minus
1456 3802 1543 3894 huic
1557 3829 1765 3919 praecepto
1797 3805 1919 3891 divino

488 3918 679 4034 paruisset.
709 3921 957 4035 Quamquam
972 3920 1126 4005 enimin
1155 3922 1322 4008 Levitico
1336 3918 1455 4008 fratris
1473 3949 1571 4011 uxor
1595 3923 1683 4008 duci
1709 3923 1841 4011 drvrnn
1854 3920 1914 4004 rllrs

490 4037 612 4122 verbis
628 4037 813 4152 prohiberi
828 4039 1000 4124 videatur
1015 4097 1030 4145 ,
1058 4045 1326 4148 turpitudinem
1340 4047 1473 4126 uxama
1488 4035 1644 4145 fratria
1657 4048 1718 4124 tua·
1733 4068 1804 4127 non
1821 4064 1923 4123 rene·

493 4149 621 4261 labis,
645 4155 704 4240 lex
723 4179 850 4242 tamen
866 4155 905 4240 in
920 4155 1018 4242 hanc
1033 4156 1252 4242 sententiam
1269 4183 1324 4244 est
1348 4157 1586 4274 accipienda,
1613 4181 1659 4246 ut
1676 4159 1834 4247 vivente
1859 4154 1926 4241 lra-

494 4296 551 4358 tre
566 4272 714 4385 nuptias
730 4273 807 4385 ejus
822 4300 959 4389 ,quae
972 4275 1021 4358 ab
1035 4275 1118 4391 ipso
1133 4275 1367 4388 Judacorum
1396 4301 1501 4362 more
1517 4276 1730 4384 diverterit,
1764 4275 1927 4393 prohibi-

494 4413 552 4475 tas
565 4417 641 4474 esse
654 4391 899 4505 intelligamus
915 4425 925 4475 ι
940 4392 1002 4481 vel
1017 4393 1130 4478 etiam
1147 4419 1314 4499 mortuo,
1327 4394 1432 4506 ejus,
1448 4420 1500 4480 ex
1508 4422 1585 4513 qua
1604 4393 1741 4481 liberos
1752 4424 1926 4512 procrea·

334 4530 460 4594 vanas·
496 4507 605 4594 verit.
637 4505 724 4592 Alio
739 4509 846 4592 enim
862 4509 950 4594 loco
972 4538 1070 4624 quae
1101 4511 1244 4626 absque
1257 4512 1378 4599 liberis
1399 4513 1568 4600 viduata·
1587 4510 1734 4619 fuerit,-
1762 4513 1855 4600 duci
1879 4513 1923 4623 ju·

319 4635 320 4639 '
494 4628 605 4713 betur
622 4683 635 4729 ,
659 4650 697 4709 et
713 4625 787 4711 hoc
802 4624 886 4740 lege
902 4629 1081 4740 posterius
1098 4629 1230 4742 scripta
1243 4689 1257 4736 ,
1272 4659 1321 4716 ne
1335 4628 1530 4747 quisforte
1543 4630 1810 4736 calumnietur,
1832 4657 1924 4746 prae

493 4769 645 4859 neptum
661 4743 738 4829 hoc
752 4742 834 4858 lege
855 4743 914 4826 illa
936 4741 1042 4831 fuisse
1056 4771 1303 4854 revocatum,
1324 4777 1414 4834 cum
1429 4748 1546 4865 longe
1561 4747 1666 4835 aliter
1680 4776 1761 4835 sese
1792 4781 1854 4837 res
1868 4752 1927 4833 ha·

492 4863 609 4974 beat,
637 4886 677 4950 et
707 4861 766 4950 lex
787 4861 847 4950 illa
871 4862 946 4951 hoc
977 4889 1178 4984 praecepto
1199 4862 1310 4957 fiterit
1338 4895 1406 4986 pet
1433 4867 1692 4986 exceptionem
1728 4869 1928 4958 declarata.

1858 4993 1929 5076 Po·

340 4118 440 4186 cepta.
