<?xml version="1.0" encoding="UTF-8"?>
<!DOCTYPE html PUBLIC "-//W3C//DTD XHTML 1.0 Transitional//EN"
    "http://www.w3.org/TR/xhtml1/DTD/xhtml1-transitional.dtd">
<html xmlns="http://www.w3.org/1999/xhtml" xml:lang="en" lang="en">
 <head>
  <title>
</title>
<meta http-equiv="Content-Type" content="text/html;charset=utf-8" />
  <meta name='ocr-system' content='tesseract 3.04.00' />
  <meta name='ocr-capabilities' content='ocr_page ocr_carea ocr_par ocr_line ocrx_word'/>
</head>
<body>
  <div class='ocr_page' id='page_1' title='image "./joannisgenesiis01sepgoog/joannisgenesiis01sepgoog_0528.png"; bbox 0 0 4020 5864; ppageno 0'>
   <div class='ocr_carea' id='block_1_1' title="bbox 505 365 1576 461">
    <p class='ocr_par' dir='ltr' id='par_1_1' title="bbox 505 365 1576 461">
     <span class='ocr_line' id='line_1_1' title="bbox 505 365 1576 461; baseline -0.007 -17"><span class='ocrx_word' id='word_1_1' title='bbox 505 387 576 461; x_wconf 78' lang='lat'>534</span> <span class='ocrx_word' id='word_1_2' title='bbox 795 366 862 438; x_wconf 85' lang='lat' dir='ltr'>DE</span> <span class='ocrx_word' id='word_1_3' title='bbox 886 366 1019 439; x_wconf 82' lang='lat' dir='ltr'>FATO</span> <span class='ocrx_word' id='word_1_4' title='bbox 1040 367 1111 439; x_wconf 76' lang='lat' dir='ltr'>‘ET</span> <span class='ocrx_word' id='word_1_5' title='bbox 1136 365 1314 441; x_wconf 83' lang='lat' dir='ltr'>LIBERO</span> <span class='ocrx_word' id='word_1_6' title='bbox 1336 367 1576 441; x_wconf 73' lang='lat' dir='ltr'>ARBITRIO</span> 
     </span>
    </p>
   </div>
   <div class='ocr_carea' id='block_1_2' title="bbox 284 492 1928 3564">
    <p class='ocr_par' dir='ltr' id='par_1_2' title="bbox 469 492 1920 850">
     <span class='ocr_line' id='line_1_2' title="bbox 469 492 1919 612; baseline -0.002 -30"><span class='ocrx_word' id='word_1_7' title='bbox 469 495 539 582; x_wconf 86' lang='lat' dir='ltr'>sed</span> <span class='ocrx_word' id='word_1_8' title='bbox 554 492 621 609; x_wconf 91' lang='lat' dir='ltr'>qui</span> <span class='ocrx_word' id='word_1_9' title='bbox 639 520 725 581; x_wconf 90' lang='lat' dir='ltr'>raro</span> <span class='ocrx_word' id='word_1_10' title='bbox 753 494 908 582; x_wconf 80' lang='lat' dir='ltr'>virtutes</span> <span class='ocrx_word' id='word_1_11' title='bbox 935 495 1068 581; x_wconf 90' lang='lat' dir='ltr'>colunt</span> <span class='ocrx_word' id='word_1_12' title='bbox 1084 522 1125 582; x_wconf 92' lang='lat' dir='ltr'>et</span> <span class='ocrx_word' id='word_1_13' title='bbox 1151 496 1354 612; x_wconf 90' lang='lat' dir='ltr'>pietatem,</span> <span class='ocrx_word' id='word_1_14' title='bbox 1380 522 1419 581; x_wconf 89' lang='lat' dir='ltr'>et</span> <span class='ocrx_word' id='word_1_15' title='bbox 1437 492 1721 611; x_wconf 81' lang='lat' dir='ltr'>&#39;frequenterin</span> <span class='ocrx_word' id='word_1_16' title='bbox 1748 496 1919 610; x_wconf 68' lang='lat' dir='ltr'>peccatis,</span> 
     </span>
     <span class='ocr_line' id='line_1_3' title="bbox 472 613 1920 729; baseline 0.002 -30"><span class='ocrx_word' id='word_1_17' title='bbox 472 613 694 727; x_wconf 89' lang='lat' dir='ltr'>impietate,</span> <span class='ocrx_word' id='word_1_18' title='bbox 729 613 1000 729; x_wconf 81' lang='lat' dir='ltr'>sceleribusque</span> <span class='ocrx_word' id='word_1_19' title='bbox 1030 641 1254 723; x_wconf 88' lang='lat' dir='ltr'>versantur,</span> <span class='ocrx_word' id='word_1_20' title='bbox 1288 615 1462 710; x_wconf 88' lang='lat' dir='ltr'>nimirum</span> <span class='ocrx_word' id='word_1_21' title='bbox 1483 643 1683 700; x_wconf 88' lang='lat' dir='ltr'>sacrarum</span> <span class='ocrx_word' id='word_1_22' title='bbox 1714 614 1920 702; x_wconf 87' lang='lat' dir='ltr'>litteramm</span> 
     </span>
     <span class='ocr_line' id='line_1_4' title="bbox 470 732 1918 850; baseline 0.001 -30"><span class='ocrx_word' id='word_1_23' title='bbox 470 734 587 820; x_wconf 89' lang='lat' dir='ltr'>verba</span> <span class='ocrx_word' id='word_1_24' title='bbox 613 759 693 817; x_wconf 91' lang='lat' dir='ltr'>non</span> <span class='ocrx_word' id='word_1_25' title='bbox 723 756 812 818; x_wconf 90' lang='lat' dir='ltr'>sunt</span> <span class='ocrx_word' id='word_1_26' title='bbox 840 732 944 817; x_wconf 87' lang='lat' dir='ltr'>aliter</span> <span class='ocrx_word' id='word_1_27' title='bbox 963 732 1255 847; x_wconf 85' lang='lat' dir='ltr'>interpretanda.</span> <span class='ocrx_word' id='word_1_28' title='bbox 1275 733 1356 832; x_wconf 91' lang='lat' dir='ltr'>Qui</span> <span class='ocrx_word' id='word_1_29' title='bbox 1371 759 1499 826; x_wconf 86' lang='lat' dir='ltr'>autem</span> <span class='ocrx_word' id='word_1_30' title='bbox 1515 735 1613 819; x_wconf 88' lang='lat' dir='ltr'>bene</span> <span class='ocrx_word' id='word_1_31' title='bbox 1629 761 1720 817; x_wconf 85' lang='lat' dir='ltr'>raro</span> <span class='ocrx_word' id='word_1_32' title='bbox 1737 732 1835 850; x_wconf 84' lang='lat' dir='ltr'>agit,</span> <span class='ocrx_word' id='word_1_33' title='bbox 1851 734 1918 821; x_wconf 85' lang='lat' dir='ltr'>sed</span> 
     </span>
    </p>

    <p class='ocr_par' dir='ltr' id='par_1_3' title="bbox 284 849 1928 3327">
     <span class='ocr_line' id='line_1_5' title="bbox 473 849 1760 968; baseline 0.001 -36"><span class='ocrx_word' id='word_1_34' title='bbox 473 849 572 967; x_wconf 84' lang='lat' dir='ltr'>agit,</span> <span class='ocrx_word' id='word_1_35' title='bbox 597 849 699 934; x_wconf 92' lang='lat' dir='ltr'>hunc</span> <span class='ocrx_word' id='word_1_36' title='bbox 715 879 830 935; x_wconf 91' lang='lat' dir='ltr'>nemo</span> <span class='ocrx_word' id='word_1_37' title='bbox 847 875 947 936; x_wconf 90' lang='lat' dir='ltr'>recte</span> <span class='ocrx_word' id='word_1_38' title='bbox 962 852 1102 967; x_wconf 88' lang='lat' dir='ltr'>agendi</span> <span class='ocrx_word' id='word_1_39' title='bbox 1118 849 1293 939; x_wconf 85' lang='lat' dir='ltr'>facultate</span> <span class='ocrx_word' id='word_1_40' title='bbox 1310 853 1499 968; x_wconf 91' lang='lat' dir='ltr'>privatum</span> <span class='ocrx_word' id='word_1_41' title='bbox 1515 881 1592 937; x_wconf 91' lang='lat' dir='ltr'>esse</span> <span class='ocrx_word' id='word_1_42' title='bbox 1609 850 1760 937; x_wconf 82' lang='lat' dir='ltr'>dixerit.</span> 
     </span>
     <span class='ocr_line' id='line_1_6' title="bbox 318 967 1916 1083; baseline -0.008 -14"><span class='ocrx_word' id='word_1_43' title='bbox 318 976 485 1068; x_wconf 67' lang='lat' dir='ltr'>secanam</span> <span class='ocrx_word' id='word_1_44' title='bbox 531 967 669 1053; x_wconf 90' lang='lat' dir='ltr'>XXlll.</span> <span class='ocrx_word' id='word_1_45' title='bbox 729 970 902 1054; x_wconf 85' lang='lat' dir='ltr'>Alterum</span> <span class='ocrx_word' id='word_1_46' title='bbox 928 993 1044 1082; x_wconf 91' lang='lat' dir='ltr'>caput</span> <span class='ocrx_word' id='word_1_47' title='bbox 1068 995 1124 1056; x_wconf 88' lang='lat' dir='ltr'>est</span> <span class='ocrx_word' id='word_1_48' title='bbox 1152 971 1452 1058; x_wconf 86' lang='lat' dir='ltr'>testimoniorum</span> <span class='ocrx_word' id='word_1_49' title='bbox 1482 969 1658 1083; x_wconf 87' lang='lat' dir='ltr'>,quibus</span> <span class='ocrx_word' id='word_1_50' title='bbox 1690 969 1819 1054; x_wconf 91' lang='lat' dir='ltr'>homo</span> <span class='ocrx_word' id='word_1_51' title='bbox 1844 969 1916 1056; x_wconf 83' lang='lat' dir='ltr'>sine</span> 
     </span>
     <span class='ocr_line' id='line_1_7' title="bbox 284 1082 1915 1202; baseline 0.005 -37"><span class='ocrx_word' id='word_1_52' title='bbox 284 1082 461 1189; x_wconf 57' lang='grc' dir='ltr'>ἷζξῑξζζῖῑξὲῗῖ</span> <span class='ocrx_word' id='word_1_53' title='bbox 476 1093 562 1172; x_wconf 92' lang='lat' dir='ltr'>Deo</span> <span class='ocrx_word' id='word_1_54' title='bbox 577 1086 682 1201; x_wconf 92' lang='lat' dir='ltr'>quasi</span> <span class='ocrx_word' id='word_1_55' title='bbox 698 1116 744 1171; x_wconf 85' lang='lat' dir='ltr'>ex</span> <span class='ocrx_word' id='word_1_56' title='bbox 769 1117 806 1173; x_wconf 94' lang='lat' dir='ltr'>se</span> <span class='ocrx_word' id='word_1_57' title='bbox 823 1087 912 1171; x_wconf 90' lang='lat' dir='ltr'>nibil</span> <span class='ocrx_word' id='word_1_58' title='bbox 935 1084 1082 1172; x_wconf 84' lang='lat' dir='ltr'>efficere</span> <span class='ocrx_word' id='word_1_59' title='bbox 1097 1117 1205 1202; x_wconf 90' lang='lat' dir='ltr'>posse</span> <span class='ocrx_word' id='word_1_60' title='bbox 1219 1089 1482 1193; x_wconf 88' lang='lat' dir='ltr'>concluditur,</span> <span class='ocrx_word' id='word_1_61' title='bbox 1498 1088 1610 1202; x_wconf 91' lang='lat' dir='ltr'>quale</span> <span class='ocrx_word' id='word_1_62' title='bbox 1624 1087 1720 1171; x_wconf 92' lang='lat' dir='ltr'>illud</span> <span class='ocrx_word' id='word_1_63' title='bbox 1737 1109 1797 1170; x_wconf 83' lang='lat' dir='ltr'>est</span> <span class='ocrx_word' id='word_1_64' title='bbox 1811 1088 1915 1198; x_wconf 89' lang='lat' dir='ltr'>Joan.</span> 
     </span>
     <span class='ocr_line' id='line_1_8' title="bbox 284 1201 1916 1332; baseline 0.001 -44"><span class='ocrx_word' id='word_1_65' title='bbox 284 1201 364 1250; x_wconf 67' lang='lat' dir='ltr'>vnn.</span> <span class='ocrx_word' id='word_1_66' title='bbox 404 1299 412 1332; x_wconf 50' lang='grc' dir='ltr'>Ι</span> <span class='ocrx_word' id='word_1_67' title='bbox 482 1234 520 1288; x_wconf 93' lang='lat'>1.</span> <span class='ocrx_word' id='word_1_68' title='bbox 547 1205 640 1286; x_wconf 85' lang='lat' dir='ltr'>Sioe</span> <span class='ocrx_word' id='word_1_69' title='bbox 656 1203 899 1313; x_wconf 84' lang='lat' dir='ltr'>ipsofactom</span> <span class='ocrx_word' id='word_1_70' title='bbox 914 1222 972 1289; x_wconf 88' lang='lat' dir='ltr'>est</span> <span class='ocrx_word' id='word_1_71' title='bbox 988 1207 1109 1310; x_wconf 79' lang='lat' dir='ltr'>nihil,</span> <span class='ocrx_word' id='word_1_72' title='bbox 1135 1209 1241 1323; x_wconf 87' lang='lat' dir='ltr'>apud</span> <span class='ocrx_word' id='word_1_73' title='bbox 1252 1237 1368 1322; x_wconf 92' lang='lat' dir='ltr'>quem</span> <span class='ocrx_word' id='word_1_74' title='bbox 1381 1207 1455 1292; x_wconf 86' lang='lat' dir='ltr'>alio</span> <span class='ocrx_word' id='word_1_75' title='bbox 1473 1206 1512 1289; x_wconf 94' lang='lat' dir='ltr'>in</span> <span class='ocrx_word' id='word_1_76' title='bbox 1524 1207 1611 1291; x_wconf 90' lang='lat' dir='ltr'>loco</span> <span class='ocrx_word' id='word_1_77' title='bbox 1629 1205 1808 1289; x_wconf 90' lang='lat' dir='ltr'>Christus</span> <span class='ocrx_word' id='word_1_78' title='bbox 1823 1216 1916 1310; x_wconf 66' lang='lat' dir='ltr'>,moe</span> 
     </span>
     <span class='ocr_line' id='line_1_9' title="bbox 287 1289 1918 1439; baseline 0.001 -31"><span class='ocrx_word' id='word_1_79' title='bbox 287 1289 390 1369; x_wconf 49' lang='lat' dir='ltr'>*im</span> <span class='ocrx_word' id='word_1_80' title='bbox 414 1292 439 1343; x_wconf 66' lang='lat'>⁵⁸</span> <span class='ocrx_word' id='word_1_81' title='bbox 477 1350 533 1408; x_wconf 86' lang='lat' dir='ltr'>roe</span> <span class='ocrx_word' id='word_1_82' title='bbox 549 1381 562 1426; x_wconf 94' lang='lat'>,</span> <span class='ocrx_word' id='word_1_83' title='bbox 579 1323 701 1437; x_wconf 90' lang='lat' dir='ltr'>inquit</span> <span class='ocrx_word' id='word_1_84' title='bbox 718 1384 730 1429; x_wconf 93' lang='lat'>,</span> <span class='ocrx_word' id='word_1_85' title='bbox 748 1325 843 1407; x_wconf 79' lang='lat' dir='ltr'>nihil</span> <span class='ocrx_word' id='word_1_86' title='bbox 850 1332 1011 1433; x_wconf 79' lang='lat' dir='ltr'>potestis</span> <span class='ocrx_word' id='word_1_87' title='bbox 1015 1322 1166 1430; x_wconf 89' lang='lat' dir='ltr'>facere.</span> <span class='ocrx_word' id='word_1_88' title='bbox 1196 1327 1270 1412; x_wconf 89' lang='lat' dir='ltr'>Sed</span> <span class='ocrx_word' id='word_1_89' title='bbox 1288 1324 1502 1438; x_wconf 79' lang='lat' dir='ltr'>hujusmodi</span> <span class='ocrx_word' id='word_1_90' title='bbox 1532 1324 1668 1428; x_wconf 92' lang='lat' dir='ltr'>dictis,</span> <span class='ocrx_word' id='word_1_91' title='bbox 1695 1323 1842 1439; x_wconf 88' lang='lat' dir='ltr'>quibus</span> <span class='ocrx_word' id='word_1_92' title='bbox 1868 1349 1918 1409; x_wconf 89' lang='lat' dir='ltr'>est</span> 
     </span>
     <span class='ocr_line' id='line_1_10' title="bbox 476 1439 1919 1560; baseline -0.001 -32"><span class='ocrx_word' id='word_1_93' title='bbox 476 1441 654 1555; x_wconf 89' lang='lat' dir='ltr'>scriptura</span> <span class='ocrx_word' id='word_1_94' title='bbox 670 1440 797 1526; x_wconf 89' lang='lat' dir='ltr'>divina</span> <span class='ocrx_word' id='word_1_95' title='bbox 823 1439 995 1548; x_wconf 88' lang='lat' dir='ltr'>referta,</span> <span class='ocrx_word' id='word_1_96' title='bbox 1021 1443 1174 1530; x_wconf 83' lang='lat' dir='ltr'>abunde</span> <span class='ocrx_word' id='word_1_97' title='bbox 1205 1456 1301 1560; x_wconf 91' lang='lat' dir='ltr'>puto</span> <span class='ocrx_word' id='word_1_98' title='bbox 1328 1443 1544 1559; x_wconf 85' lang='lat' dir='ltr'>explicanda</span> <span class='ocrx_word' id='word_1_99' title='bbox 1573 1465 1709 1526; x_wconf 88' lang='lat' dir='ltr'>nostra</span> <span class='ocrx_word' id='word_1_100' title='bbox 1745 1441 1919 1526; x_wconf 87' lang='lat' dir='ltr'>sententia</span> 
     </span>
     <span class='ocr_line' id='line_1_11' title="bbox 479 1559 1920 1679; baseline -0.003 -32"><span class='ocrx_word' id='word_1_101' title='bbox 479 1559 738 1672; x_wconf 83' lang='lat' dir='ltr'>respondimus</span> <span class='ocrx_word' id='word_1_102' title='bbox 756 1619 768 1662; x_wconf 94' lang='lat'>,</span> <span class='ocrx_word' id='word_1_103' title='bbox 796 1559 942 1675; x_wconf 91' lang='lat' dir='ltr'>etquid</span> <span class='ocrx_word' id='word_1_104' title='bbox 963 1560 1127 1668; x_wconf 86' lang='lat' dir='ltr'>valeant,</span> <span class='ocrx_word' id='word_1_105' title='bbox 1143 1562 1391 1679; x_wconf 87' lang='lat' dir='ltr'>exposuimus.</span> <span class='ocrx_word' id='word_1_106' title='bbox 1408 1559 1482 1646; x_wconf 84' lang='lat' dir='ltr'>Est</span> <span class='ocrx_word' id='word_1_107' title='bbox 1497 1584 1625 1645; x_wconf 89' lang='lat' dir='ltr'>autem</span> <span class='ocrx_word' id='word_1_108' title='bbox 1645 1588 1818 1663; x_wconf 89' lang='lat' dir='ltr'>summa,</span> <span class='ocrx_word' id='word_1_109' title='bbox 1834 1560 1920 1673; x_wconf 84' lang='lat' dir='ltr'>quia</span> 
     </span>
     <span class='ocr_line' id='line_1_12' title="bbox 480 1677 1918 1796; baseline -0.002 -34"><span class='ocrx_word' id='word_1_110' title='bbox 480 1678 557 1763; x_wconf 92' lang='lat' dir='ltr'>sine</span> <span class='ocrx_word' id='word_1_111' title='bbox 576 1682 691 1780; x_wconf 92' lang='lat' dir='ltr'>Deo,</span> <span class='ocrx_word' id='word_1_112' title='bbox 713 1677 779 1792; x_wconf 92' lang='lat' dir='ltr'>qui</span> <span class='ocrx_word' id='word_1_113' title='bbox 794 1706 919 1763; x_wconf 90' lang='lat' dir='ltr'>rerum</span> <span class='ocrx_word' id='word_1_114' title='bbox 935 1680 1104 1763; x_wconf 91' lang='lat' dir='ltr'>omnium</span> <span class='ocrx_word' id='word_1_115' title='bbox 1130 1707 1186 1768; x_wconf 90' lang='lat' dir='ltr'>est</span> <span class='ocrx_word' id='word_1_116' title='bbox 1217 1707 1374 1784; x_wconf 92' lang='lat' dir='ltr'>auctor,</span> <span class='ocrx_word' id='word_1_117' title='bbox 1406 1680 1599 1796; x_wconf 90' lang='lat' dir='ltr'>primaque</span> <span class='ocrx_word' id='word_1_118' title='bbox 1624 1703 1744 1761; x_wconf 87' lang='lat' dir='ltr'>causa</span> <span class='ocrx_word' id='word_1_119' title='bbox 1762 1736 1776 1782; x_wconf 95' lang='lat'>,</span> <span class='ocrx_word' id='word_1_120' title='bbox 1793 1677 1918 1782; x_wconf 89' lang='lat' dir='ltr'>nullus,</span> 
     </span>
     <span class='ocr_line' id='line_1_13' title="bbox 479 1791 1921 1911; baseline -0.002 -29"><span class='ocrx_word' id='word_1_121' title='bbox 479 1825 529 1882; x_wconf 91' lang='lat' dir='ltr'>ne</span> <span class='ocrx_word' id='word_1_122' title='bbox 557 1795 729 1881; x_wconf 88' lang='lat' dir='ltr'>minimus</span> <span class='ocrx_word' id='word_1_123' title='bbox 741 1795 896 1911; x_wconf 90' lang='lat' dir='ltr'>quidem</span> <span class='ocrx_word' id='word_1_124' title='bbox 912 1820 1040 1883; x_wconf 93' lang='lat' dir='ltr'>motus</span> <span class='ocrx_word' id='word_1_125' title='bbox 1054 1800 1201 1886; x_wconf 86' lang='lat' dir='ltr'>exsistit.</span> <span class='ocrx_word' id='word_1_126' title='bbox 1232 1806 1382 1887; x_wconf 83' lang='lat' dir='ltr'>Arnon</span> <span class='ocrx_word' id='word_1_127' title='bbox 1410 1799 1439 1883; x_wconf 87' lang='lat' dir='ltr'>si</span> <span class='ocrx_word' id='word_1_128' title='bbox 1455 1801 1565 1882; x_wconf 90' lang='lat' dir='ltr'>causa</span> <span class='ocrx_word' id='word_1_129' title='bbox 1592 1791 1754 1882; x_wconf 90' lang='lat' dir='ltr'>inferior</span> <span class='ocrx_word' id='word_1_130' title='bbox 1770 1794 1858 1880; x_wconf 89' lang='lat' dir='ltr'>nihil</span> <span class='ocrx_word' id='word_1_131' title='bbox 1871 1791 1921 1879; x_wconf 91' lang='lat' dir='ltr'>ef·</span> 
     </span>
     <span class='ocr_line' id='line_1_14' title="bbox 479 1909 1919 2029; baseline -0.001 -30"><span class='ocrx_word' id='word_1_132' title='bbox 479 1912 556 1999; x_wconf 92' lang='lat' dir='ltr'>ficit</span> <span class='ocrx_word' id='word_1_133' title='bbox 572 1919 713 2029; x_wconf 85' lang='lat' dir='ltr'>absque</span> <span class='ocrx_word' id='word_1_134' title='bbox 730 1913 945 2028; x_wconf 84' lang='lat' dir='ltr'>superiore,</span> <span class='ocrx_word' id='word_1_135' title='bbox 970 1915 1095 2001; x_wconf 89' lang='lat' dir='ltr'>statim</span> <span class='ocrx_word' id='word_1_136' title='bbox 1117 1917 1219 2004; x_wconf 88' lang='lat' dir='ltr'>nulla</span> <span class='ocrx_word' id='word_1_137' title='bbox 1249 1940 1305 2003; x_wconf 91' lang='lat' dir='ltr'>est</span> <span class='ocrx_word' id='word_1_138' title='bbox 1329 1911 1514 2002; x_wconf 89' lang='lat' dir='ltr'>inferioris</span> <span class='ocrx_word' id='word_1_139' title='bbox 1529 1909 1720 2019; x_wconf 83' lang='lat' dir='ltr'>facultas,</span> <span class='ocrx_word' id='word_1_140' title='bbox 1756 1938 1823 1999; x_wconf 87' lang='lat' dir='ltr'>aut</span> <span class='ocrx_word' id='word_1_141' title='bbox 1837 1913 1919 1998; x_wconf 84' lang='lat' dir='ltr'>haec</span> 
     </span>
     <span class='ocr_line' id='line_1_15' title="bbox 481 2031 1918 2151; baseline 0.001 -36"><span class='ocrx_word' id='word_1_142' title='bbox 481 2032 558 2148; x_wconf 87' lang='lat' dir='ltr'>agit</span> <span class='ocrx_word' id='word_1_143' title='bbox 582 2031 798 2116; x_wconf 89' lang='lat' dir='ltr'>necessario.</span> <span class='ocrx_word' id='word_1_144' title='bbox 823 2036 963 2145; x_wconf 89' lang='lat' dir='ltr'>Neque</span> <span class='ocrx_word' id='word_1_145' title='bbox 986 2034 1086 2118; x_wconf 89' lang='lat' dir='ltr'>enim</span> <span class='ocrx_word' id='word_1_146' title='bbox 1112 2037 1200 2151; x_wconf 90' lang='lat' dir='ltr'>quia</span> <span class='ocrx_word' id='word_1_147' title='bbox 1230 2033 1418 2150; x_wconf 89' lang='lat' dir='ltr'>Philippus</span> <span class='ocrx_word' id='word_1_148' title='bbox 1443 2035 1520 2118; x_wconf 90' lang='lat' dir='ltr'>sine</span> <span class='ocrx_word' id='word_1_149' title='bbox 1546 2032 1628 2118; x_wconf 90' lang='lat' dir='ltr'>sole</span> <span class='ocrx_word' id='word_1_150' title='bbox 1658 2060 1749 2118; x_wconf 90' lang='lat' dir='ltr'>non</span> <span class='ocrx_word' id='word_1_151' title='bbox 1773 2032 1918 2149; x_wconf 85' lang='lat' dir='ltr'>genuit,</span> 
     </span>
     <span class='ocr_line' id='line_1_16' title="bbox 384 2147 1915 2269; baseline -0.001 -35.071"><span class='ocrx_word' id='word_1_152' title='bbox 384 2218 388 2222; x_wconf 55' lang='grc'><strong><em>,</em></strong></span> <span class='ocrx_word' id='word_1_153' title='bbox 483 2178 555 2234; x_wconf 90' lang='lat' dir='ltr'>nec</span> <span class='ocrx_word' id='word_1_154' title='bbox 571 2149 695 2263; x_wconf 91' lang='lat' dir='ltr'>potuit</span> <span class='ocrx_word' id='word_1_155' title='bbox 720 2149 931 2254; x_wconf 88' lang='lat' dir='ltr'>Carolum,</span> <span class='ocrx_word' id='word_1_156' title='bbox 960 2150 1099 2237; x_wconf 89' lang='lat' dir='ltr'>idcirco</span> <span class='ocrx_word' id='word_1_157' title='bbox 1128 2152 1316 2269; x_wconf 88' lang='lat' dir='ltr'>Philippus</span> <span class='ocrx_word' id='word_1_158' title='bbox 1338 2150 1430 2237; x_wconf 89' lang='lat' dir='ltr'>nihil</span> <span class='ocrx_word' id='word_1_159' title='bbox 1452 2147 1602 2256; x_wconf 85' lang='lat' dir='ltr'>effecit,</span> <span class='ocrx_word' id='word_1_160' title='bbox 1621 2174 1694 2236; x_wconf 89' lang='lat' dir='ltr'>aut</span> <span class='ocrx_word' id='word_1_161' title='bbox 1725 2150 1915 2235; x_wconf 69' lang='lat' dir='ltr'>necesmno</span> 
     </span>
     <span class='ocr_line' id='line_1_17' title="bbox 482 2265 1916 2388; baseline 0.001 -38"><span class='ocrx_word' id='word_1_162' title='bbox 482 2266 663 2351; x_wconf 87' lang='lat' dir='ltr'>Carolum</span> <span class='ocrx_word' id='word_1_163' title='bbox 684 2267 907 2381; x_wconf 83' lang='lat' dir='ltr'>procreavit.</span> <span class='ocrx_word' id='word_1_164' title='bbox 938 2268 1002 2354; x_wconf 83' lang='lat' dir='ltr'>Ad</span> <span class='ocrx_word' id='word_1_165' title='bbox 1024 2271 1117 2356; x_wconf 88' lang='lat' dir='ltr'>hacc</span> <span class='ocrx_word' id='word_1_166' title='bbox 1132 2273 1223 2388; x_wconf 85' lang='lat' dir='ltr'>quia</span> <span class='ocrx_word' id='word_1_167' title='bbox 1250 2266 1457 2385; x_wconf 89' lang='lat' dir='ltr'>perfectum</span> <span class='ocrx_word' id='word_1_168' title='bbox 1479 2265 1647 2354; x_wconf 85' lang='lat' dir='ltr'>officium</span> <span class='ocrx_word' id='word_1_169' title='bbox 1672 2268 1822 2353; x_wconf 89' lang='lat' dir='ltr'>nullum</span> <span class='ocrx_word' id='word_1_170' title='bbox 1846 2292 1916 2351; x_wconf 80' lang='lat' dir='ltr'>esse</span> 
     </span>
     <span class='ocr_line' id='line_1_18' title="bbox 482 2384 1919 2506; baseline 0 -36"><span class='ocrx_word' id='word_1_171' title='bbox 482 2408 632 2500; x_wconf 88' lang='lat' dir='ltr'>potest,</span> <span class='ocrx_word' id='word_1_172' title='bbox 651 2385 744 2501; x_wconf 90' lang='lat' dir='ltr'>quin</span> <span class='ocrx_word' id='word_1_173' title='bbox 760 2388 809 2471; x_wconf 89' lang='lat' dir='ltr'>ab</span> <span class='ocrx_word' id='word_1_174' title='bbox 821 2386 949 2471; x_wconf 89' lang='lat' dir='ltr'>animo</span> <span class='ocrx_word' id='word_1_175' title='bbox 965 2385 1106 2474; x_wconf 88' lang='lat' dir='ltr'>suffuso</span> <span class='ocrx_word' id='word_1_176' title='bbox 1123 2390 1242 2506; x_wconf 87' lang='lat' dir='ltr'>gratia</span> <span class='ocrx_word' id='word_1_177' title='bbox 1269 2389 1341 2474; x_wconf 93' lang='lat' dir='ltr'>Dei</span> <span class='ocrx_word' id='word_1_178' title='bbox 1365 2387 1537 2504; x_wconf 87' lang='lat' dir='ltr'>peculiari</span> <span class='ocrx_word' id='word_1_179' title='bbox 1550 2384 1824 2502; x_wconf 86' lang='lat' dir='ltr'>proficiscatur.</span> <span class='ocrx_word' id='word_1_180' title='bbox 1852 2389 1919 2470; x_wconf 88' lang='lat' dir='ltr'>Po·</span> 
     </span>
     <span class='ocr_line' id='line_1_19' title="bbox 482 2501 1917 2618; baseline -0.001 -28"><span class='ocrx_word' id='word_1_181' title='bbox 482 2527 621 2590; x_wconf 86' lang='lat' dir='ltr'>stremo</span> <span class='ocrx_word' id='word_1_182' title='bbox 641 2501 824 2618; x_wconf 92' lang='lat' dir='ltr'>quoniam</span> <span class='ocrx_word' id='word_1_183' title='bbox 841 2503 1011 2589; x_wconf 91' lang='lat' dir='ltr'>homines</span> <span class='ocrx_word' id='word_1_184' title='bbox 1038 2508 1109 2592; x_wconf 89' lang='lat' dir='ltr'>Dei</span> <span class='ocrx_word' id='word_1_185' title='bbox 1133 2504 1315 2593; x_wconf 84' lang='lat' dir='ltr'>beneficio</span> <span class='ocrx_word' id='word_1_186' title='bbox 1339 2531 1378 2608; x_wconf 83' lang='lat' dir='ltr'>et</span> <span class='ocrx_word' id='word_1_187' title='bbox 1401 2530 1488 2592; x_wconf 91' lang='lat' dir='ltr'>sunt</span> <span class='ocrx_word' id='word_1_188' title='bbox 1502 2566 1515 2611; x_wconf 93' lang='lat'>,</span> <span class='ocrx_word' id='word_1_189' title='bbox 1528 2529 1567 2590; x_wconf 91' lang='lat' dir='ltr'>et</span> <span class='ocrx_word' id='word_1_190' title='bbox 1583 2504 1758 2609; x_wconf 90' lang='lat' dir='ltr'>vivunt,</span> <span class='ocrx_word' id='word_1_191' title='bbox 1788 2505 1917 2589; x_wconf 81' lang='lat' dir='ltr'>idcireo</span> 
     </span>
     <span class='ocr_line' id='line_1_20' title="bbox 483 2621 1924 2737; baseline 0 -32"><span class='ocrx_word' id='word_1_192' title='bbox 483 2621 669 2736; x_wconf 92' lang='lat' dir='ltr'>quidquid</span> <span class='ocrx_word' id='word_1_193' title='bbox 691 2644 811 2737; x_wconf 85' lang='lat' dir='ltr'>agunt</span> <span class='ocrx_word' id='word_1_194' title='bbox 834 2621 906 2706; x_wconf 93' lang='lat' dir='ltr'>suis</span> <span class='ocrx_word' id='word_1_195' title='bbox 930 2622 1097 2729; x_wconf 92' lang='lat' dir='ltr'>viribus,</span> <span class='ocrx_word' id='word_1_196' title='bbox 1128 2625 1167 2711; x_wconf 93' lang='lat' dir='ltr'>id</span> <span class='ocrx_word' id='word_1_197' title='bbox 1197 2650 1324 2710; x_wconf 91' lang='lat' dir='ltr'>totum</span> <span class='ocrx_word' id='word_1_198' title='bbox 1339 2624 1510 2709; x_wconf 90' lang='lat' dir='ltr'>tribuitur</span> <span class='ocrx_word' id='word_1_199' title='bbox 1526 2622 1656 2709; x_wconf 81' lang='lat' dir='ltr'>virtuti</span> <span class='ocrx_word' id='word_1_200' title='bbox 1672 2623 1786 2732; x_wconf 78' lang='lat' dir='ltr'>ejus,</span> <span class='ocrx_word' id='word_1_201' title='bbox 1811 2649 1924 2735; x_wconf 88' lang='lat' dir='ltr'>aquo</span> 
     </span>
     <span class='ocr_line' id='line_1_21' title="bbox 483 2739 1920 2856; baseline 0 -33"><span class='ocrx_word' id='word_1_202' title='bbox 483 2739 578 2823; x_wconf 87' lang='lat' dir='ltr'>vires</span> <span class='ocrx_word' id='word_1_203' title='bbox 601 2762 640 2822; x_wconf 89' lang='lat' dir='ltr'>et</span> <span class='ocrx_word' id='word_1_204' title='bbox 663 2766 741 2823; x_wconf 88' lang='lat' dir='ltr'>esse</span> <span class='ocrx_word' id='word_1_205' title='bbox 760 2739 882 2852; x_wconf 91' lang='lat' dir='ltr'>ipsum</span> <span class='ocrx_word' id='word_1_206' title='bbox 895 2765 1138 2854; x_wconf 89' lang='lat' dir='ltr'>acceperunt.</span> <span class='ocrx_word' id='word_1_207' title='bbox 1168 2745 1259 2827; x_wconf 92' lang='lat' dir='ltr'>Huc</span> <span class='ocrx_word' id='word_1_208' title='bbox 1286 2740 1386 2826; x_wconf 86' lang='lat' dir='ltr'>euim</span> <span class='ocrx_word' id='word_1_209' title='bbox 1418 2741 1608 2856; x_wconf 84' lang='lat' dir='ltr'>spectabat</span> <span class='ocrx_word' id='word_1_210' title='bbox 1636 2741 1808 2843; x_wconf 90' lang='lat' dir='ltr'>Paulus,</span> <span class='ocrx_word' id='word_1_211' title='bbox 1836 2767 1920 2832; x_wconf 85' lang='lat' dir='ltr'>¹cum</span> 
     </span>
     <span class='ocr_line' id='line_1_22' title="bbox 322 2854 1923 2970; baseline 0.002 -35"><span class='ocrx_word' id='word_1_212' title='bbox 322 2893 347 2935; x_wconf 69' lang='lat' dir='ltr'>a.</span> <span class='ocrx_word' id='word_1_213' title='bbox 362 2875 457 2934; x_wconf 74' lang='lat' dir='ltr'>eona</span> <span class='ocrx_word' id='word_1_214' title='bbox 485 2854 647 2951; x_wconf 83' lang='lat' dir='ltr'>diceret:</span> <span class='ocrx_word' id='word_1_215' title='bbox 662 2938 664 2941; x_wconf 78' lang='grc'><strong>,</strong></span> <span class='ocrx_word' id='word_1_216' title='bbox 680 2855 767 2941; x_wconf 87' lang='lat' dir='ltr'>Noa</span> <span class='ocrx_word' id='word_1_217' title='bbox 792 2866 918 2940; x_wconf 83' lang='lat' dir='ltr'>tomos</span> <span class='ocrx_word' id='word_1_218' title='bbox 937 2857 1172 2965; x_wconf 77' lang='lat' dir='ltr'>sufficientes</span> <span class='ocrx_word' id='word_1_219' title='bbox 1196 2866 1364 2970; x_wconf 85' lang='lat' dir='ltr'>cogitare</span> <span class='ocrx_word' id='word_1_220' title='bbox 1384 2863 1568 2967; x_wconf 84' lang='lat' dir='ltr'>aliquida</span> <span class='ocrx_word' id='word_1_221' title='bbox 1587 2860 1696 2941; x_wconf 88' lang='lat' dir='ltr'>oobis</span> <span class='ocrx_word' id='word_1_222' title='bbox 1717 2918 1730 2963; x_wconf 94' lang='lat'>,</span> <span class='ocrx_word' id='word_1_223' title='bbox 1753 2865 1855 2966; x_wconf 79' lang='lat' dir='ltr'>quasi</span> <span class='ocrx_word' id='word_1_224' title='bbox 1869 2884 1923 2939; x_wconf 81' lang='lat' dir='ltr'>ear</span> 
     </span>
     <span class='ocr_line' id='line_1_23' title="bbox 484 2974 1925 3091; baseline 0.001 -33"><span class='ocrx_word' id='word_1_225' title='bbox 484 2976 591 3060; x_wconf 82' lang='lat' dir='ltr'>nobis</span> <span class='ocrx_word' id='word_1_226' title='bbox 608 3032 620 3077; x_wconf 96' lang='lat'>,</span> <span class='ocrx_word' id='word_1_227' title='bbox 637 2976 706 3057; x_wconf 84' lang='lat' dir='ltr'>sed</span> <span class='ocrx_word' id='word_1_228' title='bbox 720 2982 834 3059; x_wconf 90' lang='lat' dir='ltr'>omois</span> <span class='ocrx_word' id='word_1_229' title='bbox 851 2992 979 3060; x_wconf 82' lang='lat' dir='ltr'>nostro</span> <span class='ocrx_word' id='word_1_230' title='bbox 994 2974 1227 3084; x_wconf 76' lang='lat' dir='ltr'>sufficientia</span> <span class='ocrx_word' id='word_1_231' title='bbox 1242 3005 1292 3061; x_wconf 78' lang='lat' dir='ltr'>ear</span> <span class='ocrx_word' id='word_1_232' title='bbox 1307 2979 1392 3062; x_wconf 81' lang='lat' dir='ltr'>Deo</span> <span class='ocrx_word' id='word_1_233' title='bbox 1404 2993 1474 3065; x_wconf 89' lang='lat' dir='ltr'>est.</span> <span class='ocrx_word' id='word_1_234' title='bbox 1505 2975 1624 3075; x_wconf 85' lang='lat' dir='ltr'>Quasi</span> <span class='ocrx_word' id='word_1_235' title='bbox 1640 2976 1748 3062; x_wconf 89' lang='lat' dir='ltr'>dicat</span> <span class='ocrx_word' id='word_1_236' title='bbox 1767 3038 1779 3083; x_wconf 91' lang='lat'>,</span> <span class='ocrx_word' id='word_1_237' title='bbox 1794 2974 1925 3091; x_wconf 91' lang='lat' dir='ltr'>siquid</span> 
     </span>
     <span class='ocr_line' id='line_1_24' title="bbox 370 3089 1926 3211; baseline -0.001 -34"><span class='ocrx_word' id='word_1_238' title='bbox 370 3134 374 3139; x_wconf 82' lang='lat'><em>-</em></span> <span class='ocrx_word' id='word_1_239' title='bbox 486 3089 695 3197; x_wconf 83' lang='lat' dir='ltr'>efficimus,</span> <span class='ocrx_word' id='word_1_240' title='bbox 723 3116 789 3183; x_wconf 91' lang='lat' dir='ltr'>aut</span> <span class='ocrx_word' id='word_1_241' title='bbox 805 3121 1002 3207; x_wconf 89' lang='lat' dir='ltr'>possumus</span> <span class='ocrx_word' id='word_1_242' title='bbox 1028 3092 1202 3199; x_wconf 85' lang='lat' dir='ltr'>efficere,</span> <span class='ocrx_word' id='word_1_243' title='bbox 1228 3123 1308 3181; x_wconf 92' lang='lat' dir='ltr'>non</span> <span class='ocrx_word' id='word_1_244' title='bbox 1332 3119 1389 3180; x_wconf 91' lang='lat' dir='ltr'>est</span> <span class='ocrx_word' id='word_1_245' title='bbox 1418 3095 1528 3211; x_wconf 92' lang='lat' dir='ltr'>quod</span> <span class='ocrx_word' id='word_1_246' title='bbox 1560 3094 1668 3178; x_wconf 92' lang='lat' dir='ltr'>nobis</span> <span class='ocrx_word' id='word_1_247' title='bbox 1700 3119 1926 3210; x_wconf 86' lang='lat' dir='ltr'>magnopere</span> 
     </span>
     <span class='ocr_line' id='line_1_25' title="bbox 486 3209 1928 3327; baseline -0.001 -32"><span class='ocrx_word' id='word_1_248' title='bbox 486 3209 714 3314; x_wconf 90' lang='lat' dir='ltr'>tribuamus,</span> <span class='ocrx_word' id='word_1_249' title='bbox 736 3236 873 3297; x_wconf 89' lang='lat' dir='ltr'>cuncta</span> <span class='ocrx_word' id='word_1_250' title='bbox 887 3213 988 3296; x_wconf 93' lang='lat' dir='ltr'>enim</span> <span class='ocrx_word' id='word_1_251' title='bbox 1013 3210 1147 3299; x_wconf 91' lang='lat' dir='ltr'>referre</span> <span class='ocrx_word' id='word_1_252' title='bbox 1162 3237 1314 3327; x_wconf 87' lang='lat' dir='ltr'>accepta</span> <span class='ocrx_word' id='word_1_253' title='bbox 1337 3213 1518 3298; x_wconf 88' lang='lat' dir='ltr'>debemus</span> <span class='ocrx_word' id='word_1_254' title='bbox 1534 3210 1818 3298; x_wconf 85' lang='lat' dir='ltr'>munificentiae</span> <span class='ocrx_word' id='word_1_255' title='bbox 1844 3210 1928 3298; x_wconf 85' lang='lat' dir='ltr'>divi·</span> 
     </span>
    </p>

    <p class='ocr_par' dir='ltr' id='par_1_4' title="bbox 433 3326 1629 3445">
     <span class='ocr_line' id='line_1_26' title="bbox 433 3326 1629 3445; baseline 0 -31"><span class='ocrx_word' id='word_1_256' title='bbox 433 3345 435 3349; x_wconf 77' lang='grc'>’</span> <span class='ocrx_word' id='word_1_257' title='bbox 487 3356 589 3431; x_wconf 91' lang='lat' dir='ltr'>nae,</span> <span class='ocrx_word' id='word_1_258' title='bbox 611 3356 710 3442; x_wconf 92' lang='lat' dir='ltr'>quae</span> <span class='ocrx_word' id='word_1_259' title='bbox 726 3327 834 3412; x_wconf 89' lang='lat' dir='ltr'>nobis</span> <span class='ocrx_word' id='word_1_260' title='bbox 850 3357 934 3415; x_wconf 88' lang='lat' dir='ltr'>eam</span> <span class='ocrx_word' id='word_1_261' title='bbox 956 3326 1173 3417; x_wconf 81' lang='lat' dir='ltr'>facultatem</span> <span class='ocrx_word' id='word_1_262' title='bbox 1195 3329 1389 3417; x_wconf 89' lang='lat' dir='ltr'>liberaliter</span> <span class='ocrx_word' id='word_1_263' title='bbox 1405 3329 1629 3445; x_wconf 89' lang='lat' dir='ltr'>impartitur.</span> 
     </span>
    </p>

    <p class='ocr_par' dir='ltr' id='par_1_5' title="bbox 487 3446 1928 3564">
     <span class='ocr_line' id='line_1_27' title="bbox 487 3446 1928 3564; baseline -0.005 -29"><span class='ocrx_word' id='word_1_264' title='bbox 487 3528 488 3535; x_wconf 12' lang='grc' dir='ltr'><strong><em>Ν</em></strong></span> <span class='ocrx_word' id='word_1_265' title='bbox 548 3449 693 3531; x_wconf 85' lang='lat' dir='ltr'><strong>XXIV.</strong></span> <span class='ocrx_word' id='word_1_266' title='bbox 753 3447 927 3533; x_wconf 89' lang='lat' dir='ltr'>Tertium</span> <span class='ocrx_word' id='word_1_267' title='bbox 947 3472 1061 3564; x_wconf 88' lang='lat' dir='ltr'>caput</span> <span class='ocrx_word' id='word_1_268' title='bbox 1089 3472 1256 3536; x_wconf 89' lang='lat' dir='ltr'>versatur</span> <span class='ocrx_word' id='word_1_269' title='bbox 1293 3447 1337 3532; x_wconf 90' lang='lat' dir='ltr'>in</span> <span class='ocrx_word' id='word_1_270' title='bbox 1358 3448 1562 3535; x_wconf 88' lang='lat' dir='ltr'>Pharaonis</span> <span class='ocrx_word' id='word_1_271' title='bbox 1605 3446 1868 3533; x_wconf 91' lang='lat' dir='ltr'>obstinatione</span> <span class='ocrx_word' id='word_1_272' title='bbox 1892 3467 1928 3529; x_wconf 87' lang='lat' dir='ltr'>tt</span> 
     </span>
    </p>
   </div>
   <div class='ocr_carea' id='block_1_3' title="bbox 295 3528 1927 3683">
    <p class='ocr_par' dir='ltr' id='par_1_6' title="bbox 295 3528 1927 3683">
     <span class='ocr_line' id='line_1_28' title="bbox 295 3528 1927 3683; baseline 0.001 -37"><span class='ocrx_word' id='word_1_273' title='bbox 295 3528 591 3650; x_wconf 53' lang='lat' dir='ltr'>{itllfflmiilsssau</span> <span class='ocrx_word' id='word_1_274' title='bbox 607 3564 812 3671; x_wconf 86' lang='lat' dir='ltr'>servitute,</span> <span class='ocrx_word' id='word_1_275' title='bbox 848 3588 887 3649; x_wconf 90' lang='lat' dir='ltr'>et</span> <span class='ocrx_word' id='word_1_276' title='bbox 902 3566 1075 3680; x_wconf 90' lang='lat' dir='ltr'>eoquod</span> <span class='ocrx_word' id='word_1_277' title='bbox 1092 3567 1186 3683; x_wconf 84' lang='lat' dir='ltr'>regis</span> <span class='ocrx_word' id='word_1_278' title='bbox 1206 3596 1272 3653; x_wconf 91' lang='lat' dir='ltr'>cor</span> <span class='ocrx_word' id='word_1_279' title='bbox 1294 3567 1333 3650; x_wconf 92' lang='lat' dir='ltr'>in</span> <span class='ocrx_word' id='word_1_280' title='bbox 1361 3596 1478 3651; x_wconf 89' lang='lat' dir='ltr'>manu</span> <span class='ocrx_word' id='word_1_281' title='bbox 1506 3564 1650 3651; x_wconf 90' lang='lat' dir='ltr'>domini</span> <span class='ocrx_word' id='word_1_282' title='bbox 1673 3565 1866 3680; x_wconf 85' lang='lat' dir='ltr'>scripturis</span> <span class='ocrx_word' id='word_1_283' title='bbox 1880 3562 1927 3647; x_wconf 88' lang='lat' dir='ltr'>di·</span> 
     </span>
    </p>
   </div>
   <div class='ocr_carea' id='block_1_4' title="bbox 297 3648 1937 5062">
    <p class='ocr_par' dir='ltr' id='par_1_7' title="bbox 297 3648 1931 3911">
     <span class='ocr_line' id='line_1_29' title="bbox 297 3648 1924 3800; baseline 0.003 -43"><span class='ocrx_word' id='word_1_284' title='bbox 297 3648 406 3757; x_wconf 48' lang='lat' dir='ltr'>labii</span> <span class='ocrx_word' id='word_1_285' title='bbox 424 3648 474 3695; x_wconf 62' lang='lat'><strong>‘⁰¹‘</strong></span> <span class='ocrx_word' id='word_1_286' title='bbox 487 3683 583 3775; x_wconf 79' lang='lat' dir='ltr'>uinis</span> <span class='ocrx_word' id='word_1_287' title='bbox 606 3712 683 3769; x_wconf 88' lang='lat' dir='ltr'>esse</span> <span class='ocrx_word' id='word_1_288' title='bbox 714 3684 883 3770; x_wconf 90' lang='lat' dir='ltr'>traditur.</span> <span class='ocrx_word' id='word_1_289' title='bbox 928 3684 979 3767; x_wconf 87' lang='lat' dir='ltr'>Si</span> <span class='ocrx_word' id='word_1_290' title='bbox 1000 3688 1138 3790; x_wconf 88' lang='lat' dir='ltr'>Deos,</span> <span class='ocrx_word' id='word_1_291' title='bbox 1169 3684 1330 3800; x_wconf 92' lang='lat' dir='ltr'>inquit,</span> <span class='ocrx_word' id='word_1_292' title='bbox 1361 3711 1427 3769; x_wconf 87' lang='lat' dir='ltr'>eor</span> <span class='ocrx_word' id='word_1_293' title='bbox 1459 3685 1670 3768; x_wconf 81' lang='lat' dir='ltr'>Pharaonis</span> <span class='ocrx_word' id='word_1_294' title='bbox 1702 3686 1924 3781; x_wconf 84' lang='lat' dir='ltr'>induravit,</span> 
     </span>
     <span class='ocr_line' id='line_1_30' title="bbox 490 3799 1931 3911; baseline -0.001 -30"><span class='ocrx_word' id='word_1_295' title='bbox 490 3809 576 3906; x_wconf 82' lang='lat' dir='ltr'>qais</span> <span class='ocrx_word' id='word_1_296' title='bbox 593 3808 693 3885; x_wconf 86' lang='lat' dir='ltr'>locos</span> <span class='ocrx_word' id='word_1_297' title='bbox 717 3817 777 3886; x_wconf 84' lang='lat' dir='ltr'>est</span> <span class='ocrx_word' id='word_1_298' title='bbox 791 3804 907 3885; x_wconf 82' lang='lat' dir='ltr'>libero</span> <span class='ocrx_word' id='word_1_299' title='bbox 933 3799 1094 3889; x_wconf 82' lang='lat' dir='ltr'>arbitrio</span> <span class='ocrx_word' id='word_1_300' title='bbox 1118 3809 1298 3887; x_wconf 79' lang='lat' dir='ltr'>relictos?</span> <span class='ocrx_word' id='word_1_301' title='bbox 1323 3818 1390 3885; x_wconf 90' lang='lat' dir='ltr'>aot</span> <span class='ocrx_word' id='word_1_302' title='bbox 1414 3805 1579 3911; x_wconf 81' lang='lat' dir='ltr'>quidest</span> <span class='ocrx_word' id='word_1_303' title='bbox 1601 3809 1794 3885; x_wconf 82' lang='lat' dir='ltr'>innostro</span> <span class='ocrx_word' id='word_1_304' title='bbox 1811 3807 1931 3884; x_wconf 82' lang='lat' dir='ltr'>volort·</span> 
     </span>
    </p>

    <p class='ocr_par' dir='ltr' id='par_1_8' title="bbox 490 3921 1928 4032">
     <span class='ocr_line' id='line_1_31' title="bbox 490 3921 1928 4032; baseline -0.007 -25"><span class='ocrx_word' id='word_1_305' title='bbox 490 3933 598 4020; x_wconf 84' lang='lat' dir='ltr'>tare,</span> <span class='ocrx_word' id='word_1_306' title='bbox 623 3927 658 4000; x_wconf 88' lang='lat' dir='ltr'>si</span> <span class='ocrx_word' id='word_1_307' title='bbox 676 3945 739 4001; x_wconf 86' lang='lat' dir='ltr'>cor</span> <span class='ocrx_word' id='word_1_308' title='bbox 760 3928 906 4028; x_wconf 86' lang='lat' dir='ltr'>Regis,</span> <span class='ocrx_word' id='word_1_309' title='bbox 928 3946 974 4004; x_wconf 91' lang='lat' dir='ltr'>oo</span> <span class='ocrx_word' id='word_1_310' title='bbox 991 3921 1149 4030; x_wconf 80' lang='lat' dir='ltr'>proinde</span> <span class='ocrx_word' id='word_1_311' title='bbox 1177 3925 1348 4032; x_wconf 79' lang='lat' dir='ltr'>cujusvis</span> <span class='ocrx_word' id='word_1_312' title='bbox 1363 3922 1523 4006; x_wconf 83' lang='lat' dir='ltr'>hominis</span> <span class='ocrx_word' id='word_1_313' title='bbox 1548 3933 1606 4002; x_wconf 88' lang='lat' dir='ltr'>est</span> <span class='ocrx_word' id='word_1_314' title='bbox 1632 3927 1672 4002; x_wconf 85' lang='lat' dir='ltr'>io</span> <span class='ocrx_word' id='word_1_315' title='bbox 1697 3946 1813 4002; x_wconf 84' lang='lat' dir='ltr'>maora</span> <span class='ocrx_word' id='word_1_316' title='bbox 1828 3922 1928 4000; x_wconf 82' lang='lat' dir='ltr'>dorri-</span> 
     </span>
    </p>

    <p class='ocr_par' dir='ltr' id='par_1_9' title="bbox 491 4034 1928 4152">
     <span class='ocr_line' id='line_1_32' title="bbox 491 4034 1928 4152; baseline -0.001 -35"><span class='ocrx_word' id='word_1_317' title='bbox 491 4043 560 4135; x_wconf 83' lang='lat' dir='ltr'>oi?</span> <span class='ocrx_word' id='word_1_318' title='bbox 582 4043 619 4118; x_wconf 85' lang='lat' dir='ltr'>si</span> <span class='ocrx_word' id='word_1_319' title='bbox 636 4034 759 4152; x_wconf 73' lang='lat' dir='ltr'>Jacob</span> <span class='ocrx_word' id='word_1_320' title='bbox 788 4038 895 4121; x_wconf 85' lang='lat' dir='ltr'>Esau</span> <span class='ocrx_word' id='word_1_321' title='bbox 912 4044 1008 4123; x_wconf 86' lang='lat' dir='ltr'>nollo</span> <span class='ocrx_word' id='word_1_322' title='bbox 1023 4043 1242 4124; x_wconf 78' lang='lat' dir='ltr'>alterutrius</span> <span class='ocrx_word' id='word_1_323' title='bbox 1264 4045 1394 4125; x_wconf 87' lang='lat' dir='ltr'>merito</span> <span class='ocrx_word' id='word_1_324' title='bbox 1405 4034 1651 4150; x_wconf 74' lang='lat' dir='ltr'>proefhrtor?</span> <span class='ocrx_word' id='word_1_325' title='bbox 1680 4036 1928 4152; x_wconf 75' lang='lat' dir='ltr'>Respondent</span> 
     </span>
    </p>

    <p class='ocr_par' dir='ltr' id='par_1_10' title="bbox 495 4153 1932 4269">
     <span class='ocr_line' id='line_1_33' title="bbox 495 4153 1932 4269; baseline -0.001 -32"><span class='ocrx_word' id='word_1_326' title='bbox 495 4158 599 4239; x_wconf 92' lang='lat' dir='ltr'>Deus</span> <span class='ocrx_word' id='word_1_327' title='bbox 614 4183 680 4238; x_wconf 92' lang='lat' dir='ltr'>cor</span> <span class='ocrx_word' id='word_1_328' title='bbox 708 4154 911 4240; x_wconf 87' lang='lat' dir='ltr'>Pharaonis</span> <span class='ocrx_word' id='word_1_329' title='bbox 929 4156 1148 4261; x_wconf 90' lang='lat' dir='ltr'>induravit,</span> <span class='ocrx_word' id='word_1_330' title='bbox 1173 4181 1219 4243; x_wconf 91' lang='lat' dir='ltr'>ut</span> <span class='ocrx_word' id='word_1_331' title='bbox 1247 4160 1379 4242; x_wconf 90' lang='lat' dir='ltr'>Moses</span> <span class='ocrx_word' id='word_1_332' title='bbox 1405 4181 1555 4244; x_wconf 88' lang='lat' dir='ltr'>ostenta</span> <span class='ocrx_word' id='word_1_333' title='bbox 1586 4155 1718 4241; x_wconf 91' lang='lat' dir='ltr'>omnia</span> <span class='ocrx_word' id='word_1_334' title='bbox 1742 4153 1932 4269; x_wconf 86' lang='lat' dir='ltr'>perficeret</span> 
     </span>
    </p>

    <p class='ocr_par' dir='ltr' id='par_1_11' title="bbox 493 4266 1936 4390">
     <span class='ocr_line' id='line_1_34' title="bbox 493 4266 1936 4390; baseline -0.001 -36"><span class='ocrx_word' id='word_1_335' title='bbox 493 4266 620 4355; x_wconf 80' lang='lat' dir='ltr'>coram</span> <span class='ocrx_word' id='word_1_336' title='bbox 638 4273 868 4378; x_wconf 90' lang='lat' dir='ltr'>Pharaone,</span> <span class='ocrx_word' id='word_1_337' title='bbox 894 4303 993 4389; x_wconf 91' lang='lat' dir='ltr'>quae</span> <span class='ocrx_word' id='word_1_338' title='bbox 1010 4275 1186 4360; x_wconf 89' lang='lat' dir='ltr'>dominus</span> <span class='ocrx_word' id='word_1_339' title='bbox 1203 4299 1379 4390; x_wconf 90' lang='lat' dir='ltr'>posuerat</span> <span class='ocrx_word' id='word_1_340' title='bbox 1394 4274 1432 4359; x_wconf 96' lang='lat' dir='ltr'>in</span> <span class='ocrx_word' id='word_1_341' title='bbox 1450 4303 1567 4361; x_wconf 92' lang='lat' dir='ltr'>manu</span> <span class='ocrx_word' id='word_1_342' title='bbox 1587 4271 1693 4384; x_wconf 79' lang='lat' dir='ltr'>ejus,</span> <span class='ocrx_word' id='word_1_343' title='bbox 1729 4298 1770 4358; x_wconf 93' lang='lat' dir='ltr'>et</span> <span class='ocrx_word' id='word_1_344' title='bbox 1797 4297 1936 4388; x_wconf 86' lang='lat' dir='ltr'>poenas</span> 
     </span>
    </p>

    <p class='ocr_par' dir='ltr' id='par_1_12' title="bbox 330 4387 1936 4743">
     <span class='ocr_line' id='line_1_35' title="bbox 330 4387 1936 4507; baseline -0.016 -11"><span class='ocrx_word' id='word_1_345' title='bbox 330 4442 408 4496; x_wconf 67' lang='lat' dir='ltr'>aaa</span> <span class='ocrx_word' id='word_1_346' title='bbox 423 4454 447 4502; x_wconf 76' lang='lat'>,</span> <span class='ocrx_word' id='word_1_347' title='bbox 494 4387 626 4473; x_wconf 83' lang='lat' dir='ltr'>darent</span> <span class='ocrx_word' id='word_1_348' title='bbox 643 4391 848 4507; x_wconf 85' lang='lat' dir='ltr'>Aegyptii,</span> <span class='ocrx_word' id='word_1_349' title='bbox 874 4417 913 4477; x_wconf 89' lang='lat' dir='ltr'>et</span> <span class='ocrx_word' id='word_1_350' title='bbox 939 4393 1101 4506; x_wconf 33' lang='lat' dir='ltr'>pop-ulus</span> <span class='ocrx_word' id='word_1_351' title='bbox 1115 4393 1308 4496; x_wconf 88' lang='lat' dir='ltr'>crederet,</span> <span class='ocrx_word' id='word_1_352' title='bbox 1335 4399 1433 4498; x_wconf 83' lang='lat' dir='ltr'>qaod</span> <span class='ocrx_word' id='word_1_353' title='bbox 1461 4401 1662 4477; x_wconf 73' lang='lat' dir='ltr'>visitasset</span> <span class='ocrx_word' id='word_1_354' title='bbox 1686 4394 1863 4476; x_wconf 82' lang='lat' dir='ltr'>dominos</span> <span class='ocrx_word' id='word_1_355' title='bbox 1887 4388 1936 4475; x_wconf 87' lang='lat' dir='ltr'>Is·</span> 
     </span>
     <span class='ocr_line' id='line_1_36' title="bbox 491 4508 1934 4621; baseline 0.001 -33"><span class='ocrx_word' id='word_1_356' title='bbox 491 4512 577 4588; x_wconf 86' lang='lat' dir='ltr'>rael</span> <span class='ocrx_word' id='word_1_357' title='bbox 587 4566 598 4609; x_wconf 95' lang='lat'>,</span> <span class='ocrx_word' id='word_1_358' title='bbox 620 4522 656 4590; x_wconf 86' lang='lat' dir='ltr'>et</span> <span class='ocrx_word' id='word_1_359' title='bbox 673 4519 906 4616; x_wconf 79' lang='lat' dir='ltr'>respexisset</span> <span class='ocrx_word' id='word_1_360' title='bbox 927 4508 1173 4616; x_wconf 78' lang='lat' dir='ltr'>afflictionem</span> <span class='ocrx_word' id='word_1_361' title='bbox 1189 4516 1360 4614; x_wconf 85' lang='lat' dir='ltr'>illorum,</span> <span class='ocrx_word' id='word_1_362' title='bbox 1383 4528 1421 4594; x_wconf 88' lang='lat' dir='ltr'>et</span> <span class='ocrx_word' id='word_1_363' title='bbox 1432 4520 1545 4621; x_wconf 83' lang='lat' dir='ltr'>proni</span> <span class='ocrx_word' id='word_1_364' title='bbox 1575 4513 1814 4613; x_wconf 82' lang='lat' dir='ltr'>adorarent,</span> <span class='ocrx_word' id='word_1_365' title='bbox 1849 4511 1934 4591; x_wconf 89' lang='lat' dir='ltr'>Mo·</span> 
     </span>
     <span class='ocr_line' id='line_1_37' title="bbox 490 4624 1929 4743; baseline -0.001 -34"><span class='ocrx_word' id='word_1_366' title='bbox 490 4652 646 4739; x_wconf 88' lang='lat' dir='ltr'>scmque</span> <span class='ocrx_word' id='word_1_367' title='bbox 663 4624 799 4710; x_wconf 90' lang='lat' dir='ltr'>ducem</span> <span class='ocrx_word' id='word_1_368' title='bbox 814 4656 837 4709; x_wconf 93' lang='lat' dir='ltr'>a</span> <span class='ocrx_word' id='word_1_369' title='bbox 862 4633 949 4712; x_wconf 92' lang='lat' dir='ltr'>Deo</span> <span class='ocrx_word' id='word_1_370' title='bbox 967 4628 1116 4714; x_wconf 88' lang='lat' dir='ltr'>missum</span> <span class='ocrx_word' id='word_1_371' title='bbox 1131 4651 1387 4743; x_wconf 85' lang='lat' dir='ltr'>sequerentur.</span> <span class='ocrx_word' id='word_1_372' title='bbox 1420 4636 1548 4716; x_wconf 89' lang='lat' dir='ltr'>Potest</span> <span class='ocrx_word' id='word_1_373' title='bbox 1564 4626 1665 4712; x_wconf 92' lang='lat' dir='ltr'>enim</span> <span class='ocrx_word' id='word_1_374' title='bbox 1686 4631 1799 4712; x_wconf 88' lang='lat' dir='ltr'>Deus</span> <span class='ocrx_word' id='word_1_375' title='bbox 1816 4624 1929 4712; x_wconf 91' lang='lat' dir='ltr'>homi·</span> 
     </span>
    </p>

    <p class='ocr_par' dir='ltr' id='par_1_13' title="bbox 491 4740 1936 4984">
     <span class='ocr_line' id='line_1_38' title="bbox 493 4740 1931 4861; baseline -0.002 -30"><span class='ocrx_word' id='word_1_376' title='bbox 493 4742 547 4831; x_wconf 84' lang='lat' dir='ltr'>uls</span> <span class='ocrx_word' id='word_1_377' title='bbox 564 4771 643 4826; x_wconf 91' lang='lat' dir='ltr'>non</span> <span class='ocrx_word' id='word_1_378' title='bbox 668 4744 790 4830; x_wconf 92' lang='lat' dir='ltr'>solum</span> <span class='ocrx_word' id='word_1_379' title='bbox 813 4743 1061 4860; x_wconf 84' lang='lat' dir='ltr'>cogitationi,</span> <span class='ocrx_word' id='word_1_380' title='bbox 1087 4745 1174 4852; x_wconf 89' lang='lat' dir='ltr'>sed,</span> <span class='ocrx_word' id='word_1_381' title='bbox 1191 4748 1300 4861; x_wconf 92' lang='lat' dir='ltr'>quod</span> <span class='ocrx_word' id='word_1_382' title='bbox 1316 4747 1573 4861; x_wconf 70' lang='lat' dir='ltr'>multo-maius</span> <span class='ocrx_word' id='word_1_383' title='bbox 1588 4768 1673 4849; x_wconf 88' lang='lat' dir='ltr'>cst,</span> <span class='ocrx_word' id='word_1_384' title='bbox 1695 4744 1779 4830; x_wconf 93' lang='lat' dir='ltr'>vim</span> <span class='ocrx_word' id='word_1_385' title='bbox 1810 4740 1931 4830; x_wconf 82' lang='lat' dir='ltr'>affere</span> 
     </span>
     <span class='ocr_line' id='line_1_39' title="bbox 491 4860 1936 4984; baseline -0.003 -34"><span class='ocrx_word' id='word_1_386' title='bbox 491 4860 710 4979; x_wconf 84' lang='lat' dir='ltr'>voluntati,</span> <span class='ocrx_word' id='word_1_387' title='bbox 737 4888 898 4974; x_wconf 83' lang='lat' dir='ltr'>eteam,</span> <span class='ocrx_word' id='word_1_388' title='bbox 913 4893 1159 4984; x_wconf 91' lang='lat' dir='ltr'>quocumque</span> <span class='ocrx_word' id='word_1_389' title='bbox 1173 4861 1264 4957; x_wconf 80' lang='lat' dir='ltr'>velit</span> <span class='ocrx_word' id='word_1_390' title='bbox 1292 4865 1535 4982; x_wconf 89' lang='lat' dir='ltr'>,impellerc,</span> <span class='ocrx_word' id='word_1_391' title='bbox 1564 4892 1609 4951; x_wconf 87' lang='lat' dir='ltr'>ac</span> <span class='ocrx_word' id='word_1_392' title='bbox 1624 4861 1789 4963; x_wconf 75' lang='lat' dir='ltr'>uicissim</span> <span class='ocrx_word' id='word_1_393' title='bbox 1825 4890 1936 4948; x_wconf 86' lang='lat' dir='ltr'>revo-</span> 
     </span>
    </p>

    <p class='ocr_par' dir='ltr' id='par_1_14' title="bbox 504 5006 1937 5062">
     <span class='ocr_line' id='line_1_40' title="bbox 504 5006 1937 5062; baseline 0.001 -34"><span class='ocrx_word' id='word_1_394' title='bbox 504 5019 510 5028; x_wconf 85' lang='grc'>,</span> <span class='ocrx_word' id='word_1_395' title='bbox 1884 5006 1937 5062; x_wconf 59' lang='lat' dir='ltr'>ca.</span> 
     </span>
    </p>
   </div>
   <div class='ocr_carea' id='block_1_5' title="bbox 0 0 2033 5864">
    <p class='ocr_par' dir='ltr' id='par_1_15' title="bbox 0 0 2033 5864">
     <span class='ocr_line' id='line_1_41' title="bbox 0 0 2033 5864; baseline 0 0"><span class='ocrx_word' id='word_1_396' title='bbox 0 0 2033 5864; x_wconf 95' lang='lat' dir='ltr'> </span> 
     </span>
    </p>
   </div>
  </div>
 </body>
</html>
