<?xml version="1.0" encoding="UTF-8"?>
<!DOCTYPE html PUBLIC "-//W3C//DTD XHTML 1.0 Transitional//EN"
    "http://www.w3.org/TR/xhtml1/DTD/xhtml1-transitional.dtd">
<html xmlns="http://www.w3.org/1999/xhtml" xml:lang="en" lang="en">
 <head>
  <title>
</title>
<meta http-equiv="Content-Type" content="text/html;charset=utf-8" />
  <meta name='ocr-system' content='tesseract 3.04.00' />
  <meta name='ocr-capabilities' content='ocr_page ocr_carea ocr_par ocr_line ocrx_word'/>
</head>
<body>
  <div class='ocr_page' id='page_1' title='image "./joannisgenesiis01sepgoog/joannisgenesiis01sepgoog_0234.png"; bbox 0 0 4050 5858; ppageno 0'>
   <div class='ocr_carea' id='block_1_1' title="bbox 696 357 1525 458">
    <p class='ocr_par' dir='ltr' id='par_1_1' title="bbox 696 357 1525 458">
     <span class='ocr_line' id='line_1_1' title="bbox 696 357 1525 458; baseline 0.005 -29"><span class='ocrx_word' id='word_1_1' title='bbox 696 357 897 430; x_wconf 72' lang='lat' dir='ltr'>asana</span> <span class='ocrx_word' id='word_1_2' title='bbox 944 358 974 425; x_wconf 90' lang='lat'>1.</span> <span class='ocrx_word' id='word_1_3' title='bbox 1455 380 1525 458; x_wconf 78' lang='lat'>239</span> 
     </span>
    </p>
   </div>
   <div class='ocr_carea' id='block_1_2' title="bbox 56 474 1551 839">
    <p class='ocr_par' dir='ltr' id='par_1_2' title="bbox 56 474 1551 839">
     <span class='ocr_line' id='line_1_2' title="bbox 83 474 1551 608; baseline -0.008 -25"><span class='ocrx_word' id='word_1_4' title='bbox 83 484 278 582; x_wconf 72' lang='lat' dir='ltr'>vhahentur</span> <span class='ocrx_word' id='word_1_5' title='bbox 304 486 608 608; x_wconf 81' lang='lat' dir='ltr'>praestantiores.</span> <span class='ocrx_word' id='word_1_6' title='bbox 642 483 796 571; x_wconf 86' lang='lat' dir='ltr'>Disserit</span> <span class='ocrx_word' id='word_1_7' title='bbox 820 505 949 568; x_wconf 84' lang='lat' dir='ltr'>autem</span> <span class='ocrx_word' id='word_1_8' title='bbox 985 476 1201 568; x_wconf 85' lang='lat' dir='ltr'>Aristoteles</span> <span class='ocrx_word' id='word_1_9' title='bbox 1221 474 1272 569; x_wconf 89' lang='lat' dir='ltr'>de</span> <span class='ocrx_word' id='word_1_10' title='bbox 1296 511 1341 568; x_wconf 89' lang='lat' dir='ltr'>ea</span> <span class='ocrx_word' id='word_1_11' title='bbox 1366 479 1551 596; x_wconf 86' lang='lat' dir='ltr'>felicitate,</span> 
     </span>
     <span class='ocr_line' id='line_1_3' title="bbox 56 600 1551 729; baseline -0.01 -28"><span class='ocrx_word' id='word_1_12' title='bbox 56 606 61 614; x_wconf 69' lang='grc'>’</span> <span class='ocrx_word' id='word_1_13' title='bbox 95 623 196 729; x_wconf 88' lang='lat' dir='ltr'>quae</span> <span class='ocrx_word' id='word_1_14' title='bbox 224 634 348 726; x_wconf 92' lang='lat' dir='ltr'>potest</span> <span class='ocrx_word' id='word_1_15' title='bbox 366 611 406 694; x_wconf 89' lang='lat' dir='ltr'>in</span> <span class='ocrx_word' id='word_1_16' title='bbox 436 605 634 692; x_wconf 90' lang='lat' dir='ltr'>hominem</span> <span class='ocrx_word' id='word_1_17' title='bbox 655 603 853 690; x_wconf 88' lang='lat' dir='ltr'>mortalem</span> <span class='ocrx_word' id='word_1_18' title='bbox 885 600 1052 705; x_wconf 88' lang='lat' dir='ltr'>cadere,</span> <span class='ocrx_word' id='word_1_19' title='bbox 1084 627 1165 684; x_wconf 91' lang='lat' dir='ltr'>non</span> <span class='ocrx_word' id='word_1_20' title='bbox 1201 601 1251 686; x_wconf 89' lang='lat' dir='ltr'>de</span> <span class='ocrx_word' id='word_1_21' title='bbox 1275 600 1334 684; x_wconf 86' lang='lat' dir='ltr'>illa</span> <span class='ocrx_word' id='word_1_22' title='bbox 1350 664 1363 706; x_wconf 92' lang='lat'>,</span> <span class='ocrx_word' id='word_1_23' title='bbox 1382 633 1481 719; x_wconf 86' lang='lat' dir='ltr'>quae</span> <span class='ocrx_word' id='word_1_24' title='bbox 1507 631 1551 693; x_wconf 88' lang='lat' dir='ltr'>ut</span> 
     </span>
     <span class='ocr_line' id='line_1_4' title="bbox 97 715 1549 839; baseline -0.007 -21"><span class='ocrx_word' id='word_1_25' title='bbox 97 756 179 833; x_wconf 89' lang='lat' dir='ltr'>est,</span> <span class='ocrx_word' id='word_1_26' title='bbox 208 730 257 814; x_wconf 90' lang='lat' dir='ltr'>sic</span> <span class='ocrx_word' id='word_1_27' title='bbox 281 751 486 815; x_wconf 84' lang='lat' dir='ltr'>vocatura</span> <span class='ocrx_word' id='word_1_28' title='bbox 511 721 697 839; x_wconf 84' lang='lat' dir='ltr'>theologis</span> <span class='ocrx_word' id='word_1_29' title='bbox 723 748 878 808; x_wconf 89' lang='lat' dir='ltr'>aeterna</span> <span class='ocrx_word' id='word_1_30' title='bbox 899 719 978 806; x_wconf 84' lang='lat' dir='ltr'>vita</span> <span class='ocrx_word' id='word_1_31' title='bbox 994 779 1013 824; x_wconf 95' lang='grc'><strong><em>,</em></strong></span> <span class='ocrx_word' id='word_1_32' title='bbox 1035 748 1153 834; x_wconf 85' lang='lat' dir='ltr'>quarn</span> <span class='ocrx_word' id='word_1_33' title='bbox 1182 715 1300 804; x_wconf 86' lang='lat' dir='ltr'>efficit</span> <span class='ocrx_word' id='word_1_34' title='bbox 1323 720 1422 805; x_wconf 87' lang='lat' dir='ltr'>clara</span> <span class='ocrx_word' id='word_1_35' title='bbox 1443 752 1549 836; x_wconf 89' lang='lat' dir='ltr'>apet-</span> 
     </span>
    </p>
   </div>
   <div class='ocr_carea' id='block_1_3' title="bbox 92 836 1731 2735">
    <p class='ocr_par' dir='ltr' id='par_1_3' title="bbox 92 836 1730 1901">
     <span class='ocr_line' id='line_1_5' title="bbox 92 836 1667 963; baseline -0.007 -29"><span class='ocrx_word' id='word_1_36' title='bbox 92 873 209 963; x_wconf 84' lang='lat' dir='ltr'>taque</span> <span class='ocrx_word' id='word_1_37' title='bbox 224 848 301 932; x_wconf 90' lang='lat' dir='ltr'>Dei</span> <span class='ocrx_word' id='word_1_38' title='bbox 317 841 588 958; x_wconf 88' lang='lat' dir='ltr'>contemplatio</span> <span class='ocrx_word' id='word_1_39' title='bbox 607 872 619 925; x_wconf 75' lang='lat'>2</span> <span class='ocrx_word' id='word_1_40' title='bbox 642 841 693 925; x_wconf 85' lang='lat' dir='ltr'>sic</span> <span class='ocrx_word' id='word_1_41' title='bbox 709 841 812 926; x_wconf 91' lang='lat' dir='ltr'>enim</span> <span class='ocrx_word' id='word_1_42' title='bbox 824 836 996 923; x_wconf 82' lang='lat' dir='ltr'>Christus</span> <span class='ocrx_word' id='word_1_43' title='bbox 1011 862 1159 951; x_wconf 87' lang='lat' dir='ltr'>patrem</span> <span class='ocrx_word' id='word_1_44' title='bbox 1178 836 1409 952; x_wconf 86' lang='lat' dir='ltr'>alloquitur:</span> <span class='ocrx_word' id='word_1_45' title='bbox 1435 843 1546 925; x_wconf 84' lang='lat' dir='ltr'>Haec</span> <span class='ocrx_word' id='word_1_46' title='bbox 1571 862 1612 925; x_wconf 74' lang='lat' dir='ltr'>to·</span> <span class='ocrx_word' id='word_1_47' title='bbox 1629 872 1667 926; x_wconf 68' lang='lat' dir='ltr'>tn·</span> 
     </span>
     <span class='ocr_line' id='line_1_6' title="bbox 92 949 1545 1071; baseline -0.003 -22"><span class='ocrx_word' id='word_1_48' title='bbox 92 981 154 1049; x_wconf 82' lang='lat' dir='ltr'>est</span> <span class='ocrx_word' id='word_1_49' title='bbox 172 974 260 1048; x_wconf 84' lang='lat' dir='ltr'>uita</span> <span class='ocrx_word' id='word_1_50' title='bbox 278 981 431 1048; x_wconf 83' lang='lat' dir='ltr'>aeterna</span> <span class='ocrx_word' id='word_1_51' title='bbox 446 1023 463 1069; x_wconf 87' lang='lat'>‚</span> <span class='ocrx_word' id='word_1_52' title='bbox 478 977 523 1044; x_wconf 81' lang='lat' dir='ltr'>ut</span> <span class='ocrx_word' id='word_1_53' title='bbox 546 975 766 1068; x_wconf 82' lang='lat' dir='ltr'>cognoscant</span> <span class='ocrx_word' id='word_1_54' title='bbox 799 972 837 1040; x_wconf 81' lang='lat' dir='ltr'>te</span> <span class='ocrx_word' id='word_1_55' title='bbox 867 961 982 1041; x_wconf 83' lang='lat' dir='ltr'>solum</span> <span class='ocrx_word' id='word_1_56' title='bbox 1008 949 1136 1044; x_wconf 69' lang='lat' dir='ltr'>‘Deum</span> <span class='ocrx_word' id='word_1_57' title='bbox 1155 983 1288 1038; x_wconf 81' lang='lat' dir='ltr'>verum</span> <span class='ocrx_word' id='word_1_58' title='bbox 1305 986 1321 1039; x_wconf 75' lang='grc' dir='ltr'>ε.</span> <span class='ocrx_word' id='word_1_59' title='bbox 1346 957 1454 1071; x_wconf 93' lang='lat' dir='ltr'>quod</span> <span class='ocrx_word' id='word_1_60' title='bbox 1479 988 1545 1044; x_wconf 88' lang='lat' dir='ltr'>ne·</span> 
     </span>
     <span class='ocr_line' id='line_1_7' title="bbox 92 1072 1543 1192; baseline -0.005 -24"><span class='ocrx_word' id='word_1_61' title='bbox 92 1082 185 1168; x_wconf 87' lang='lat' dir='ltr'>mini</span> <span class='ocrx_word' id='word_1_62' title='bbox 208 1085 341 1168; x_wconf 88' lang='lat' dir='ltr'>datum</span> <span class='ocrx_word' id='word_1_63' title='bbox 365 1110 442 1165; x_wconf 88' lang='lat' dir='ltr'>esse</span> <span class='ocrx_word' id='word_1_64' title='bbox 463 1086 617 1164; x_wconf 76' lang='lat' dir='ltr'>&#39;constat</span> <span class='ocrx_word' id='word_1_65' title='bbox 644 1077 686 1161; x_wconf 90' lang='lat' dir='ltr'>in</span> <span class='ocrx_word' id='word_1_66' title='bbox 710 1104 873 1192; x_wconf 85' lang='lat' dir='ltr'>corpore</span> <span class='ocrx_word' id='word_1_67' title='bbox 895 1072 1045 1159; x_wconf 77' lang='lat' dir='ltr'>mortali</span> <span class='ocrx_word' id='word_1_68' title='bbox 1063 1133 1077 1179; x_wconf 4' lang='grc' dir='ltr'>,Ν</span> <span class='ocrx_word' id='word_1_69' title='bbox 1093 1099 1238 1186; x_wconf 83' lang='lat' dir='ltr'>praeter</span> <span class='ocrx_word' id='word_1_70' title='bbox 1253 1074 1473 1181; x_wconf 82' lang='lat' dir='ltr'>Christum,</span> <span class='ocrx_word' id='word_1_71' title='bbox 1494 1076 1543 1161; x_wconf 89' lang='lat' dir='ltr'>de</span> 
     </span>
     <span class='ocr_line' id='line_1_8' title="bbox 92 1193 1730 1312; baseline -0.004 -26"><span class='ocrx_word' id='word_1_72' title='bbox 92 1201 212 1286; x_wconf 89' lang='lat' dir='ltr'>Mose</span> <span class='ocrx_word' id='word_1_73' title='bbox 242 1224 281 1285; x_wconf 91' lang='lat' dir='ltr'>et</span> <span class='ocrx_word' id='word_1_74' title='bbox 309 1199 432 1283; x_wconf 79' lang='lat' dir='ltr'>Paulo</span> <span class='ocrx_word' id='word_1_75' title='bbox 457 1196 726 1312; x_wconf 77' lang='lat' dir='ltr'>quaerentibus</span> <span class='ocrx_word' id='word_1_76' title='bbox 755 1193 933 1281; x_wconf 81' lang='lat' dir='ltr'>eruditis.</span> <span class='ocrx_word' id='word_1_77' title='bbox 963 1195 1078 1305; x_wconf 79' lang='lat' dir='ltr'>Nunc</span> <span class='ocrx_word' id='word_1_78' title='bbox 1093 1200 1190 1274; x_wconf 85' lang='lat' dir='ltr'>enim</span> <span class='ocrx_word' id='word_1_79' title='bbox 1204 1196 1375 1275; x_wconf 81' lang='lat' dir='ltr'>videmus</span> <span class='ocrx_word' id='word_1_80' title='bbox 1396 1200 1730 1302; x_wconf 60' lang='lat' dir='ltr'>,ut·te·1&#39;,010„‚,3,</span> 
     </span>
     <span class='ocr_line' id='line_1_9' title="bbox 92 1308 1543 1425; baseline -0.007 -21"><span class='ocrx_word' id='word_1_81' title='bbox 92 1342 219 1404; x_wconf 75' lang='lat' dir='ltr'>stanit</span> <span class='ocrx_word' id='word_1_82' title='bbox 234 1316 370 1402; x_wconf 87' lang='lat' dir='ltr'>Paulus</span> <span class='ocrx_word' id='word_1_83' title='bbox 385 1378 398 1421; x_wconf 89' lang='lat'>‚</span> <span class='ocrx_word' id='word_1_84' title='bbox 408 1335 486 1425; x_wconf 82' lang='lat' dir='ltr'>per</span> <span class='ocrx_word' id='word_1_85' title='bbox 507 1321 692 1424; x_wconf 83' lang='lat' dir='ltr'>speculum</span> <span class='ocrx_word' id='word_1_86' title='bbox 717 1322 761 1396; x_wconf 85' lang='lat' dir='ltr'>in</span> <span class='ocrx_word' id='word_1_87' title='bbox 775 1321 982 1422; x_wconf 76' lang='lat' dir='ltr'><em>aenigmate</em></span> <span class='ocrx_word' id='word_1_88' title='bbox 999 1324 1118 1414; x_wconf 81' lang='lat' dir='ltr'>,tunc</span> <span class='ocrx_word' id='word_1_89' title='bbox 1134 1325 1255 1391; x_wconf 81' lang='lat' dir='ltr'>autem</span> <span class='ocrx_word' id='word_1_90' title='bbox 1270 1308 1383 1414; x_wconf 82' lang='lat' dir='ltr'>facie</span> <span class='ocrx_word' id='word_1_91' title='bbox 1407 1318 1460 1396; x_wconf 85' lang='lat' dir='ltr'>ad</span> <span class='ocrx_word' id='word_1_92' title='bbox 1475 1312 1543 1415; x_wconf 70' lang='lat' dir='ltr'>fo</span> 
     </span>
     <span class='ocr_line' id='line_1_10' title="bbox 93 1428 1540 1543; baseline -0.003 -25"><span class='ocrx_word' id='word_1_93' title='bbox 93 1428 208 1519; x_wconf 66' lang='lat' dir='ltr'>dem:</span> <span class='ocrx_word' id='word_1_94' title='bbox 226 1461 374 1540; x_wconf 82' lang='lat' dir='ltr'>cumque</span> <span class='ocrx_word' id='word_1_95' title='bbox 389 1439 614 1543; x_wconf 68' lang='lat' dir='ltr'>apparuerit</span> <span class='ocrx_word' id='word_1_96' title='bbox 629 1492 645 1537; x_wconf 90' lang='grc'><strong><em>,</em></strong></span> <span class='ocrx_word' id='word_1_97' title='bbox 658 1439 800 1514; x_wconf 80' lang='lat' dir='ltr'><em>similes</em></span> <span class='ocrx_word' id='word_1_98' title='bbox 828 1439 864 1512; x_wconf 88' lang='lat' dir='ltr'>ei</span> <span class='ocrx_word' id='word_1_99' title='bbox 888 1437 1055 1531; x_wconf 85' lang='lat' dir='ltr'>erimus,</span> <span class='ocrx_word' id='word_1_100' title='bbox 1075 1443 1116 1511; x_wconf 80' lang='lat' dir='ltr'>et</span> <span class='ocrx_word' id='word_1_101' title='bbox 1129 1430 1340 1511; x_wconf 84' lang='lat' dir='ltr'>videbimus</span> <span class='ocrx_word' id='word_1_102' title='bbox 1367 1457 1452 1512; x_wconf 80' lang='lat' dir='ltr'>eunt</span> <span class='ocrx_word' id='word_1_103' title='bbox 1469 1440 1540 1515; x_wconf 81' lang='lat' dir='ltr'>sic-</span> 
     </span>
     <span class='ocr_line' id='line_1_11' title="bbox 92 1542 1691 1666; baseline -0.002 -30"><span class='ocrx_word' id='word_1_104' title='bbox 92 1558 153 1636; x_wconf 76' lang='lat' dir='ltr'>iti</span> <span class='ocrx_word' id='word_1_105' title='bbox 175 1568 251 1637; x_wconf 85' lang='lat' dir='ltr'>est.</span> <span class='ocrx_word' id='word_1_106' title='bbox 285 1555 537 1666; x_wconf 83' lang='lat' dir='ltr'><strong>Quamquam</strong></span> <span class='ocrx_word' id='word_1_107' title='bbox 558 1580 607 1635; x_wconf 89' lang='lat' dir='ltr'>ne</span> <span class='ocrx_word' id='word_1_108' title='bbox 631 1551 732 1635; x_wconf 88' lang='lat' dir='ltr'>hanc</span> <span class='ocrx_word' id='word_1_109' title='bbox 754 1546 911 1665; x_wconf 85' lang='lat' dir='ltr'>quidem</span> <span class='ocrx_word' id='word_1_110' title='bbox 936 1542 1147 1630; x_wconf 83' lang='lat' dir='ltr'>felicitatem</span> <span class='ocrx_word' id='word_1_111' title='bbox 1176 1543 1421 1660; x_wconf 90' lang='lat' dir='ltr'>philosophus</span> <span class='ocrx_word' id='word_1_112' title='bbox 1447 1549 1632 1634; x_wconf 72' lang='lat' dir='ltr'>inta-an.</span> <span class='ocrx_word' id='word_1_113' title='bbox 1649 1584 1691 1632; x_wconf 63' lang='grc' dir='ltr'>ιο,</span> 
     </span>
     <span class='ocr_line' id='line_1_12' title="bbox 95 1660 1541 1786; baseline -0.001 -32"><span class='ocrx_word' id='word_1_114' title='bbox 95 1693 194 1754; x_wconf 85' lang='lat' dir='ltr'>ctam</span> <span class='ocrx_word' id='word_1_115' title='bbox 216 1669 395 1786; x_wconf 78' lang='lat' dir='ltr'>reliquit,</span> <span class='ocrx_word' id='word_1_116' title='bbox 419 1669 490 1753; x_wconf 89' lang='lat' dir='ltr'>nisi</span> <span class='ocrx_word' id='word_1_117' title='bbox 507 1664 618 1782; x_wconf 93' lang='lat' dir='ltr'>quod</span> <span class='ocrx_word' id='word_1_118' title='bbox 640 1667 759 1782; x_wconf 87' lang='lat' dir='ltr'>ipsam</span> <span class='ocrx_word' id='word_1_119' title='bbox 785 1694 868 1750; x_wconf 90' lang='lat' dir='ltr'>non</span> <span class='ocrx_word' id='word_1_120' title='bbox 893 1663 1108 1749; x_wconf 87' lang='lat' dir='ltr'>hominibus</span> <span class='ocrx_word' id='word_1_121' title='bbox 1128 1660 1284 1769; x_wconf 89' lang='lat' dir='ltr'>tribuit,</span> <span class='ocrx_word' id='word_1_122' title='bbox 1302 1664 1368 1750; x_wconf 92' lang='lat' dir='ltr'>sed</span> <span class='ocrx_word' id='word_1_123' title='bbox 1384 1664 1450 1751; x_wconf 87' lang='lat' dir='ltr'>diis</span> <span class='ocrx_word' id='word_1_124' title='bbox 1472 1666 1541 1752; x_wconf 89' lang='lat' dir='ltr'>im·</span> 
     </span>
     <span class='ocr_line' id='line_1_13' title="bbox 95 1784 1131 1901; baseline -0.008 -29"><span class='ocrx_word' id='word_1_125' title='bbox 95 1787 348 1890; x_wconf 79' lang='lat' dir='ltr'>mortalibus,</span> <span class='ocrx_word' id='word_1_126' title='bbox 362 1816 465 1901; x_wconf 87' lang='lat' dir='ltr'>quos</span> <span class='ocrx_word' id='word_1_127' title='bbox 492 1813 637 1899; x_wconf 81' lang='lat' dir='ltr'>semper</span> <span class='ocrx_word' id='word_1_128' title='bbox 666 1784 781 1869; x_wconf 90' lang='lat' dir='ltr'>tradit</span> <span class='ocrx_word' id='word_1_129' title='bbox 807 1811 885 1867; x_wconf 86' lang='lat' dir='ltr'>esse</span> <span class='ocrx_word' id='word_1_130' title='bbox 905 1784 1035 1866; x_wconf 88' lang='lat' dir='ltr'>beatos</span> <span class='ocrx_word' id='word_1_131' title='bbox 1044 1844 1057 1865; x_wconf 12' lang='lat'>,¹</span> <span class='ocrx_word' id='word_1_132' title='bbox 1129 1860 1131 1864; x_wconf 84' lang='grc'><strong><em>,</em></strong></span> 
     </span>
    </p>

    <p class='ocr_par' dir='ltr' id='par_1_4' title="bbox 93 1899 1731 2735">
     <span class='ocr_line' id='line_1_14' title="bbox 154 1899 1631 2019; baseline 0.002 -31"><span class='ocrx_word' id='word_1_133' title='bbox 154 1907 261 1988; x_wconf 74' lang='lat' dir='ltr'>XIV.v</span> <span class='ocrx_word' id='word_1_134' title='bbox 322 1903 381 1988; x_wconf 89' lang='lat' dir='ltr'>Ut</span> <span class='ocrx_word' id='word_1_135' title='bbox 408 1904 520 2018; x_wconf 89' lang='lat' dir='ltr'>igitur</span> <span class='ocrx_word' id='word_1_136' title='bbox 548 1932 780 1988; x_wconf 89' lang='lat' dir='ltr'>summorum</span> <span class='ocrx_word' id='word_1_137' title='bbox 807 1899 1121 2015; x_wconf 91' lang='lat' dir='ltr'>philosophorum</span> <span class='ocrx_word' id='word_1_138' title='bbox 1142 1899 1240 1984; x_wconf 84' lang='lat' dir='ltr'>ratio</span> <span class='ocrx_word' id='word_1_139' title='bbox 1253 1899 1372 1986; x_wconf 87' lang='lat' dir='ltr'>vitam</span> <span class='ocrx_word' id='word_1_140' title='bbox 1404 1903 1542 2019; x_wconf 85' lang='lat' dir='ltr'>sapien·</span> <span class='ocrx_word' id='word_1_141' title='bbox 1626 1978 1631 1991; x_wconf 84' lang='lat'><strong>.</strong></span> 
     </span>
     <span class='ocr_line' id='line_1_15' title="bbox 93 2017 1538 2135; baseline 0.001 -29"><span class='ocrx_word' id='word_1_142' title='bbox 93 2020 221 2127; x_wconf 82' lang='lat' dir='ltr'>tium,</span> <span class='ocrx_word' id='word_1_143' title='bbox 244 2022 313 2135; x_wconf 92' lang='lat' dir='ltr'>qui</span> <span class='ocrx_word' id='word_1_144' title='bbox 334 2021 409 2104; x_wconf 87' lang='lat' dir='ltr'>Dei</span> <span class='ocrx_word' id='word_1_145' title='bbox 436 2021 581 2122; x_wconf 86' lang='lat' dir='ltr'>vitam,</span> <span class='ocrx_word' id='word_1_146' title='bbox 610 2044 798 2134; x_wconf 88' lang='lat' dir='ltr'>quatenus</span> <span class='ocrx_word' id='word_1_147' title='bbox 825 2017 1050 2104; x_wconf 70' lang='lat' dir='ltr'>mortalibus</span> <span class='ocrx_word' id='word_1_148' title='bbox 1074 2042 1130 2104; x_wconf 89' lang='lat' dir='ltr'>est</span> <span class='ocrx_word' id='word_1_149' title='bbox 1158 2019 1320 2125; x_wconf 86' lang='lat' dir='ltr'>datum,</span> <span class='ocrx_word' id='word_1_150' title='bbox 1345 2024 1538 2107; x_wconf 60' lang='lat' dir='ltr'>aemulan*</span> 
     </span>
     <span class='ocr_line' id='line_1_16' title="bbox 93 2133 1542 2254; baseline 0.003 -31"><span class='ocrx_word' id='word_1_151' title='bbox 93 2164 179 2242; x_wconf 86' lang='lat' dir='ltr'>tur,</span> <span class='ocrx_word' id='word_1_152' title='bbox 197 2139 339 2223; x_wconf 91' lang='lat' dir='ltr'>cunctis</span> <span class='ocrx_word' id='word_1_153' title='bbox 356 2133 517 2252; x_wconf 87' lang='lat' dir='ltr'>praefert</span> <span class='ocrx_word' id='word_1_154' title='bbox 528 2137 662 2254; x_wconf 80' lang='lat' dir='ltr'>&#39;longo</span> <span class='ocrx_word' id='word_1_155' title='bbox 683 2135 880 2223; x_wconf 84' lang='lat' dir='ltr'>intervallo</span> <span class='ocrx_word' id='word_1_156' title='bbox 896 2197 912 2242; x_wconf 96' lang='grc'><strong><em>,</em></strong></span> <span class='ocrx_word' id='word_1_157' title='bbox 926 2166 993 2222; x_wconf 90' lang='lat' dir='ltr'>eos</span> <span class='ocrx_word' id='word_1_158' title='bbox 1007 2161 1136 2221; x_wconf 87' lang='lat' dir='ltr'>tamen</span> <span class='ocrx_word' id='word_1_159' title='bbox 1152 2196 1165 2242; x_wconf 89' lang='lat'>,</span> <span class='ocrx_word' id='word_1_160' title='bbox 1181 2136 1249 2252; x_wconf 92' lang='lat' dir='ltr'>qui</span> <span class='ocrx_word' id='word_1_161' title='bbox 1265 2136 1305 2221; x_wconf 93' lang='lat' dir='ltr'>in</span> <span class='ocrx_word' id='word_1_162' title='bbox 1321 2139 1542 2253; x_wconf 89' lang='lat' dir='ltr'>reipublicae</span> 
     </span>
     <span class='ocr_line' id='line_1_17' title="bbox 95 2254 1541 2371; baseline 0.005 -33"><span class='ocrx_word' id='word_1_163' title='bbox 95 2279 162 2339; x_wconf 91' lang='lat' dir='ltr'>aut</span> <span class='ocrx_word' id='word_1_164' title='bbox 185 2254 266 2365; x_wconf 74' lang='lat' dir='ltr'>ejus</span> <span class='ocrx_word' id='word_1_165' title='bbox 288 2258 451 2371; x_wconf 84' lang='lat' dir='ltr'>partium</span> <span class='ocrx_word' id='word_1_166' title='bbox 480 2256 801 2342; x_wconf 80' lang='lat' dir='ltr'>administratione</span> <span class='ocrx_word' id='word_1_167' title='bbox 828 2285 915 2340; x_wconf 90' lang='lat' dir='ltr'>cum</span> <span class='ocrx_word' id='word_1_168' title='bbox 938 2254 1081 2341; x_wconf 89' lang='lat' dir='ltr'>virtute</span> <span class='ocrx_word' id='word_1_169' title='bbox 1106 2271 1192 2339; x_wconf 89' lang='lat' dir='ltr'>sunt</span> <span class='ocrx_word' id='word_1_170' title='bbox 1222 2257 1424 2371; x_wconf 85' lang='lat' dir='ltr'>occupati,</span> <span class='ocrx_word' id='word_1_171' title='bbox 1450 2257 1541 2345; x_wconf 81' lang='lat' dir='ltr'>afc-</span> 
     </span>
     <span class='ocr_line' id='line_1_18' title="bbox 94 2369 1541 2488; baseline 0.006 -32"><span class='ocrx_word' id='word_1_172' title='bbox 94 2371 230 2457; x_wconf 87' lang='lat' dir='ltr'>licitate</span> <span class='ocrx_word' id='word_1_173' title='bbox 262 2403 342 2458; x_wconf 92' lang='lat' dir='ltr'>non</span> <span class='ocrx_word' id='word_1_174' title='bbox 370 2372 565 2458; x_wconf 78' lang='lat' dir='ltr'>excludit:</span> <span class='ocrx_word' id='word_1_175' title='bbox 591 2373 640 2457; x_wconf 93' lang='lat' dir='ltr'>sic</span> <span class='ocrx_word' id='word_1_176' title='bbox 659 2371 874 2458; x_wconf 83' lang='lat' dir='ltr'>Cluistianis</span> <span class='ocrx_word' id='word_1_177' title='bbox 905 2369 1105 2486; x_wconf 87' lang='lat' dir='ltr'>intelligere</span> <span class='ocrx_word' id='word_1_178' title='bbox 1140 2396 1322 2485; x_wconf 88' lang='lat' dir='ltr'>oportet,</span> <span class='ocrx_word' id='word_1_179' title='bbox 1354 2373 1541 2488; x_wconf 88' lang='lat' dir='ltr'>duplicem</span> 
     </span>
     <span class='ocr_line' id='line_1_19' title="bbox 97 2489 1731 2606; baseline 0.002 -32"><span class='ocrx_word' id='word_1_180' title='bbox 97 2518 178 2597; x_wconf 86' lang='lat' dir='ltr'>esse</span> <span class='ocrx_word' id='word_1_181' title='bbox 191 2491 344 2577; x_wconf 89' lang='lat' dir='ltr'>vivendi</span> <span class='ocrx_word' id='word_1_182' title='bbox 358 2491 546 2591; x_wconf 88' lang='lat' dir='ltr'>rationem</span> <span class='ocrx_word' id='word_1_183' title='bbox 558 2550 576 2596; x_wconf 92' lang='grc'><strong><em>,</em></strong></span> <span class='ocrx_word' id='word_1_184' title='bbox 587 2515 787 2606; x_wconf 88' lang='lat' dir='ltr'>utramque</span> <span class='ocrx_word' id='word_1_185' title='bbox 808 2491 1006 2573; x_wconf 85' lang='lat' dir='ltr'>honestam</span> <span class='ocrx_word' id='word_1_186' title='bbox 1032 2512 1073 2572; x_wconf 89' lang='lat' dir='ltr'>et</span> <span class='ocrx_word' id='word_1_187' title='bbox 1096 2489 1262 2606; x_wconf 80' lang='lat' dir='ltr'>religioni</span> <span class='ocrx_word' id='word_1_188' title='bbox 1289 2518 1587 2597; x_wconf 55' lang='lat' dir='ltr'>consentanea„e</span> <span class='ocrx_word' id='word_1_189' title='bbox 1600 2549 1653 2600; x_wconf 57' lang='lat' dir='ltr'>g„</span> <span class='ocrx_word' id='word_1_190' title='bbox 1668 2553 1731 2603; x_wconf 51' lang='grc' dir='ltr'>ω,</span> 
     </span>
     <span class='ocr_line' id='line_1_20' title="bbox 96 2600 1731 2735; baseline -0.002 -43"><span class='ocrx_word' id='word_1_191' title='bbox 96 2635 191 2711; x_wconf 77' lang='lat' dir='ltr'>am,</span> <span class='ocrx_word' id='word_1_192' title='bbox 215 2610 286 2695; x_wconf 90' lang='lat' dir='ltr'>sed</span> <span class='ocrx_word' id='word_1_193' title='bbox 309 2629 476 2735; x_wconf 59' lang='lat' dir='ltr'>quarum,</span> <span class='ocrx_word' id='word_1_194' title='bbox 497 2608 615 2693; x_wconf 87' lang='lat' dir='ltr'>altera</span> <span class='ocrx_word' id='word_1_195' title='bbox 641 2609 760 2726; x_wconf 88' lang='lat' dir='ltr'>longe</span> <span class='ocrx_word' id='word_1_196' title='bbox 787 2607 891 2693; x_wconf 88' lang='lat' dir='ltr'>alteri</span> <span class='ocrx_word' id='word_1_197' title='bbox 922 2600 1150 2721; x_wconf 89' lang='lat' dir='ltr'>praeferatur</span> <span class='ocrx_word' id='word_1_198' title='bbox 1161 2667 1177 2689; x_wconf 82' lang='grc'>.,</span> <span class='ocrx_word' id='word_1_199' title='bbox 1208 2611 1321 2690; x_wconf 89' lang='lat' dir='ltr'>Hanc</span> <span class='ocrx_word' id='word_1_200' title='bbox 1349 2609 1582 2724; x_wconf 62' lang='lat' dir='ltr'>duplicemu</span> <span class='ocrx_word' id='word_1_201' title='bbox 1612 2625 1638 2660; x_wconf 68' lang='lat'>0‘</span> <span class='ocrx_word' id='word_1_202' title='bbox 1669 2627 1731 2664; x_wconf 71' lang='lat'><strong>⁶⁰¹¹·</strong></span> 
     </span>
    </p>
   </div>
   <div class='ocr_carea' id='block_1_4' title="bbox 1550 2672 1715 2735">
    <p class='ocr_par' dir='ltr' id='par_1_5' title="bbox 1550 2672 1715 2735">
     <span class='ocr_line' id='line_1_21' title="bbox 1550 2672 1715 2735; baseline 0.036 -19"><span class='ocrx_word' id='word_1_203' title='bbox 1550 2672 1715 2735; x_wconf 75' lang='lat' dir='ltr'>templatim,</span> 
     </span>
    </p>
   </div>
   <div class='ocr_carea' id='block_1_5' title="bbox 50 2724 1729 5059">
    <p class='ocr_par' dir='ltr' id='par_1_6' title="bbox 90 2724 1729 4855">
     <span class='ocr_line' id='line_1_22' title="bbox 96 2724 1729 2852; baseline 0.003 -40"><span class='ocrx_word' id='word_1_204' title='bbox 96 2725 242 2832; x_wconf 82' lang='lat' dir='ltr'>vitam,</span> <span class='ocrx_word' id='word_1_205' title='bbox 264 2756 314 2812; x_wconf 89' lang='lat' dir='ltr'>ne</span> <span class='ocrx_word' id='word_1_206' title='bbox 337 2728 485 2846; x_wconf 89' lang='lat' dir='ltr'>longius</span> <span class='ocrx_word' id='word_1_207' title='bbox 511 2725 638 2811; x_wconf 87' lang='lat' dir='ltr'>abieris</span> <span class='ocrx_word' id='word_1_208' title='bbox 655 2726 856 2832; x_wconf 86' lang='lat' dir='ltr'>,Christus</span> <span class='ocrx_word' id='word_1_209' title='bbox 885 2726 962 2839; x_wconf 89' lang='lat' dir='ltr'>ipse</span> <span class='ocrx_word' id='word_1_210' title='bbox 985 2753 1067 2809; x_wconf 93' lang='lat' dir='ltr'>non</span> <span class='ocrx_word' id='word_1_211' title='bbox 1090 2724 1302 2809; x_wconf 88' lang='lat' dir='ltr'>obscurein</span> <span class='ocrx_word' id='word_1_212' title='bbox 1319 2726 1465 2814; x_wconf 84' lang='lat' dir='ltr'>duabus</span> <span class='ocrx_word' id='word_1_213' title='bbox 1482 2762 1536 2816; x_wconf 88' lang='lat' dir='ltr'>so·</span> <span class='ocrx_word' id='word_1_214' title='bbox 1550 2733 1729 2852; x_wconf 51' lang='lat'>{523522&#39;33‘</span> 
     </span>
     <span class='ocr_line' id='line_1_23' title="bbox 95 2841 1673 2962; baseline 0.003 -35"><span class='ocrx_word' id='word_1_215' title='bbox 95 2844 240 2929; x_wconf 88' lang='lat' dir='ltr'>roribus</span> <span class='ocrx_word' id='word_1_216' title='bbox 256 2848 414 2930; x_wconf 86' lang='lat' dir='ltr'>Martha</span> <span class='ocrx_word' id='word_1_217' title='bbox 435 2871 476 2932; x_wconf 92' lang='lat' dir='ltr'>et</span> <span class='ocrx_word' id='word_1_218' title='bbox 491 2845 619 2929; x_wconf 85' lang='lat' dir='ltr'>Maria</span> <span class='ocrx_word' id='word_1_219' title='bbox 640 2842 857 2962; x_wconf 84' lang='lat' dir='ltr'>significavit</span> <span class='ocrx_word' id='word_1_220' title='bbox 875 2904 890 2948; x_wconf 96' lang='grc'><strong><em>,</em></strong></span> <span class='ocrx_word' id='word_1_221' title='bbox 906 2841 1058 2957; x_wconf 73' lang='lat' dir='ltr'>ejusque</span> <span class='ocrx_word' id='word_1_222' title='bbox 1074 2842 1269 2927; x_wconf 85' lang='lat' dir='ltr'>discrimen</span> <span class='ocrx_word' id='word_1_223' title='bbox 1293 2848 1463 2957; x_wconf 86' lang='lat' dir='ltr'>aperuit.</span> <span class='ocrx_word' id='word_1_224' title='bbox 1495 2855 1609 2935; x_wconf 64' lang='lat' dir='ltr'>maa.</span> <span class='ocrx_word' id='word_1_225' title='bbox 1633 2895 1673 2935; x_wconf 82' lang='lat'>10.</span> 
     </span>
     <span class='ocr_line' id='line_1_24' title="bbox 94 2958 1540 3079; baseline 0.006 -36"><span class='ocrx_word' id='word_1_226' title='bbox 94 2960 256 3044; x_wconf 87' lang='lat' dir='ltr'>Martha</span> <span class='ocrx_word' id='word_1_227' title='bbox 278 2963 378 3047; x_wconf 89' lang='lat' dir='ltr'>enim</span> <span class='ocrx_word' id='word_1_228' title='bbox 396 2993 525 3079; x_wconf 84' lang='lat' dir='ltr'>,quae</span> <span class='ocrx_word' id='word_1_229' title='bbox 550 2961 735 3075; x_wconf 85' lang='lat' dir='ltr'>hospitem</span> <span class='ocrx_word' id='word_1_230' title='bbox 749 2960 940 3072; x_wconf 69' lang='lat' dir='ltr'>Christum</span> <span class='ocrx_word' id='word_1_231' title='bbox 963 2958 1157 3045; x_wconf 82' lang='lat' dir='ltr'>liberaliter</span> <span class='ocrx_word' id='word_1_232' title='bbox 1181 2962 1348 3075; x_wconf 83' lang='lat' dir='ltr'>excepit,</span> <span class='ocrx_word' id='word_1_233' title='bbox 1368 2961 1540 3052; x_wconf 88' lang='lat' dir='ltr'>etsedu-</span> 
     </span>
     <span class='ocr_line' id='line_1_25' title="bbox 94 3074 1538 3195; baseline 0.008 -34"><span class='ocrx_word' id='word_1_234' title='bbox 94 3074 134 3175; x_wconf 81' lang='lat' dir='ltr'>la</span> <span class='ocrx_word' id='word_1_235' title='bbox 154 3078 194 3161; x_wconf 92' lang='lat' dir='ltr'>in</span> <span class='ocrx_word' id='word_1_236' title='bbox 222 3107 311 3162; x_wconf 88' lang='lat' dir='ltr'>eam</span> <span class='ocrx_word' id='word_1_237' title='bbox 331 3108 461 3166; x_wconf 87' lang='lat' dir='ltr'>curam</span> <span class='ocrx_word' id='word_1_238' title='bbox 484 3081 727 3166; x_wconf 83' lang='lat' dir='ltr'>incumbebat</span> <span class='ocrx_word' id='word_1_239' title='bbox 743 3142 757 3186; x_wconf 91' lang='grc'><strong><em>,</em></strong></span> <span class='ocrx_word' id='word_1_240' title='bbox 771 3103 816 3164; x_wconf 90' lang='lat' dir='ltr'>ut</span> <span class='ocrx_word' id='word_1_241' title='bbox 829 3079 994 3195; x_wconf 89' lang='lat' dir='ltr'>benigne</span> <span class='ocrx_word' id='word_1_242' title='bbox 1014 3076 1136 3191; x_wconf 89' lang='lat' dir='ltr'>ipsum</span> <span class='ocrx_word' id='word_1_243' title='bbox 1158 3107 1203 3162; x_wconf 89' lang='lat' dir='ltr'>ac</span> <span class='ocrx_word' id='word_1_244' title='bbox 1225 3079 1377 3165; x_wconf 89' lang='lat' dir='ltr'>civihter</span> <span class='ocrx_word' id='word_1_245' title='bbox 1404 3109 1538 3172; x_wconf 86' lang='lat' dir='ltr'>tracta·</span> 
     </span>
     <span class='ocr_line' id='line_1_26' title="bbox 93 3194 1539 3315; baseline 0.008 -38"><span class='ocrx_word' id='word_1_246' title='bbox 93 3218 152 3278; x_wconf 87' lang='lat' dir='ltr'>ret</span> <span class='ocrx_word' id='word_1_247' title='bbox 168 3254 182 3298; x_wconf 87' lang='grc'><strong><em>,</em></strong></span> <span class='ocrx_word' id='word_1_248' title='bbox 197 3194 295 3308; x_wconf 90' lang='lat' dir='ltr'>quid.</span> <span class='ocrx_word' id='word_1_249' title='bbox 318 3197 419 3284; x_wconf 87' lang='lat' dir='ltr'>aliud</span> <span class='ocrx_word' id='word_1_250' title='bbox 445 3197 681 3315; x_wconf 84' lang='lat' dir='ltr'>intelligimus</span> <span class='ocrx_word' id='word_1_251' title='bbox 698 3260 715 3303; x_wconf 93' lang='grc'><strong><em>,</em></strong></span> <span class='ocrx_word' id='word_1_252' title='bbox 735 3226 853 3314; x_wconf 86' lang='lat' dir='ltr'>quarn</span> <span class='ocrx_word' id='word_1_253' title='bbox 869 3226 1005 3282; x_wconf 89' lang='lat' dir='ltr'>eorum</span> <span class='ocrx_word' id='word_1_254' title='bbox 1017 3194 1135 3284; x_wconf 79' lang='lat' dir='ltr'>vitant</span> <span class='ocrx_word' id='word_1_255' title='bbox 1152 3198 1251 3311; x_wconf 79' lang='lat' dir='ltr'>‚qui</span> <span class='ocrx_word' id='word_1_256' title='bbox 1264 3198 1428 3286; x_wconf 88' lang='lat' dir='ltr'>colendis</span> <span class='ocrx_word' id='word_1_257' title='bbox 1450 3235 1539 3289; x_wconf 59' lang='lat' dir='ltr'>moa</span> 
     </span>
     <span class='ocr_line' id='line_1_27' title="bbox 94 3313 1539 3431; baseline 0.008 -34"><span class='ocrx_word' id='word_1_258' title='bbox 94 3337 179 3397; x_wconf 83' lang='lat' dir='ltr'>rum</span> <span class='ocrx_word' id='word_1_259' title='bbox 196 3313 398 3400; x_wconf 86' lang='lat' dir='ltr'>virtutibus</span> <span class='ocrx_word' id='word_1_260' title='bbox 419 3346 457 3402; x_wconf 92' lang='lat' dir='ltr'>se</span> <span class='ocrx_word' id='word_1_261' title='bbox 473 3317 621 3402; x_wconf 88' lang='lat' dir='ltr'>dedunt</span> <span class='ocrx_word' id='word_1_262' title='bbox 638 3379 651 3423; x_wconf 82' lang='lat'>,</span> <span class='ocrx_word' id='word_1_263' title='bbox 666 3340 706 3402; x_wconf 89' lang='lat' dir='ltr'>et</span> <span class='ocrx_word' id='word_1_264' title='bbox 731 3317 851 3402; x_wconf 75' lang='lat' dir='ltr'>rebus:</span> <span class='ocrx_word' id='word_1_265' title='bbox 866 3314 1022 3431; x_wconf 81' lang='lat' dir='ltr'>agendis</span> <span class='ocrx_word' id='word_1_266' title='bbox 1045 3318 1406 3405; x_wconf 86' lang='lat' dir='ltr'>accommodantur?</span> <span class='ocrx_word' id='word_1_267' title='bbox 1433 3325 1539 3408; x_wconf 86' lang='lat' dir='ltr'>Nam</span> 
     </span>
     <span class='ocr_line' id='line_1_28' title="bbox 93 3426 1541 3549; baseline 0.006 -37"><span class='ocrx_word' id='word_1_268' title='bbox 93 3426 135 3511; x_wconf 88' lang='lat' dir='ltr'>in</span> <span class='ocrx_word' id='word_1_269' title='bbox 159 3431 282 3516; x_wconf 89' lang='lat' dir='ltr'>Maria</span> <span class='ocrx_word' id='word_1_270' title='bbox 299 3493 315 3537; x_wconf 95' lang='grc'><strong><em>,</em></strong></span> <span class='ocrx_word' id='word_1_271' title='bbox 334 3462 436 3548; x_wconf 88' lang='lat' dir='ltr'>quae</span> <span class='ocrx_word' id='word_1_272' title='bbox 459 3435 594 3521; x_wconf 85' lang='lat' dir='ltr'>sedens.</span> <span class='ocrx_word' id='word_1_273' title='bbox 613 3434 665 3520; x_wconf 85' lang='lat' dir='ltr'>ad</span> <span class='ocrx_word' id='word_1_274' title='bbox 686 3436 801 3549; x_wconf 81' lang='lat' dir='ltr'>pedes</span> <span class='ocrx_word' id='word_1_275' title='bbox 813 3432 982 3538; x_wconf 82' lang='lat' dir='ltr'>Christi,</span> <span class='ocrx_word' id='word_1_276' title='bbox 1006 3432 1128 3519; x_wconf 89' lang='lat' dir='ltr'>verbis</span> <span class='ocrx_word' id='word_1_277' title='bbox 1148 3432 1228 3544; x_wconf 84' lang='lat' dir='ltr'>ejus</span> <span class='ocrx_word' id='word_1_278' title='bbox 1253 3461 1334 3520; x_wconf 86' lang='lat' dir='ltr'>erat</span> <span class='ocrx_word' id='word_1_279' title='bbox 1363 3436 1507 3522; x_wconf 84' lang='lat' dir='ltr'>intenta</span> <span class='ocrx_word' id='word_1_280' title='bbox 1519 3500 1541 3543; x_wconf 67' lang='lat'>,„</span> 
     </span>
     <span class='ocr_line' id='line_1_29' title="bbox 92 3545 1541 3669; baseline 0.006 -40"><span class='ocrx_word' id='word_1_281' title='bbox 92 3545 439 3663; x_wconf 88' lang='lat' dir='ltr'>philosophantium</span> <span class='ocrx_word' id='word_1_282' title='bbox 467 3551 883 3667; x_wconf 71' lang='lat' dir='ltr'>,contemplandumque</span> <span class='ocrx_word' id='word_1_283' title='bbox 910 3551 991 3638; x_wconf 94' lang='lat' dir='ltr'>vita</span> <span class='ocrx_word' id='word_1_284' title='bbox 1015 3551 1255 3637; x_wconf 90' lang='lat' dir='ltr'>hauddubie</span> <span class='ocrx_word' id='word_1_285' title='bbox 1285 3552 1541 3669; x_wconf 58' lang='lat' dir='ltr'>significatura</span> 
     </span>
     <span class='ocr_line' id='line_1_30' title="bbox 94 3663 1534 3786; baseline 0.008 -41"><span class='ocrx_word' id='word_1_286' title='bbox 94 3663 173 3746; x_wconf 87' lang='lat' dir='ltr'>Cui</span> <span class='ocrx_word' id='word_1_287' title='bbox 188 3668 373 3778; x_wconf 85' lang='lat' dir='ltr'>quoniam.</span> <span class='ocrx_word' id='word_1_288' title='bbox 385 3671 545 3756; x_wconf 86' lang='lat' dir='ltr'>Martha.</span> <span class='ocrx_word' id='word_1_289' title='bbox 563 3671 769 3756; x_wconf 90' lang='lat' dir='ltr'>multorum</span> <span class='ocrx_word' id='word_1_290' title='bbox 787 3696 954 3754; x_wconf 87' lang='lat' dir='ltr'>errorem.</span> <span class='ocrx_word' id='word_1_291' title='bbox 966 3692 1120 3775; x_wconf 76' lang='lat' dir='ltr'>secuta,¹</span> <span class='ocrx_word' id='word_1_292' title='bbox 1140 3668 1260 3756; x_wconf 88' lang='lat' dir='ltr'>vitam</span> <span class='ocrx_word' id='word_1_293' title='bbox 1272 3669 1417 3755; x_wconf 89' lang='lat' dir='ltr'>civilem</span> <span class='ocrx_word' id='word_1_294' title='bbox 1432 3699 1534 3786; x_wconf 84' lang='lat' dir='ltr'>prae·</span> 
     </span>
     <span class='ocr_line' id='line_1_31' title="bbox 91 3774 1534 3904; baseline 0.006 -40"><span class='ocrx_word' id='word_1_295' title='bbox 91 3774 238 3867; x_wconf 86' lang='lat' dir='ltr'>ferebat</span> <span class='ocrx_word' id='word_1_296' title='bbox 253 3846 270 3888; x_wconf 91' lang='grc'><strong><em>,</em></strong></span> <span class='ocrx_word' id='word_1_297' title='bbox 294 3787 391 3873; x_wconf 89' lang='lat' dir='ltr'>dum</span> <span class='ocrx_word' id='word_1_298' title='bbox 409 3788 546 3873; x_wconf 85' lang='lat' dir='ltr'>sororis</span> <span class='ocrx_word' id='word_1_299' title='bbox 571 3789 696 3876; x_wconf 90' lang='lat' dir='ltr'>otium</span> <span class='ocrx_word' id='word_1_300' title='bbox 717 3788 823 3904; x_wconf 86' lang='lat' dir='ltr'>apud</span> <span class='ocrx_word' id='word_1_301' title='bbox 836 3787 1033 3891; x_wconf 89' lang='lat' dir='ltr'>Christum</span> <span class='ocrx_word' id='word_1_302' title='bbox 1054 3788 1268 3892; x_wconf 73' lang='lat' dir='ltr'>incusaret,</span> <span class='ocrx_word' id='word_1_303' title='bbox 1283 3788 1336 3871; x_wconf 89' lang='lat' dir='ltr'>sic</span> <span class='ocrx_word' id='word_1_304' title='bbox 1360 3786 1437 3899; x_wconf 82' lang='lat' dir='ltr'>ejus</span> <span class='ocrx_word' id='word_1_305' title='bbox 1466 3819 1534 3875; x_wconf 86' lang='lat' dir='ltr'>er-</span> 
     </span>
     <span class='ocr_line' id='line_1_32' title="bbox 91 3899 1540 4021; baseline 0.008 -37"><span class='ocrx_word' id='word_1_306' title='bbox 91 3899 343 4011; x_wconf 87' lang='lat' dir='ltr'>postulationi</span> <span class='ocrx_word' id='word_1_307' title='bbox 367 3906 536 3991; x_wconf 83' lang='lat' dir='ltr'>Christus</span> <span class='ocrx_word' id='word_1_308' title='bbox 558 3906 752 4013; x_wconf 80' lang='lat' dir='ltr'>occurrit,</span> <span class='ocrx_word' id='word_1_309' title='bbox 775 3931 824 3992; x_wconf 89' lang='lat' dir='ltr'>ut·</span> <span class='ocrx_word' id='word_1_310' title='bbox 850 3931 1054 4021; x_wconf 82' lang='lat' dir='ltr'>utramque</span> <span class='ocrx_word' id='word_1_311' title='bbox 1079 3907 1198 3994; x_wconf 87' lang='lat' dir='ltr'>vitam</span> <span class='ocrx_word' id='word_1_312' title='bbox 1228 3907 1425 3992; x_wconf 88' lang='lat' dir='ltr'>honestam</span> <span class='ocrx_word' id='word_1_313' title='bbox 1456 3938 1540 3995; x_wconf 85' lang='lat' dir='ltr'>esse</span> 
     </span>
     <span class='ocr_line' id='line_1_33' title="bbox 92 4016 1576 4140; baseline 0.006 -41"><span class='ocrx_word' id='word_1_314' title='bbox 92 4016 272 4127; x_wconf 88' lang='lat' dir='ltr'>doceret,</span> <span class='ocrx_word' id='word_1_315' title='bbox 288 4023 358 4107; x_wconf 91' lang='lat' dir='ltr'>sed</span> <span class='ocrx_word' id='word_1_316' title='bbox 380 4026 719 4139; x_wconf 83' lang='lat' dir='ltr'>contemplantium</span> <span class='ocrx_word' id='word_1_317' title='bbox 740 4023 865 4111; x_wconf 90' lang='lat' dir='ltr'>multo</span> <span class='ocrx_word' id='word_1_318' title='bbox 877 4025 1207 4140; x_wconf 77' lang='lat' dir='ltr'>praestantiorum.</span> <span class='ocrx_word' id='word_1_319' title='bbox 1238 4029 1340 4108; x_wconf 86' lang='lat' dir='ltr'>Nam</span> <span class='ocrx_word' id='word_1_320' title='bbox 1358 4026 1541 4131; x_wconf 68' lang='grc' dir='ltr'>Μαντῦα,</span> <span class='ocrx_word' id='word_1_321' title='bbox 1575 4087 1576 4091; x_wconf 17' lang='lat' dir='ltr'>a</span> 
     </span>
     <span class='ocr_line' id='line_1_34' title="bbox 95 4133 1540 4255; baseline 0.013 -43"><span class='ocrx_word' id='word_1_322' title='bbox 95 4133 253 4220; x_wconf 76' lang='lat' dir='ltr'>Manna</span> <span class='ocrx_word' id='word_1_323' title='bbox 272 4139 424 4255; x_wconf 80' lang='lat' dir='ltr'>,inquit</span> <span class='ocrx_word' id='word_1_324' title='bbox 441 4138 620 4248; x_wconf 82' lang='lat' dir='ltr'>,solicita</span> <span class='ocrx_word' id='word_1_325' title='bbox 641 4173 681 4226; x_wconf 86' lang='lat' dir='ltr'>es</span> <span class='ocrx_word' id='word_1_326' title='bbox 692 4202 710 4249; x_wconf 88' lang='grc'><strong><em>,</em></strong></span> <span class='ocrx_word' id='word_1_327' title='bbox 722 4159 764 4226; x_wconf 83' lang='lat' dir='ltr'>et</span> <span class='ocrx_word' id='word_1_328' title='bbox 783 4146 953 4228; x_wconf 75' lang='lat' dir='ltr'>turbaris</span> <span class='ocrx_word' id='word_1_329' title='bbox 967 4171 1060 4252; x_wconf 83' lang='lat' dir='ltr'>erga</span> <span class='ocrx_word' id='word_1_330' title='bbox 1078 4150 1266 4252; x_wconf 79' lang='lat' dir='ltr'>plurima..</span> <span class='ocrx_word' id='word_1_331' title='bbox 1289 4143 1411 4229; x_wconf 84' lang='lat' dir='ltr'>Porro</span> <span class='ocrx_word' id='word_1_332' title='bbox 1427 4171 1540 4231; x_wconf 78' lang='lat' dir='ltr'>unum</span> 
     </span>
     <span class='ocr_line' id='line_1_35' title="bbox 94 4261 1541 4373; baseline 0.012 -43"><span class='ocrx_word' id='word_1_333' title='bbox 94 4265 154 4331; x_wconf 82' lang='lat' dir='ltr'>est</span> <span class='ocrx_word' id='word_1_334' title='bbox 177 4268 423 4341; x_wconf 77' lang='lat' dir='ltr'>necessarium</span> <span class='ocrx_word' id='word_1_335' title='bbox 438 4263 605 4365; x_wconf 36' lang='lat' dir='ltr'>wilhario</span> <span class='ocrx_word' id='word_1_336' title='bbox 626 4271 800 4373; x_wconf 82' lang='lat' dir='ltr'>optimam</span> <span class='ocrx_word' id='word_1_337' title='bbox 819 4278 969 4371; x_wconf 83' lang='lat' dir='ltr'>partem</span> <span class='ocrx_word' id='word_1_338' title='bbox 992 4268 1128 4369; x_wconf 85' lang='lat' dir='ltr'>elegit,</span> <span class='ocrx_word' id='word_1_339' title='bbox 1147 4285 1240 4366; x_wconf 80' lang='lat' dir='ltr'>quae</span> <span class='ocrx_word' id='word_1_340' title='bbox 1255 4285 1323 4344; x_wconf 83' lang='lat' dir='ltr'>non</span> <span class='ocrx_word' id='word_1_341' title='bbox 1338 4261 1541 4369; x_wconf 66' lang='lat' dir='ltr'>aufinates·</span> 
     </span>
     <span class='ocr_line' id='line_1_36' title="bbox 94 4368 1538 4496; baseline 0.014 -49"><span class='ocrx_word' id='word_1_342' title='bbox 94 4368 144 4448; x_wconf 86' lang='lat' dir='ltr'>ab</span> <span class='ocrx_word' id='word_1_343' title='bbox 168 4395 212 4452; x_wconf 86' lang='lat' dir='ltr'>ea</span> <span class='ocrx_word' id='word_1_344' title='bbox 232 4400 248 4454; x_wconf 64' lang='grc' dir='ltr'>ι</span> <span class='ocrx_word' id='word_1_345' title='bbox 266 4375 373 4487; x_wconf 89' lang='lat' dir='ltr'>quasi</span> <span class='ocrx_word' id='word_1_346' title='bbox 388 4377 526 4464; x_wconf 86' lang='lat' dir='ltr'>diceret</span> <span class='ocrx_word' id='word_1_347' title='bbox 547 4409 555 4463; x_wconf 94' lang='lat'>:</span> <span class='ocrx_word' id='word_1_348' title='bbox 580 4380 647 4496; x_wconf 91' lang='lat' dir='ltr'>qui</span> <span class='ocrx_word' id='word_1_349' title='bbox 669 4383 708 4464; x_wconf 91' lang='lat' dir='ltr'>in</span> <span class='ocrx_word' id='word_1_350' title='bbox 732 4409 772 4466; x_wconf 90' lang='lat' dir='ltr'>re</span> <span class='ocrx_word' id='word_1_351' title='bbox 799 4381 970 4496; x_wconf 88' lang='lat' dir='ltr'>gerenda</span> <span class='ocrx_word' id='word_1_352' title='bbox 981 4396 1177 4487; x_wconf 73' lang='lat' dir='ltr'>versantur</span> <span class='ocrx_word' id='word_1_353' title='bbox 1191 4439 1207 4484; x_wconf 75' lang='grc'>,,</span> <span class='ocrx_word' id='word_1_354' title='bbox 1224 4407 1272 4463; x_wconf 88' lang='lat' dir='ltr'>ac</span> <span class='ocrx_word' id='word_1_355' title='bbox 1298 4380 1454 4466; x_wconf 90' lang='lat' dir='ltr'>student</span> <span class='ocrx_word' id='word_1_356' title='bbox 1464 4382 1538 4468; x_wconf 91' lang='lat' dir='ltr'>bo-</span> 
     </span>
     <span class='ocr_line' id='line_1_37' title="bbox 90 4496 1669 4615; baseline 0.011 -48"><span class='ocrx_word' id='word_1_357' title='bbox 90 4499 440 4581; x_wconf 76' lang='lat' dir='ltr'>ncstatum&#39;rerum</span> <span class='ocrx_word' id='word_1_358' title='bbox 461 4496 774 4585; x_wconf 84' lang='lat' dir='ltr'>administrationi</span> <span class='ocrx_word' id='word_1_359' title='bbox 792 4523 836 4584; x_wconf 89' lang='lat' dir='ltr'>ut</span> <span class='ocrx_word' id='word_1_360' title='bbox 859 4497 1136 4600; x_wconf 62' lang='lat' dir='ltr'>Martha-,hos</span> <span class='ocrx_word' id='word_1_361' title='bbox 1152 4558 1169 4600; x_wconf 91' lang='grc'><strong><em>,</em></strong></span> <span class='ocrx_word' id='word_1_362' title='bbox 1180 4528 1414 4615; x_wconf 88' lang='lat' dir='ltr'>quamquam</span> <span class='ocrx_word' id='word_1_363' title='bbox 1443 4499 1544 4614; x_wconf 45' lang='lat' dir='ltr'>ipsos</span> <span class='ocrx_word' id='word_1_364' title='bbox 1665 4581 1669 4584; x_wconf 14' lang='lat' dir='ltr'>a</span> 
     </span>
     <span class='ocr_line' id='line_1_38' title="bbox 90 4606 1542 4731; baseline 0.011 -44"><span class='ocrx_word' id='word_1_365' title='bbox 90 4631 177 4688; x_wconf 86' lang='lat' dir='ltr'>rum</span> <span class='ocrx_word' id='word_1_366' title='bbox 204 4606 289 4694; x_wconf 87' lang='lat' dir='ltr'>vita.</span> <span class='ocrx_word' id='word_1_367' title='bbox 311 4610 506 4702; x_wconf 76' lang='lat' dir='ltr'>laudanda</span> <span class='ocrx_word' id='word_1_368' title='bbox 524 4642 580 4701; x_wconf 89' lang='lat' dir='ltr'>est</span> <span class='ocrx_word' id='word_1_369' title='bbox 597 4617 610 4731; x_wconf 91' lang='lat'>(</span> <span class='ocrx_word' id='word_1_370' title='bbox 626 4645 719 4701; x_wconf 90' lang='lat' dir='ltr'>nam</span> <span class='ocrx_word' id='word_1_371' title='bbox 739 4646 831 4700; x_wconf 89' lang='lat' dir='ltr'>cum</span> <span class='ocrx_word' id='word_1_372' title='bbox 852 4616 990 4703; x_wconf 89' lang='lat' dir='ltr'>virtute</span> <span class='ocrx_word' id='word_1_373' title='bbox 1016 4616 1193 4702; x_wconf 87' lang='lat' dir='ltr'>humanis.</span> <span class='ocrx_word' id='word_1_374' title='bbox 1213 4642 1296 4702; x_wconf 89' lang='lat' dir='ltr'>tum</span> <span class='ocrx_word' id='word_1_375' title='bbox 1321 4617 1542 4703; x_wconf 61' lang='lat' dir='ltr'>necessitati&lt;</span> 
     </span>
     <span class='ocr_line' id='line_1_39' title="bbox 92 4720 1541 4855; baseline 0.01 -50"><span class='ocrx_word' id='word_1_376' title='bbox 92 4720 161 4855; x_wconf 84' lang='lat' dir='ltr'>bus</span> <span class='ocrx_word' id='word_1_377' title='bbox 191 4728 332 4836; x_wconf 85' lang='lat' dir='ltr'>servit,</span> <span class='ocrx_word' id='word_1_378' title='bbox 362 4734 583 4821; x_wconf 69' lang='lat' dir='ltr'>nemetiam</span> <span class='ocrx_word' id='word_1_379' title='bbox 614 4733 854 4849; x_wconf 89' lang='lat' dir='ltr'>commodis)</span> <span class='ocrx_word' id='word_1_380' title='bbox 888 4759 1015 4820; x_wconf 84' lang='lat' dir='ltr'>tamen</span> <span class='ocrx_word' id='word_1_381' title='bbox 1044 4735 1173 4822; x_wconf 77' lang='lat' dir='ltr'>multis.</span> <span class='ocrx_word' id='word_1_382' title='bbox 1198 4763 1307 4849; x_wconf 83' lang='lat' dir='ltr'>saepe</span> <span class='ocrx_word' id='word_1_383' title='bbox 1341 4735 1541 4822; x_wconf 80' lang='lat' dir='ltr'>solicitudi·</span> 
     </span>
    </p>

    <p class='ocr_par' dir='ltr' id='par_1_7' title="bbox 50 4839 1533 4985">
     <span class='ocr_line' id='line_1_40' title="bbox 50 4839 1533 4985; baseline 0.009 -59"><span class='ocrx_word' id='word_1_384' title='bbox 50 4877 53 4881; x_wconf 49' lang='lat'><strong><em>¹</em></strong></span> <span class='ocrx_word' id='word_1_385' title='bbox 90 4839 197 4929; x_wconf 88' lang='lat' dir='ltr'>mbus</span> <span class='ocrx_word' id='word_1_386' title='bbox 216 4846 417 4965; x_wconf 83' lang='lat' dir='ltr'>implicari,</span> <span class='ocrx_word' id='word_1_387' title='bbox 437 4877 481 4942; x_wconf 90' lang='lat' dir='ltr'>et·</span> <span class='ocrx_word' id='word_1_388' title='bbox 489 4851 711 4944; x_wconf 85' lang='lat' dir='ltr'>turbulentis</span> <span class='ocrx_word' id='word_1_389' title='bbox 728 4852 822 4940; x_wconf 87' lang='lat' dir='ltr'>cutis</span> <span class='ocrx_word' id='word_1_390' title='bbox 844 4852 935 4971; x_wconf 83' lang='lat' dir='ltr'>angi</span> <span class='ocrx_word' id='word_1_391' title='bbox 958 4883 1104 4943; x_wconf 86' lang='lat' dir='ltr'>necesse</span> <span class='ocrx_word' id='word_1_392' title='bbox 1134 4876 1188 4940; x_wconf 88' lang='lat' dir='ltr'>est</span> <span class='ocrx_word' id='word_1_393' title='bbox 1202 4915 1217 4936; x_wconf 32' lang='lat'>.⁴</span> <span class='ocrx_word' id='word_1_394' title='bbox 1245 4853 1325 4972; x_wconf 83' lang='lat' dir='ltr'>Qui</span> <span class='ocrx_word' id='word_1_395' title='bbox 1341 4883 1435 4943; x_wconf 87' lang='lat' dir='ltr'>vero</span> <span class='ocrx_word' id='word_1_396' title='bbox 1449 4857 1533 4985; x_wconf 77' lang='lat' dir='ltr'>Ma·</span> 
     </span>
    </p>

    <p class='ocr_par' dir='ltr' id='par_1_8' title="bbox 1443 4998 1537 5059">
     <span class='ocr_line' id='line_1_41' title="bbox 1443 4998 1537 5059; baseline 0.032 -3"><span class='ocrx_word' id='word_1_397' title='bbox 1443 4998 1537 5059; x_wconf 86' lang='lat' dir='ltr'>tram</span> 
     </span>
    </p>
   </div>
   <div class='ocr_carea' id='block_1_6' title="bbox 0 0 2030 5858">
    <p class='ocr_par' dir='ltr' id='par_1_9' title="bbox 0 0 2030 5858">
     <span class='ocr_line' id='line_1_42' title="bbox 0 0 2030 5858; baseline 0 1"><span class='ocrx_word' id='word_1_398' title='bbox 0 0 2030 5858; x_wconf 95' lang='lat' dir='ltr'> </span> 
     </span>
    </p>
   </div>
  </div>
 </body>
</html>
