4192 5880
528 396 573 468 80
876 393 1232 468 DESCRIPTIO
1271 393 1554 467 COLLEGII

506 517 686 604 horreum
720 544 776 605 est
800 516 1078 633 capacissimum
1097 545 1208 631 ,quo
1236 512 1467 604 frumentum
1492 545 1532 606 et
1547 543 1691 606 ceterae
1714 518 1840 636 fruges
1870 551 1962 609 con·

505 638 671 723 duntur.
706 641 809 722 Huic
842 666 909 751 par
941 636 1032 720 cella
1056 633 1326 730 alteravinaria
1352 639 1505 725 ¹subdita
1530 666 1604 725 est.
1636 644 1740 726 Tum
1769 640 1961 756 lignorum

502 758 763 869 repositorium
783 818 795 861 ,
815 754 992 868 iuxtaque
1018 782 1206 867 equorum
1236 756 1447 841 stabulum.
1481 760 1628 845 Deinde
1657 787 1758 872 pone
1787 761 1960 849 sacellum

323 899 485 971 ,sinenda
497 877 746 961 ambientibus
768 874 929 959 occurrit
944 871 1171 985 aptissimum
1188 874 1484 987 sphaeristerium
1499 909 1507 960 :
1522 907 1602 992 quo
1628 878 1665 961 in
1679 876 1889 962 studiorum
1906 881 1960 964 in·

308 973 383 1009 ’Μ’
501 992 616 1078 duciis
641 990 872 1080 licetferiatis
897 990 1086 1076 sodalibus
1118 992 1283 1092 tuendae
1312 995 1534 1081 valetudinis
1563 996 1681 1113 gratia
1713 997 1898 1101 exerceri,
1917 1024 1960 1086 ut

503 1111 667 1198 honesto
683 1114 777 1198 ludo
793 1139 952 1224 corpote
976 1109 1161 1214 exercito,
1177 1134 1216 1195 et
1237 1111 1367 1198 animis
1402 1112 1588 1221 relaxatis,
1608 1115 1822 1231 integriores
1846 1145 1957 1233 vege-

308 1259 393 1313 nora.
503 1229 691 1347 tioresque
707 1232 756 1315 ad
785 1230 908 1315 studia
923 1227 1098 1314 redeant.
1133 1228 1196 1312 Ab
1209 1228 1284 1313 hoc
1302 1229 1403 1315 horti
1419 1233 1522 1317 alteri
1555 1234 1723 1346 proxime
1738 1259 1957 1342 excurrunt,

506 1347 686 1463 dispositis
702 1349 894 1433 arboribus
922 1347 1082 1451 consiti,
1098 1345 1310 1462 vitibusque
1332 1350 1384 1433 ita
1407 1351 1679 1456 ambientibus,
1695 1374 1739 1435 ut
1773 1381 1955 1458 amoena,

504 1466 598 1551 dum
615 1469 738 1553 virent
762 1468 938 1569 arbores,
954 1462 1119 1550 efficiant
1145 1465 1460 1553 deambulatoria.
1499 1470 1573 1554 Sed
1603 1498 1735 1554 omnes
1751 1468 1821 1554 hae
1845 1473 1954 1558 arbo

504 1613 564 1671 res
587 1586 759 1672 novellae
786 1609 872 1669 sunt
889 1646 901 1689 ,
918 1608 957 1668 et
985 1582 1089 1667 locus
1120 1581 1198 1696 ipse
1222 1585 1377 1671 aedibus
1400 1587 1703 1701 Hispaniensibus
1735 1588 1950 1699 adjunctus,

503 1729 593 1789 ante
609 1730 774 1820 quatuor
805 1732 925 1787 annos
942 1731 1028 1785 area
1043 1701 1190 1814 publica
1217 1729 1320 1809 erat,
1338 1704 1473 1790 inutilis
1495 1705 1664 1820 alioquin
1680 1730 1719 1791 et
1735 1735 1868 1819 parum
1885 1709 1956 1794 de-

504 1849 616 1906 cora.
649 1827 757 1907 Haec
773 1824 898 1935 itaque
915 1851 938 1903 a
954 1825 1093 1904 Senatu
1109 1820 1340 1906 Bononiensi
1362 1824 1558 1936 impetrata
1574 1824 1706 1909 domui
1732 1850 1883 1910 nostrae
1897 1854 1957 1910 ac·

505 1941 621 2025 cessio
647 1938 772 2044 facta,
807 1940 926 2024 ducto
949 1936 1199 2052 pulcherrimo
1231 1969 1368 2045 muro,
1396 1941 1463 2056 qui
1502 1942 1809 2059 distinguentibus
1838 1943 1956 2056 pinn'u

504 2057 608 2148 ,viam
636 2058 822 2173 publicam
839 2057 1015 2141 honestat
1031 2060 1157 2170 :quae
1182 2080 1227 2139 ut·
1254 2056 1442 2170 pulchrior
1474 2086 1626 2173 aspectu
1656 2060 1898 2163 redderetur,
1915 2091 1957 2145 a·

504 2173 641 2262 liorum
656 2178 856 2262 hortorum
878 2236 890 2279 ,
906 2176 974 2289 qui
995 2205 1019 2258 a
1039 2172 1190 2258 meridie
1206 2175 1300 2258 atrio
1316 2237 1329 2278 ,
1345 2176 1484 2290 pariete
1499 2179 1639 2281 medio,
1654 2179 1957 2283 committuntur,

341 2331 378 2380 Ut
395 2325 492 2380 hunius
507 2295 686 2408 particula
717 2320 830 2410 pacto
858 2294 965 2378 nobis
995 2292 1144 2376 ademta
1173 2317 1248 2377 est.
1282 2296 1389 2379 Haec
1404 2295 1514 2412 igitur
1535 2293 1656 2380 forma
1686 2321 1741 2381 est
1757 2295 1854 2399 ,hae
1881 2295 1958 2382 fere

314 2391 402 2443 Minor
411 2388 490 2436 liuv-

311 2450 420 2520 atqua
468 2448 493 2517 a.
508 2441 629 2525 partes
656 2415 806 2500 aedium
823 2444 831 2496 :
852 2442 945 2527 quas
961 2412 1036 2496 hoc
1055 2409 1093 2493 in
1110 2410 1197 2493 loeo
1213 2440 1236 2492 a
1252 2412 1386 2517 nobis,
1404 2414 1611 2527 quamlibet
1626 2441 1743 2497 crassa
1760 2415 1957 2519 Minerva,

311 2508 492 2638 hillidii?
505 2530 658 2617 describi
678 2532 783 2617 haud
815 2531 865 2614 ita
899 2529 1070 2615 videatur
1097 2527 1356 2641 importunum
1372 2590 1384 2634 ,
1400 2532 1428 2614 si
1442 2531 1526 2644 quis
1557 2530 1867 2636 doctissimos,et
1892 2560 1959 2616 eos

311 2639 422 2677 “mu“
505 2680 651 2735 summa
664 2650 846 2768 gravitate
862 2648 962 2732 viros
985 2645 1218 2749 meminerit,
1239 2674 1317 2729 non
1339 2647 1426 2732 dico
1455 2649 1597 2732 urbana
1628 2647 1786 2762 palatia,
1801 2651 1865 2734 sed
1900 2679 1960 2734 ru·

506 2771 595 2854 stica
628 2770 778 2885 praedia
798 2765 975 2881 villasque
988 2793 1097 2870 suas,
1124 2760 1295 2850 affectate
1322 2763 1575 2883 descripsisse,
1606 2765 1721 2881 idque
1756 2767 1958 2854 memoriae

407 2909 411 2919 ’
505 2889 667 3002 prodere
683 2888 777 2973 tanti
793 2911 951 3001 putasse.

356 3067 493 3120 ,ongum
566 3010 619 3090 V.
678 3010 840 3092 Constat
865 3030 992 3089 autem
1021 3003 1216 3090 conditum
1246 3001 1353 3090 fuisse
1367 3003 1566 3122 collegium
1593 3006 1732 3091 circiter
1765 3012 1960 3089 annuma

313 3129 464 3248 felth}
508 3125 680 3209 redemto
701 3125 794 3209 orbe
815 3156 823 3207 :
845 3154 1062 3208 mcccxxv.
1079 3125 1187 3238 quod
1202 3123 1263 3209 vix
1280 3123 1349 3207 dici
1372 3149 1520 3236 potest,
1537 3150 1684 3239 quanto
1699 3152 1842 3237 semper
1858 3123 1959 3228 usui,
2078 3230 2085 3232 γ

506 3266 730 3358 quantoque
758 3267 983 3328 ornamento
998 3243 1130 3325 nostris
1156 3241 1368 3326 hominibus
1392 3238 1520 3326 luerit.
1556 3248 1614 3326 Ex
1649 3243 1723 3326 hoc
1751 3242 1850 3324 enim
1868 3242 1958 3346 viri,

506 3389 605 3475 quos
638 3390 854 3445 enumerare
882 3360 1039 3476 longum
1071 3383 1164 3444 esset
1178 3421 1195 3464 ‚.
1206 3359 1383 3472 sapientia
1413 3360 1500 3443 clari
1533 3360 1636 3443 nulla
1666 3386 1746 3444 non
1780 3359 1958 3442 memoria
2084 3372 2093 3376 ’

506 3509 715 3593 provenere
749 3542 760 3585 ,
791 3479 857 3594 qui
882 3506 965 3562 tum
1000 3477 1161 3594 singulas
1187 3477 1352 3562 civitates
1368 3538 1380 3581 ,
1397 3502 1480 3562 tum
1505 3477 1714 3565 universam
1740 3475 1959 3590 Hispaniam

507 3598 679 3684 doctrina
695 3622 734 3683 et
749 3597 904 3681 consilio
928 3624 1165 3710 summopere
1182 3595 1375 3707 juvarent.
1407 3601 1460 3680 Et
1477 3595 1611 3681 vivunt
1637 3595 1751 3680 hodie
1770 3593 1871 3678 haud
1908 3594 1960 3679 ita

506 3717 637 3828 pauci,
651 3716 781 3830 nequis
807 3738 915 3829 putet
930 3715 1107 3798 edoctam
1138 3713 1246 3824 huius
1272 3711 1417 3827 collegii
1448 3709 1672 3809 feracitatem
1699 3711 1955 3814 consenuisse,

506 3834 572 3945 qui
604 3835 738 3946 partim
772 3832 949 3917 docendo
966 3891 978 3935 ,
995 3831 1129 3945 partim
1161 3830 1414 3914 monumentis
1446 3830 1645 3916 litterarum
1661 3890 1674 3934 ,
1690 3829 1749 3914 alii
1778 3830 1959 3914 maxima·

505 3979 731 4036 tumrerum
753 3949 1070 4035 administratione
1087 4011 1098 4053 ,
1115 3948 1259 4032 saecula
1277 3972 1403 4031 nostra
1418 3975 1624 4035 exornant.
1655 3951 1834 4042 Quorum
1865 3973 1955 4033 sunt

314 4105 364 4169 our
390 4104 493 4176 parrat-
511 4068 703 4153 Antonius
725 4067 967 4152 Nebrissensis
982 4127 994 4170 ,
1011 4066 1077 4181 qui
1098 4090 1311 4182 expugnata
1339 4095 1408 4150 suo
1425 4068 1552 4153 Marte
1580 4067 1746 4151 barbarie
1764 4127 1775 4170 ,
1791 4093 1890 4177 quae
1909 4067 1959 4150 ab

313 4167 494 4296 {lllllllll
507 4187 686 4301 Hispania
701 4185 822 4270 Latini
842 4184 1021 4270 sermonis
1045 4183 1291 4269 exterminato
1321 4183 1468 4290 nitore,
1501 4213 1661 4300 regnum
1681 4185 1793 4298 longe
1809 4183 1961 4298 lateque

312 4287 469 4347 ''mmm‘'
507 4305 731 4409 obtinebat,
754 4332 857 4388 nunc
886 4308 1035 4419 Regum
1062 4300 1267 4414 Hispaniae
1293 4300 1482 4387 historiam
1515 4298 1608 4386 selici
1639 4324 1679 4386 et
1698 4300 1960 4415 antiquitatem

371 4462 495 4535 intonas
508 4449 763 4534 provocaturo
788 4422 872 4507 stilo
903 4420 1059 4505 mandat
1083 4418 1358 4505 monumentis.
1391 4425 1443 4504 Et
1458 4420 1657 4506 Fortunius
1674 4418 1824 4504 Garsias
1851 4420 1961 4501 Can·

312 4524 488 4633 dsslldlll‘
508 4540 613 4626 taber
636 4541 827 4655 utriusque
855 4538 939 4652 juris
968 4535 1230 4650 peritissimus,
1256 4539 1396 4653 Regius
1428 4567 1530 4623 nunc
1546 4599 1559 4642 ,
1576 4563 1619 4623 ut
1647 4535 1761 4622 audio
1795 4535 1961 4620 consilia·

313 4654 368 4690 ω’
503 4657 609 4764 ttius,
627 4658 747 4773 etqui
780 4659 958 4772 inregno
973 4661 1166 4741 Navarrae
1188 4655 1406 4772 magistratu
1427 4651 1612 4772 fungitur,
1646 4656 1712 4770 qui
1729 4666 1871 4765 Regens
1896 4683 1961 4768 ap-

505 4777 667 4890 pellatur
690 4777 767 4862 :de
797 4772 901 4885 cujus
928 4773 1099 4859 doctrina
1125 4798 1164 4859 et
1191 4774 1388 4859 virtutibus
1403 4773 1496 4887 quid
1528 4772 1727 4876 sentirem,
1744 4771 1961 4887 jampridem

312 4905 496 5024 ωξξῃῗὲ*
513 4893 682 5014 quadarn
700 4892 856 5011 epistola
868 4892 919 4983 ad
935 4891 1123 5006 Jacobum
1136 4891 1368 5012 Attheagam
1381 4891 1547 4981 sodalem
1563 4921 1689 4978 meum
1703 4952 1715 4999 ,
1729 4891 1851 4981 virum
1863 4919 1960 5005 quo·

1885 5035 1961 5126 que
