4192 5880
394 386 401 396 “
471 412 493 480 ⁶
861 398 1088 480 nanum
1129 400 1482 477 castinum

445 556 526 614 non
550 526 672 616 multo
707 555 795 614 ante
818 524 999 641 praelium
1020 520 1112 608 illud
1141 521 1412 611 nobilissimum
1430 556 1543 646 ,quo
1575 528 1626 616 ab
1652 526 1730 618 hoc
1744 528 1912 624 Alfonso

444 648 564 735 victus
594 671 720 735 estet
753 643 905 764 fugatus
929 643 1199 730 Benamarinus
1233 648 1313 731 Rex
1347 647 1576 736 Maurorum
1608 640 1909 766 potentissimus,

442 768 510 883 qui
551 769 693 854 bellurn
716 764 890 880 Hispanis
928 763 1093 849 illaturus
1133 763 1443 851 innumerabilem
1475 798 1595 883 paene
1634 773 1837 863 exercitum
1869 776 1909 863 in

442 887 633 974 Baeticam
665 883 882 1000 trajecerat.
917 883 1041 979 Quod
1064 881 1247 1000 praelium
1274 888 1357 974 Rex
1379 884 1535 974 initurus
1565 891 1728 1009 Aegidio
1751 921 1832 980 rem
1853 895 1910 983 di·

442 1006 573 1093 vinam
605 1003 753 1092 facienti
781 1001 1044 1122 religiosissime
1077 997 1279 1110 interfuit,
1305 1028 1344 1090 et
1383 1032 1472 1091 cum
1495 1008 1633 1095 Christi
1665 1040 1800 1130 corpus
1834 1015 1907 1102 ad-

442 1149 623 1232 orasset,
661 1149 700 1212 et
728 1123 1023 1212 venerabundus
1051 1121 1100 1208 ab
1133 1119 1211 1235 ejus
1247 1123 1418 1210 manibus
1448 1127 1662 1235 sumsisset,
1696 1133 1746 1216 ab
1768 1135 1909 1221 eodem

441 1272 521 1330 sese
542 1274 646 1330 arma
670 1244 775 1330 indui
801 1242 999 1360 poposcit:
1016 1240 1121 1355 cujus
1148 1240 1208 1328 ille
1238 1266 1408 1358 precatus
1437 1270 1481 1330 ut
1509 1275 1565 1333 res
1599 1243 1750 1336 feliciter
1775 1253 1909 1340 eveni-

443 1388 557 1469 rent,
583 1392 664 1450 non
695 1363 816 1450 modo
845 1390 980 1479 corpus
1006 1356 1131 1466 ferro,
1160 1360 1227 1447 sed
1260 1362 1429 1448 animum
1461 1364 1573 1451 etiam
1586 1397 1732 1453 summa
1767 1399 1832 1486 spe
1863 1396 1909 1456 ac

442 1481 585 1599 ingenti
616 1481 751 1570 fiducia
783 1481 972 1587 armavit,
1006 1479 1100 1566 dum
1131 1474 1277 1567 fortiter
1302 1506 1495 1600 gestorum
1530 1485 1768 1605 invictaeque
1797 1488 1909 1606 ipsius

445 1601 632 1713 majorum
645 1602 791 1690 virtutis
815 1601 1022 1705 admonet,
1038 1624 1077 1686 et
1107 1598 1228 1687 multa
1245 1630 1326 1688 non
1352 1602 1493 1690 inultae
1517 1603 1713 1721 impietatis
1728 1607 1909 1695 inDeum

443 1719 637 1807 Christum
662 1720 832 1838 exempla
866 1745 1163 1807 commemorat.
1195 1725 1248 1807 Et
1277 1722 1477 1812 commisso
1506 1723 1736 1830 certamine,
1761 1729 1911 1842 Regem

444 1836 535 1924 alios
560 1839 779 1930 hortantem
799 1843 877 1959 ipse
902 1838 1007 1927 lateri
1038 1838 1228 1955 proximus
1257 1840 1587 1928 adhortationibus
1616 1842 1861 1930 incendebat.

504 1962 551 2043 ll.
612 1961 686 2046 Sed
712 1985 819 2076 parta
843 1959 1029 2064 victoria,
1046 1957 1278 2075 receptisque
1295 1959 1473 2076 Algeciris
1490 2021 1503 2067 ,
1527 1957 1656 2077 quae,
1681 1957 1817 2078 fugato
1835 1966 1909 2048 Be·

445 2078 671 2185 namarino,
693 2110 814 2196 paruo
846 2079 1003 2196 negotio
1028 2077 1162 2165 victori
1192 2101 1379 2163 cesserunt
1407 2079 1535 2184 ,dum
1566 2078 1780 2166 Gibraltare
1808 2080 1909 2165 obsi·

248 2193 328 2298 terh,
342 2220 429 2316 n¹f0n3
446 2194 576 2303 deret,
606 2201 744 2284 morbo
770 2220 964 2313 correptus
994 2192 1171 2283 Alfonsus
1208 2195 1309 2282 diem
1342 2226 1454 2282 suum
1493 2194 1622 2303 obiit,
1668 2226 1909 2315 regnumque
2014 2259 2016 2263 ψ

246 2284 430 2395 io⁰b¹i¹irisii
446 2314 703 2402 dissimillimus
727 2315 849 2424 filius,
873 2339 988 2432 atque
1019 2314 1118 2400 adeo
1150 2314 1261 2429 pestis
1294 2314 1451 2401 humani
1483 2314 1658 2432 generis,
1693 2320 1824 2435 Petrus
1849 2316 1911 2403 ille

251 2415 320 2511 ¹³⁵3·
445 2435 618 2550 excepit,
650 2437 711 2522 cui
740 2432 838 2522 facta
868 2435 1045 2534 Crudelis
1077 2461 1296 2550 cognomen
1329 2433 1464 2520 merito
1498 2461 1695 2550 peperere.
1740 2435 1818 2521 Hic
1847 2436 1911 2521 in-‘

444 2551 512 2638 itio
544 2584 670 2642 rerum
698 2557 874 2641 nondum
908 2552 1024 2639 ferina
1056 2552 1208 2639 saevitia
1235 2581 1313 2640 sese
1354 2549 1561 2661 efferente,
1593 2552 1828 2672 Aegidium,
1863 2579 1911 2642 ut

443 2703 511 2787 par
538 2696 647 2781 erat,
676 2677 814 2762 eodem
849 2671 1098 2758 familiaritatis
1124 2671 1211 2757 loco
1240 2671 1405 2788 recepit,
1431 2703 1547 2790 quem
1575 2674 1679 2790 apud
1705 2669 1910 2762 Alfonsum

444 2790 661 2881 obtinuerat
693 2827 703 2878 :
736 2793 890 2909 eiusque
919 2790 1205 2878 adhortationes
1230 2817 1270 2878 et
1301 2792 1448 2878 monita
1477 2792 1675 2880 admittere
1701 2792 1802 2882 visus
1830 2817 1909 2900 est,

443 2911 544 2996 adeo
578 2937 623 2999 ut
647 2914 723 3000 hoc
752 2913 931 3030 magistro
963 2940 1116 2997 morum
1144 2939 1226 3028 non
1255 2939 1411 3026 parvam
1439 2941 1544 3028 spem
1567 2912 1671 2998 dese
1695 2911 1912 3000 hominibus

443 3028 625 3148 principio
656 3061 782 3118 rerum
807 3030 1018 3117 exhiberet.
1056 3030 1130 3116 Sed
1155 3057 1244 3114 curn
1268 3058 1307 3114 se
1333 3028 1513 3144 paulatim
1541 3031 1652 3146 pestis
1689 3029 1906 3135 detexisset,

443 3174 532 3232 cum
555 3150 777 3237 ‚virtutibus
812 3149 937 3265 coepit
970 3148 1091 3235 odisse
1125 3147 1342 3265 magistrum
1380 3179 1390 3232 t
1422 3177 1513 3235 nam
1539 3178 1627 3234 cum
1656 3150 1819 3263 primum
1844 3175 1913 3233 ca-

442 3265 648 3382 stigationis
678 3270 850 3358 dolorem
887 3267 1014 3353 animo
1047 3289 1321 3385 repugnante,
1349 3290 1477 3353 tamen
1518 3266 1624 3353 altius
1650 3268 1911 3382 suppresisset,
2012 3320 2016 3326 ·

443 3386 560 3499 paulo
589 3413 675 3504 post
700 3389 820 3477 victus
848 3387 953 3473 insita
979 3381 1151 3491 feritare,
1168 3385 1262 3497 iusta
1291 3385 1442 3471 consilia
1472 3386 1704 3473 detrectabat
1720 3415 1732 3490 3
1751 3411 1791 3473 et
1821 3415 1912 3472 curn

434 3530 567 3590 cetera
585 3506 813 3623 'gravissime
845 3529 1061 3624 pateretur,
1086 3503 1177 3590 illud
1202 3498 1296 3589 ferre
1320 3532 1402 3589 non
1427 3506 1553 3618 potuit
1586 3505 1636 3590 ab
1662 3505 1824 3622 Aegidio
1845 3503 1914 3590 sibi

249 3660 327 3772 nqis
343 3658 431 3712 aaron·
444 3623 555 3712 toties
578 3627 773 3742 exprobari
795 3688 807 3732 ,
825 3624 959 3741 quod,
976 3619 1136 3709 fastidita
1162 3621 1307 3722 blanca,
1328 3650 1447 3708 uxore
1474 3622 1736 3739 pudicissima,
1760 3623 1912 3709 cuidant

250 3724 274 3774 si
307 3722 343 3771 lio
356 3724 431 3771 Petro

250 3780 356 3854 amam
393 3781 432 3830 n·
446 3742 592 3828 Mariae
624 3745 674 3830 de
703 3744 844 3832 Padilla
874 3739 1054 3829 effienata
1084 3740 1235 3827 libidine
1261 3763 1501 3827 assuesceret.
1546 3745 1639 3829 Erat
1667 3743 1768 3826 enim
1793 3741 1913 3858 Aegi-

250 3842 433 3962 issiiis’n‘liii
446 3859 528 3946 dius
553 3866 641 3948 cum
676 3863 799 3949 omnis
840 3860 984 3980 generis
1016 3858 1196 3947 vitiorum
1223 3860 1421 3947 acerrimus
1451 3859 1688 3966 insectator,
1712 3885 1796 3946 turn
1825 3859 1918 3946 libi-'

251 3973 431 4075 libelii*
445 3978 541 4066 dinis
561 3981 624 4071 vel
646 3984 831 4087 maxime,
847 4009 963 4098 aqua
984 4003 1133 4066 tantum
1158 3978 1381 4085 abhormit,
1402 4002 1447 4067 ut
1473 3975 1575 4065 fama
1601 4003 1776 4084 constet,
1797 4007 1908 4063 num·

443 4125 561 4214 quam
594 4129 683 4188 eum
716 4102 793 4189 hoc
825 4100 1002 4205 crimine,
1019 4100 1152 4216 quoad
1185 4098 1305 4202 vixit,
1323 4095 1433 4186 fuisse
1465 4097 1681 4215 pollutum.
1716 4102 1796 4183 Rex
1818 4124 1920 4214 ergo

444 4217 723 4306 dissimillimum
756 4218 952 4306 hominem
979 4249 1046 4303 sua
1070 4242 1207 4335 sponte
1236 4218 1362 4334 palam
1391 4248 1551 4324 exosus,
1574 4217 1708 4336 pellicis
1723 4242 1903 4332 quoque,

442 4363 544 4452 quae
572 4367 728 4454 gravem
760 4367 954 4425 censorem
987 4337 1190 4453 capitaliter
1218 4337 1383 4442 oderat,
1411 4336 1581 4453 precibus
1612 4337 1810 4441 incensus,
1843 4362 1918 4454 ne«

441 4481 528 4541 cem
554 4457 718 4574 Aegldio
743 4457 917 4544 molitur.
957 4455 1021 4542 Ille
1047 4485 1172 4564 vero,
1204 4455 1363 4574 cognitis
1396 4456 1533 4549 insidiis
1548 4517 1561 4564 ,
1576 4483 1677 4572 quae
1708 4453 1924 4574 gratiosum!

443 4570 482 4657 in
519 4572 643 4689 primis
672 4577 867 4664 hominem
895 4577 961 4664 diu
991 4575 1107 4663 latere
1136 4575 1422 4691 nequiverunt,
1448 4603 1560 4662 causa
1591 4572 1785 4677 simulata,
1812 4570 1921 4657 ‘mise

250 4736 356 4798 cm„
365 4742 430 4792 „a
442 4690 586 4780 sionem
616 4689 836 4815 efflagitat:
871 4723 989 4812 quam
1022 4717 1110 4814 cum
1140 4695 1203 4786 vix
1244 4697 1295 4785 ad
1322 4720 1472 4813 tempus
1508 4696 1766 4813 impetrasset,
1787 4688 1924 4778 {Cori-2

249 4805 355 4853 trionem
400 4803 431 4853 ad

249 4865 421 4974 &gagg
444 4810 556 4897 cham
584 4815 719 4902 urbem
744 4816 903 4932 patriam
923 4816 1101 4934 pervenit
1129 4844 1152 4920 3*
1171 4815 1238 4902 ubi
1262 4844 1465 4934 parumper
1473 4834 1755 4903 zcommoratus
1766 4838 1783 4916 ,¹
1809 4836 1926 4897 corn-'¹

288 4959 294 4970 .
330 4938 363 4974 on
376 4956 384 4972 0
423 4956 431 4974 ο

247 4984 428 5048 ,afim
449 4956 657 5058 parataque
686 4932 953 5062 profectione,
973 4936 1024 5029 ad
1039 4936 1280 5049 Clementem
1293 4939 1363 5037 Vl.
1386 4935 1625 5045 BourMax.
1649 4926 1925 5038 nvmqnem,›

473 5129 477 5135 ,
1859 5074 1913 5147 8·
