4020 5864
489 393 564 479 ,564
827 388 1180 460 ANTAPOLOGIA
1210 391 1309 461 PRO
1333 391 1435 460 ALB.
1460 392 1539 461 1³10

467 513 545 600 sine
562 511 782 616 iracundia,
809 510 885 598 sine
902 514 1130 616 contumelia
1145 509 1338 600 refelleres
1370 519 1486 599 Nunc
1498 512 1601 599 enim
1631 515 1814 629 quisquis
1828 516 1868 600 in
1894 544 1929 605 te

470 633 605 739 scribit,
619 632 742 716 statim
757 631 905 718 invidus
919 657 975 718 est
990 695 1002 740 ,
1019 629 1195 719 indoctus
1210 660 1282 738 est,
1298 657 1462 750 nugator
1478 658 1550 737 est,
1563 661 1609 717 ac
1631 634 1659 717 si
1677 633 1803 749 paulo
1812 636 1926 722 acrius

474 761 636 866 urgeat(
653 775 696 835 ut
712 749 891 838 Albettus
906 753 1018 867 Pius)
1045 753 1334 838 mendaxssetiam
1350 778 1389 837 et
1415 750 1612 866 impudens
1627 753 1895 841 calumniator.

533 869 696 953 XXXII.
754 870 877 964 Quod
892 871 921 954 si
944 871 1058 956 talem
1086 870 1205 958 videri
1235 874 1321 976 vis,
1348 873 1580 985 quicumque
1613 869 1781 956 damnat
1811 873 1917 986 quid·

474 1017 590 1103 quam
616 986 766 1073 inlibris
786 989 960 1094 Erasmi,
987 989 1063 1104 ipse
1078 1017 1236 1105 quoque
1263 995 1439 1074 Erasmus
1463 989 1500 1072 in
1529 988 1654 1101 primis
1689 989 1842 1076 invidus
1854 993 1916 1080 erit

473 1106 529 1190 sui
555 1130 670 1222 atque
696 1106 963 1192 calumniatot.
1001 1111 1131 1193 Nemo
1159 1108 1259 1192 enim
1292 1107 1400 1223 plura
1427 1107 1624 1193 damnavit
1649 1108 1693 1191 in
1728 1113 1916 1216 Erasmo,

474 1252 592 1338 quam
617 1232 821 1332 Erasmus,
849 1225 918 1340 qui
952 1225 1096 1311 nullum
1125 1225 1406 1340 propemodum
1436 1223 1573 1339 scripsit
1601 1225 1774 1331 librum,
1809 1257 1917 1342 quem

475 1370 556 1428 non
572 1345 685 1431 semel
699 1343 872 1430 emissum
891 1406 903 1446 ,
928 1345 1063 1430 iterum
1080 1370 1119 1430 et
1133 1345 1244 1431 tertio
1260 1343 1505 1431 emendatum
1517 1342 1704 1450 ediderit,
1730 1347 1917 1459 quosdam

444 1506 461 1543 ·.
478 1463 589 1548 etiam
606 1462 772 1578 saepius,
795 1491 839 1550 ut
859 1464 996 1548 librum
1024 1464 1257 1572 Adaga'oram
1274 1491 1345 1568 ,ac
1366 1459 1655 1549 conversionem
1670 1465 1770 1547 novi
1793 1468 1919 1550 Testa·

477 1581 622 1687 menti,
649 1607 688 1667 et
704 1581 969 1666 annotationes
982 1581 1021 1663 in
1038 1582 1170 1687 idem,
1197 1610 1293 1695 quas
1319 1580 1394 1692 jam
1409 1604 1492 1664 ate
1512 1604 1653 1694 quarto
1681 1581 1804 1666 editas
1825 1612 1913 1689 esse,

476 1699 721 1819 mihitprimus
742 1700 893 1784 Stunica
908 1698 1044 1785 retulit.
1074 1704 1118 1784 Io
1132 1727 1215 1814 quo
1237 1727 1357 1814 nuper
1377 1697 1556 1810 hcturam
1580 1726 1664 1782 non
1688 1701 1915 1788 mediocrem

326 1820 336 1842 ’
474 1811 643 1905 fecemnt
674 1819 816 1903 litterae
858 1816 1089 1933 virtutesque
1115 1846 1275 1903 omnes:
1307 1841 1479 1901 mortuus
1508 1837 1564 1899 est
1589 1815 1695 1901 enim
1726 1818 1916 1933 Neapoli,

474 1965 591 2050 quam
608 1938 740 2024 urbem
760 1962 805 2022 ut
826 1934 1030 2041 inviseret,
1055 1934 1172 2050 paulo
1188 1960 1276 2020 ante
1291 1930 1480 2049 profectus
1501 1958 1582 2017 erat
1605 1937 1769 2040 Roma,
1786 1934 1916 2023 debor?

474 2061 641 2145 tantibus
662 2054 817 2156 amicis,
843 2080 894 2139 ne
917 2051 1045 2138 alieno
1073 2078 1113 2155 et
1138 2052 1346 2166 periculoso
1362 2079 1536 2167 tempore
1561 2052 1712 2137 caelum
1743 2080 1912 2163 mutata,

355 2242 357 2247 -
476 2181 714 2295 moriensque
728 2171 864 2276 uobis,
890 2170 1032 2276 idest,
1051 2170 1175 2256 amicis
1193 2200 1388 2288 magnum
1419 2169 1476 2254 sui
1506 2169 1729 2256 desiderium
1753 2174 1907 2289 reliquit,

474 2292 626 2406 homo,
650 2323 696 2399 ut
710 2291 891 2408 reliquam
922 2288 1001 2402 ejus
1024 2289 1208 2406 insignem
1227 2294 1375 2376 Graece
1388 2288 1598 2404 Latineque
1622 2288 1834 2376 doctrinam
1857 2317 1914 2377 ta·

347 2498 348 2501 r
472 2445 611 2523 ceam,
636 2441 820 2504 sacratum
848 2406 1258 2522 ecclesiasticarumque
1272 2406 1513 2494 historiarum
1529 2434 1668 2521 ,quae
1697 2410 1822 2495 studia
1845 2442 1916 2525 po-

472 2534 653 2622 tissimum
669 2526 875 2621 aemulatus
897 2522 1049 2631 fuerat,
1075 2526 1335 2641 peritissimus,
1363 2524 1501 2641 ingenii
1533 2525 1687 2611 candidi
1712 2587 1726 2630 ,
1759 2553 1799 2614 et
1814 2557 1918 2644 supra

473 2682 590 2769 quam
606 2654 708 2742 credi
724 2671 875 2766 potest,
890 2643 1045 2749 urbani,
1064 2669 1104 2728 et
1116 2646 1226 2758 quod
1241 2644 1297 2729 his
1314 2643 1436 2728 multo
1449 2639 1567 2755 majus
1583 2670 1681 2748 erat,
1698 2643 1916 2733 innocentis

473 2773 587 2858 simae
602 2775 726 2875 vitae,
743 2792 910 2854 summae
925 2792 1009 2849 non
1026 2791 1176 2848 morum
1192 2787 1358 2866 tanturn,
1369 2762 1435 2846 sed
1451 2760 1564 2845 etiam
1579 2763 1794 2849 verborum
1807 2765 1916 2851 hone·

457 2891 576 2975 statis
590 2952 602 2995 ,
617 2891 693 2978 veri
712 2950 724 2996 ,
741 2887 769 2970 si
783 2885 866 3000 quis
879 2909 1086 2997 umquam,
1100 2881 1385 2985 amantissimus,
1401 2903 1440 2964 et
1454 2906 1638 2993 perquam
1655 2882 1828 3000 egregius
1841 2884 1912 2998 pie·

475 3007 560 3095 tatis
575 3009 721 3112 cultor,
735 3004 803 3120 qui
818 3028 897 3118 quo
914 2998 1045 3084 animo
1059 2998 1253 3113 scripsisset
1267 2999 1307 3083 in
1321 3023 1374 3103 te,
1394 2997 1556 3083 moriens
1577 3027 1661 3081 non
1674 3001 1835 3086 obscure
1852 3003 1917 3087 de·

472 3126 636 3215 claravit.
667 3130 770 3211 Nam
783 3149 871 3204 cum
888 3145 967 3202 uon
990 3145 1110 3231 pauca
1127 3117 1332 3233 collegisset
1348 3173 1363 3222 ,
1383 3143 1482 3231 quae
1496 3143 1544 3200 ne
1556 3115 1595 3199 in
1607 3143 1753 3230 quarta
1765 3119 1913 3235 quidem

474 3244 638 3331 editione
654 3270 720 3330 tua
735 3238 826 3327 novi
835 3235 1066 3321 Testamenti
1080 3235 1256 3349 probaret
1271 3293 1286 3342 ,
1305 3233 1499 3322 mandavit
1514 3232 1744 3341 heredibus,
1761 3266 1810 3322 ne
1823 3267 1916 3323 com·

475 3362 699 3450 mentarium
717 3421 730 3465 ,
750 3356 863 3473 quod
879 3352 1054 3438 nondum
1071 3378 1261 3466 postrema
1281 3380 1397 3438 manu
1424 3377 1738 3468 recognoverat,
1767 3356 1911 3471 evulga-

475 3507 587 3587 rent,
621 3481 688 3568 sed
703 3477 808 3564 ad'te
834 3472 1057 3574 mitterent,
1079 3494 1124 3555 ut
1139 3469 1205 3557 illis
1232 3471 1304 3557 suis
1316 3469 1506 3557 laboribus
1532 3469 1757 3556 admonitus
1784 3502 1913 3587 posses,

474 3598 660 3704 sivelles,
691 3597 805 3684 libros
818 3617 906 3677 tuos
922 3588 1125 3674 emendate
1144 3647 1158 3693 ,
1179 3589 1269 3674 nihil
1294 3588 1368 3676 tale
1396 3587 1629 3674 hauddubie
1657 3590 1917 3695 mandaturus,

475 3717 726 3805 siambitione
741 3714 900 3814 ductus,
925 3735 1007 3792 non
1031 3705 1158 3792 studio
1187 3707 1385 3812 veritatis,
1417 3734 1503 3791 eam
1529 3704 1767 3820 provinciam
1799 3737 1919 3794 susce·

474 3834 598 3949 pisset.
628 3837 712 3920 Cur
727 3830 858 3935 enim,
879 3827 907 3910 si
932 3825 999 3910 sibi
1021 3823 1191 3910 conscius
1214 3849 1293 3929 erat
1313 3885 1326 3931 ,
1350 3851 1484 3939 parum
1523 3849 1589 3909 aut
1611 3822 1707 3906 nihil
1731 3824 1773 3909 in
1789 3825 1919 3911 chartis

473 3950 540 4038 illis
561 3950 773 4055 contineri,
802 3968 947 4062 praeter
969 3942 1424 4048 ambitiosascalumnias,
1446 3969 1540 4056 quas
1555 3966 1599 4028 tu
1625 3940 1789 4028 libenter
1816 3945 1856 4030 in
1884 3969 1919 4029 te

475 4070 718 4157 scribentibus
740 4064 900 4178 objicere
928 4061 1055 4166 soles,
1083 4070 1181 4175 opus
1207 4061 1382 4147 nondum
1414 4059 1572 4163 editioni
1607 4083 1806 4147 maturum
1838 4063 1921 4151 darc

475 4187 636 4276 l'rammis
656 4188 738 4273 non
764 4183 888 4300 potius
905 4179 1145 4266 mandasset?
1168 4180 1242 4266 Sed
1257 4181 1308 4265 ad
1323 4207 1434 4265 rem..
1468 4215 1472 4254 2
1530 4216 1535 4218 ·
1594 4214 1597 4231 ’
1649 4180 1653 4187 ’
2006 4265 2008 4294 ,

534 4309 713 4393 XXXllI.
774 4306 875 4388 Cum
890 4298 967 4412 ipse
988 4299 1122 4412 scripta
1136 4322 1204 4382 tua
1219 4297 1331 4384 toties
1348 4295 1600 4392 emendando
1615 4300 1764 4385 testeris
1796 4300 1923 4417 aliqua
2007 4297 2008 4309 '

476 4422 518 4509 in
533 4423 583 4508 eis
598 4453 705 4528 esse,
728 4414 827 4538 quae
840 4419 968 4504 limam
985 4422 1024 4502 et
1035 4443 1230 4501 censuram
1245 4415 1435 4530 patiantur
1449 4463 1470 4521 ,κ
1480 4445 1561 4524 non
1577 4416 1746 4504 debebas
1762 4444 1846 4505 tam
1859 4421 1925 4505 ob

476 4542 611 4630 stinate
628 4568 766 4656 negare
792 4538 896 4642 aliis,
925 4534 1035 4651 quod
1060 4535 1137 4650 ipse
1158 4534 1224 4619 tibi
1254 4534 1387 4649 passim
1411 4533 1621 4650 permittis,
1645 4564 1718 4620 nec
1753 4562 1836 4623 tam
1858 4567 1922 4653 pu·

475 4661 643 4779 gnaciter
659 4657 772 4744 semel
792 4658 895 4743 ‚dicta
918 4655 1013 4739 tueri
1036 4653 1076 4736 in
1100 4651 1259 4753 aliorum
1285 4651 1650 4755 admonitiones,ut
1666 4678 1708 4738 te
1732 4656 1827 4740 nihil
1849 4685 1916 4740 um·

474 4809 593 4896 quam
607 4803 745 4864 errasse
759 4774 956 4861 concedas.
987 4775 1040 4858 At
1071 4795 1152 4856 erat
1176 4767 1334 4858 lottasse
1356 4800 1441 4856 non
1465 4769 1597 4880 solum
1614 4769 1815 4891 theologo
1843 4795 1915 4878 ,ac

474 4898 636 4987 omuino
651 4895 870 5006 Christum
878 4888 1034 4981 bonine
1050 4889 1306 5010 dignius3,sed
1319 4889 1436 4980 etiam
1447 4889 1505 4979 ad
1513 4888 1750 5000 huutarrioris
1773 4887 1917 5012 ingenii,

669 5066 678 5082 «Ἴ
1006 5052 1009 5063 ·
1852 5037 1920 5097 ma·
