4192 5880
580 396 626 488 ,a
734 492 738 502 Ι
967 378 1186 466 RERUM
1223 390 1568 469 eustanum
2023 471 2025 478 s

511 512 512 515 ‘
552 541 613 604 res
628 513 789 632 Aegidio
813 513 888 629 iam
920 525 1030 600 antea
1052 500 1230 634 cognita,
1245 545 1316 632 pro
1335 509 1514 634 responso
1537 516 1730 637 legationis
1757 514 1850 607 litit.
1884 523 2006 612 Cum·

556 663 634 751 que
657 635 886 720 nuntiaretur
904 634 1063 720 Carolus
1091 641 1203 720 Senas
1229 638 1554 753 appropinquare,
1573 639 1752 757 Aegidius
1776 636 1889 728 officii
1919 674 2004 762 gra·

556 755 622 859 tia,
638 753 745 839 simul
755 754 782 839 si
798 779 920 870 posset
940 756 988 840 ab
1002 783 1050 839 eo
1062 755 1271 870 quidquam
1287 756 1406 840 auxilii
1421 758 1629 873 impetrare,
1646 761 1798 846 obviam
1811 763 2002 878 procedit.

557 879 596 960 A
611 903 693 990 quo
709 873 898 959 liberaliter
920 873 1232 990 indulgentetque
1250 901 1447 990 exceptus,
1465 905 1553 960 cum
1578 878 1760 965 ducentos
1786 881 1927 996 equites
1943 914 2004 968 au·

556 991 695 1078 xiliares
711 993 942 1099 obtinuisset,
965 991 1197 1109 fulgineum,
1214 992 1317 1077 unde
1332 1019 1503 1101 venerat,
1519 994 1638 1079 rediit.
1663 999 1791 1083 Paucis
1805 1000 1854 1084 ibi
1873 1000 2005 1087 diebus

554 1110 765 1216 traductis,
794 1111 885 1196 dum
906 1110 1061 1195 finitima
1074 1129 1076 1132 ’
1089 1112 1276 1227 quaedam
1303 1111 1443 1226 oppida
1474 1112 1675 1227 reciperet,
1704 1145 1870 1233 quorum
1898 1115 2003 1206 fuere

556 1227 719 1313 Nuceria
738 1291 749 1333 ,
770 1228 966 1313 Gualdum
983 1291 995 1334 ,
1013 1230 1227 1314 Caesarium
1242 1231 1427 1332 ,Carolus
1444 1231 1480 1318 in
1499 1233 1744 1318 Germaniam
1769 1235 2001 1352 regreditur.

452 1387 455 1393 ·
554 1347 731 1432 Percusso
747 1343 898 1432 foedere
922 1376 1010 1432 cum
1032 1346 1196 1462 Principe
1213 1347 1485 1433 Mediolanensi
1502 1410 1514 1454 ,
1531 1349 1597 1463 qui
1624 1379 1712 1435 cum
1744 1365 1849 1436 arma
1885 1353 2001 1469 depo

555 1465 684 1551 suisset
699 1526 711 1572 ‚
729 1465 944 1580 multosque
966 1491 1048 1551 tum
1080 1467 1250 1580 equites,
1266 1489 1349 1550 tum
1371 1467 1513 1580 pedites
1534 1467 1748 1553 dimisisset:
1778 1469 2002 1558 Malatestae

553 1612 598 1666 ac
614 1583 822 1670 Franciscus
838 1583 1075 1700 Ordelaphus
1099 1583 1286 1699 ceterique
1314 1583 1391 1697 eius
1415 1584 1500 1670 belli
1519 1585 1606 1669 socii
1636 1586 1718 1671 duo
1748 1585 1859 1671 millia
1890 1589 2002 1703 equi*

552 1723 635 1786 tum
653 1702 825 1819 milleque
849 1702 990 1818 pedites
1012 1730 1059 1788 ex
1079 1699 1143 1787 illis
1176 1703 1347 1788 mercede
1369 1702 1653 1788 conduxerunt:
1668 1703 1843 1818 adeoque
1868 1729 1996 1819 tyran·

554 1847 694 1905 norum
718 1820 897 1905 exercitus
912 1845 1042 1905 auctus
1057 1844 1112 1905 est
1126 1881 1138 1925 ,
1154 1844 1197 1906 ut
1220 1846 1479 1936 praeterquam
1498 1820 1606 1936 quod
1634 1821 1872 1907 multitudine
1899 1824 1998 1937 pedi·

549 1959 633 2022 tum
652 1939 886 2044 abundaret,
902 1966 1066 2054 quatuor
1084 1938 1236 2022 millium
1255 1967 1453 2024 numerum
1469 1939 1679 2054 equitatum
1699 1939 1875 2024 excedere
1901 1968 1999 2025 con-

357 2078 540 2190 ,⁰,‘”,²¹¹⁵⁵·,l}⁰·
551 2079 684 2141 staret.
713 2059 805 2152 Qua
824 2058 1018 2143 occasione
1033 2055 1244 2172 fiduciaque
1262 2083 1454 2173 persuasus
1470 2058 1629 2142 Gentilis
1648 2057 1866 2164 Molianus,
1883 2052 2000 2172 quem

355 2153 419 2251 «ii.
483 2153 538 2191 ‘⁶'
549 2191 663 2259 antea
684 2203 765 2259 non
780 2199 857 2260 tam
875 2173 993 2282 fides,
1009 2205 1126 2291 quam
1148 2177 1322 2260 merusin
1346 2171 1472 2261 officio
1487 2176 1750 2280 continuerat,
1769 2175 1818 2262 ab
1839 2176 2001 2291 Aegidio

549 2287 711 2397 defecit,
730 2321 844 2408 seque
871 2295 1040 2408 tyrannisv
1072 2294 1320 2411 aggregavit:
1347 2295 1414 2408 qui
1443 2292 1579 2378 coactis
1611 2292 1747 2378 viribus
1784 2321 2000 2409 magnaque

547 2434 674 2495 sumta,
695 2411 877 2515 audacia,
894 2441 975 2501 non
989 2410 1206 2497 dubitavere
1229 2440 1305 2497 sese
1331 2409 1573 2496 ecclesiastico
1600 2409 1773 2494 exercitui
1790 2439 1997 2523 opponere,

547 2552 587 2612 et
607 2553 741 2644 sponte
762 2530 813 2615 ad
838 2538 1009 2646 pugnam
1031 2557 1266 2644 provocare,
1298 2556 1471 2643 prorsus,
1500 2552 1545 2611 ut
1563 2554 1653 2610 cum
1668 2527 1851 2611 Nicolaus·
1864 2529 1999 2613 Azaio-

548 2643 625 2752 lus,
643 2646 699 2733 vir
715 2647 823 2732 rebus
839 2648 948 2763 gestis
969 2646 1116 2762 insignis
1129 2672 1167 2731 et
1180 2675 1328 2729 summa
1346 2644 1567 2730 auctoritate
1580 2644 1724 2760 gravis,
1748 2673 1863 2759 quem
1880 2648 2000 2762 vulgo

369 2774 372 2782 ’
406 2760 419 2784 ”
546 2793 729 2882 magnum
745 2764 1030 2850 architriclinum.
1042 2763 1153 2880 Regis
1168 2763 1305 2848 Siciliae
1324 2761 1586 2878 appellabant,
1604 2786 1805 2847 conaretur
1824 2761 1921 2846 inter
1945 2792 1995 2847 ‘u-

546 2904 702 2998 trosque
736 2882 878 2969 bellum
896 2883 1094 2987 dirimere,
1118 2881 1366 2986 Malatestae,
1382 2880 1453 2995 qui
1474 2906 1595 2994 nuper
1620 2880 1794 2965 omnibus
1832 2880 2001 2993 precibus

547 3000 688 3085 bellum
718 3001 1037 3116 deprecabantur,
1056 3023 1154 3087 tunc
1179 2998 1285 3086 velut
1312 2998 1507 3114 explorata
1529 2996 1711 3105 victoria,
1736 3026 1879 3114 magno
1902 2994 2001 3085 fastu

547 3146 681 3232 pacem
710 3120 964 3233 repudiarent.

608 3239 661 3321 X.
718 3240 814 3333 Quo
839 3237 1008 3355 cognite,
1026 3236 1216 3354 Aegidius,
1231 3237 1374 3322 etiamsi
1393 3263 1638 3321 nummorum
1665 3235 1792 3350 inopia
1817 3262 1997 3349 premere·

547 3377 633 3452 tur,
650 3354 717 3469 qui
739 3355 843 3440 nimis
859 3385 968 3471 parce
996 3386 1021 3440 a
1042 3354 1223 3440 Pontifice
1241 3355 1603 3470 suppeditabantur,
1627 3352 1839 3457 exhausto,
1859 3377 1905 3437 ut
1925 3353 2004 3468 ipse

547 3473 695 3558 dicebat
708 3536 724 3580 ,
737 3476 902 3579 aerario;
926 3499 1058 3560 tamen
1075 3473 1137 3559 vel
1150 3473 1303 3588 proprio
1319 3499 1448 3559 sumtu
1468 3502 1615 3560 nouum
1630 3469 1781 3556 militem
1812 3470 2002 3556 conduce-

548 3619 589 3675 re
612 3592 759 3678 statuit.
789 3599 841 3680 Et
855 3592 1012 3709 quidem
1040 3592 1128 3678 satis.
1154 3617 1375 3706 opportune
1400 3590 1558 3694 accidit,
1576 3613 1620 3674 ut
1645 3586 1804 3674 sexcenti
1834 3588 2001 3702 equites,

547 3710 614 3821 qui
640 3710 836 3796 Bononiae
869 3709 1037 3823 praesidii
1061 3709 1182 3826 gratia.
1205 3709 1490 3809 hiemaverant,
1514 3707 1630 3823 paulo
1657 3729 1746 3792 ante
1774 3735 1800 3789 a
1831 3705 1999 3820 Principe

546 3827 826 3914 Mediolanensi
850 3826 1018 3934 dimissi,
1045 3852 1084 3913 et
1100 3826 1373 3913 conductorem
1395 3850 1658 3943 exspectantes*
1676 3824 1715 3910 in
1743 3824 1878 3909 eadem
1911 3826 2004 3908 urbe

544 3950 890 4033 commorarentur.
924 3946 994 4031 His
1010 3947 1136 4062 itaque
1159 3946 1381 4050 conductis,
1399 3946 1568 4060 peditum
1599 3949 1711 4028 etiam
1741 3942 1871 4028 habito
1894 3942 1995 4026 dele-

546 4087 610 4148 ctu
627 4127 639 4169 ,
657 4065 842 4181 supplevit
857 4063 1011 4180 quidem
1034 4065 1234 4151 exercitum
1247 4092 1264 4166 ·,
1276 4064 1341 4150 sed
1367 4064 1492 4149 adhuc
1523 4061 1690 4146 hostibus
1722 4087 1883 4177 numero
1912 4058 2004 4142 mili·

545 4203 630 4266 tum
646 4183 790 4297 impar,
809 4183 1025 4269 conandum
1040 4184 1192 4286 statuit,
1209 4182 1238 4266 si
1255 4210 1333 4297 qua
1355 4181 1501 4266 ratione
1522 4180 1686 4263 hostium
1711 4176 1840 4292 copiae
1849 4200 2003 4289 possent

350 4300 727 4409 „„„„,0.‹listineri.
761 4306 842 4415 lpse
856 4300 972 4417 igitur
987 4330 1069 4387 suas
1085 4300 1262 4415 partitur.
1288 4297 1429 4408 Maiori
1442 4296 1537 4413 parti
1551 4292 1752 4412 Allonsum
1767 4292 2001 4379 Toletanum

351 4412 532 4523 lsslglffli
547 4415 737 4532 praeficit,
758 4443 796 4504 et
812 4418 851 4504 in
866 4449 1001 4536 agrum
1015 4418 1284 4506 Ariminensem
1302 4417 1462 4520 ducere,
1481 4415 1685 4528 omniaque
1713 4410 1812 4497 ferro
1836 4408 2000 4508 flamma·

350 4547 425 4644 {1:¹ss
451 4546 533 4594 ΡΜ·
546 4565 622 4652 que
641 4560 792 4625 vastare
803 4536 982 4653 imperat.
1012 4537 1074 4624 llle
1087 4546 1168 4622 non
1182 4536 1354 4651 segnius,
1372 4562 1416 4620 ac
1438 4531 1552 4646 jussus
1568 4528 1689 4622 l'uerat
1703 4589 1722 4636 ,.
1734 4531 1911 4646 imperata
1940 4556 2004 4615 ex·

546 4671 693 4742 ‘secutus
709 4720 721 4763 ,
737 4682 781 4744 et.
802 4656 919 4744 obvia
947 4683 1122 4772 quaeque
1147 4643 1376 4770 populatus,
1396 4652 1546 4740 duobus
1568 4652 1618 4736 ab
1636 4653 1728 4737 urbe
1756 4643 1914 4733 millibus
1937 4673 2005 4731 ca·

546 4797 781 4861 strametatus
810 4799 864 4861 est
882 4806 892 4858 t
912 4775 1074 4889 indeque
1095 4774 1229 4859 crebris
1252 4771 1521 4859 incursionibus
1553 4799 1663 4888 agros
1692 4763 1915 4852 infestabat:
1934 4792 2004 4851 nec

543 4921 780 5014 quemquam
821 4893 955 4981 urbem
987 4891 1133 5011 ingredi
1172 4892 1350 5012 egredive
1378 4891 1604 5008 patiebatur.
1639 4885 1763 4994 Quod
1789 4913 1877 4972 cum
1910 4907 2004 4969 esset

1943 5026 2004 5115 ψ,
