4050 5858
1101 428 1107 440 .
1515 362 1579 433 ηε

419 525 489 595 nn
519 527 734 596 ommuni
764 502 823 596 aa
852 469 1155 597 crumenarum
1184 472 1330 595 vmtrar
1419 474 1423 479 ⁵
1496 504 1499 508 ’

148 704 201 792 D.
244 708 592 792 PERNANDUM
638 706 965 793 TOLETUM
1009 703 1354 796 AlBANORUM
1400 704 1599 790 DUCEM

82 839 88 847 ’
308 906 401 1001 Jo.
458 907 821 1022 oauasrr
877 895 1438 1019 sunkuav‘aona
1580 1000 1584 1012 1

517 1093 1224 1236 Democrates,

717 1363 718 1366 ,
798 1307 933 1370 SIVE

135 1472 232 1590 vDE
254 1485 765 1591 CONVENIENTIA
795 1473 1198 1613 DISCIPLINAE
1234 1467 1588 1646 MILITARISf

129 1725 133 1730 ’
256 1693 377 1763 CUM
416 1693 769 1762 CHRISTIANA
808 1695 1133 1764 RELIGIONE
1172 1689 1484 1776 DIALOGUS.

583 1991 586 1995 y
637 1895 1092 1978 PRAEFATIO.

138 2042 317 2215 CUM
344 2117 557 2205 Bononiam
584 2119 765 2210 venissem
781 2119 1019 2209 Clementem
1046 2118 1267 2208 Pontificem
1299 2114 1502 2207 mmimum
1528 2149 1582 2206 se·

142 2258 282 2339 cutus,
315 2264 397 2349 quo
430 2261 602 2352 tempore
623 2238 682 2321 hic
713 2243 840 2324 Roma
864 2239 1080 2354 profectis,
1114 2264 1154 2326 er
1176 2236 1337 2323 Carolus
1365 2243 1517 2324 Caeso
1536 2268 1582 2327 er

142 2351 362 2437 Pannonico
391 2353 492 2439 bello
528 2383 725 2459 reversus,
746 2357 795 2442 de
818 2359 970 2443 summis
995 2357 1168 2443 videlieet
1198 2356 1309 2439 rebus
1339 2355 1582 2470 colloquendi

141 2470 260 2584 gratia
281 2468 322 2555 in
342 2499 427 2555 eam
449 2473 582 2557 urbem
603 2497 892 2580 convenerunt,
908 2474 1157 2592 gratissimum
1181 2472 1271 2557 mihi
1296 2468 1365 2555 fuit
1393 2499 1479 2586 post
1498 2472 1581 2557 lon·

139 2586 229 2699 gain
259 2617 382 2672 meam
406 2588 536 2674 deoem
558 2615 596 2675 et
616 2615 707 2676 octo
734 2591 922 2678 annorum
945 2593 984 2676 in
1012 2591 1115 2677 Italia
1130 2588 1466 2705 peregrinationem
1486 2590 1581 2674 mul·

29 2773 37 2780 .
136 2725 202 2788 tos
216 2731 262 2789 ex
278 2705 445 2821 Hispana
461 2705 657 2792 nobilitate
669 2737 837 2792 summae
859 2709 936 2822 spei
956 2710 1207 2796 adolescentes
1223 2706 1371 2812 videre,
1385 2732 1424 2794 et
1439 2707 1581 2822 aliquo·

138 2848 223 2906 rum
251 2821 509 2935 jucundissima
531 2825 803 2912 consuetudine
825 2827 1094 2943 colloquioque
1115 2822 1209 2911 frui.
1239 2825 1314 2910 Sed
1329 2853 1391 2909 me
1406 2825 1578 2914 omnium

140 2940 302 3026 maxime
329 2941 553 3047 delectavit,
573 2944 681 3059 quod
712 2942 878 3056 ipsorum
909 2946 1095 3060 quosdam
1120 2942 1394 3050 animadverti,
1419 2971 1500 3028 non
1527 2945 1580 3032 ad

139 3083 245 3142 arma
266 3058 416 3164 solum,
432 3059 498 3145 sed
521 3061 571 3146 ad
594 3061 730 3147 litteras
755 3060 865 3148 etiam
880 3087 1026 3176 praeter
1051 3089 1198 3147 morem
1221 3084 1370 3145 nosttae
1387 3061 1507 3176 gentis
1521 3059 1579 3145 fa-

137 3198 221 3261 ctos
245 3205 323 3262 esse
343 3177 596 3292 procliviores·
628 3178 732 3272 Prius
761 3179 860 3264 enim
882 3180 1104 3265 rarissimum
1128 3203 1208 3263 erat
1223 3177 1436 3290 Hispanum
1461 3178 1578 3264 homi·

138 3318 227 3378 nem
259 3293 387 3382 illustri
413 3293 501 3381 loco
530 3321 663 3381 natum
694 3295 821 3384 videre
837 3357 849 3403 ‚
865 3297 932 3413 qui
955 3297 1015 3384 vel
1039 3296 1175 3382 litteras
1190 3294 1339 3380 Latinas
1367 3293 1574 3382 didicisset:

136 3412 252 3511 credo
275 3439 427 3530 propter
447 3412 544 3498 bella
560 3475 573 3517 ,
588 3443 687 3529 quae
709 3413 783 3527 nm
799 3413 889 3502 olim
913 3444 937 3500 a
957 3414 1088 3501 nostris
1112 3414 1208 3499 ittrra
1224 3411 1442 3526 Hispaniam
1457 3412 1578 3528 ipsam

135 3552 226 3613 cum
248 3530 479 3618 Christianae
509 3531 696 3649 religionis
719 3532 888 3617 hostibus
918 3562 1037 3646 paene
1060 3531 1295 3618 continenter
1323 3529 1551 3646 gerebantur
1559 3564 1579 3612 a·

122 3647 241 3729 ‘Nam
269 3650 390 3736 studia
420 3649 676 3736 doctrinarum
708 3646 807 3763 pacis
839 3649 918 3735 oria
938 3647 1013 3735 fere
1038 3671 1340 3764 persequuntur:
1371 3646 1436 3730 sed
1469 3674 1572 3760 post·

132 3791 252 3879 quam
280 3765 375 3852 haec
402 3767 633 3882 optimorum
653 3765 985 3882 religiosorumque
1007 3767 1218 3881 Principum
1241 3762 1424 3850 Fetnandi
1446 3787 1486 3849 et
1506 3768 1576 3849 isa·-

133 3881 252 3970 bellae
279 3884 420 3972 vvirtute
452 3908 491 3968 et
517 3885 692 3999 sapientia
722 3883 812 3969 data
844 3885 955 3970 nobis
981 3910 1036 3970 est
1060 3911 1100 3971 et
1121 3881 1374 3984 sublimata,
1403 3880 1573 3984 hostibus

132 4002 267 4112 partim
287 4002 519 4119 subjugatis,
536 4004 668 4117 partim
687 4001 802 4087 etiarn
820 4001 946 4088 deletis
963 4069 973 4104 ‚
990 4003 1029 4087 in
1056 4004 1132 4089 dies
1147 4045 1160 4105 5
1177 4026 1226 4088 ut
1236 3998 1381 4107 video,
1398 3993 1577 4112 frequen*¹

132 4117 244 4204 tiores
274 4121 527 4207 adolescentes
555 4150 602 4205 ex
632 4118 826 4206 nobilitate
856 4121 1061 4227 exsistunt,
1089 4120 1157 4234 qui
1187 4126 1373 4203 conentur
1402 4115 1577 4205 bellicam

130 4232 316 4346 majorum
338 4238 496 4354 gloriam
524 4237 635 4325 laude
658 4266 815 4353 quoque
841 4238 1032 4324 doctrinae
1059 4265 1165 4323 more
1194 4258 1363 4321 veterum
1380 4237 1576 4324 Romano·

128 4380 217 4438 rum
234 4357 423 4441 cumulare
475 4355 549 4441 Sed
572 4354 663 4440 illud
688 4350 757 4439 fuit
775 4354 1041 4469 permolestum
1058 4414 1070 4457 ,
1086 4352 1195 4467 quod
1212 4352 1376 4467 ipsorum
1389 4379 1471 4436 non
1486 4382 1579 4466 pau«

119 4498 198 4569 (0³
221 4473 386 4585 perspexi
407 4472 588 4589 ¹scrupulis
611 4470 835 4589 quibusdan
857 4471 1075 4586 religionem
1103 4468 1369 4588 attingentibus
1391 4466 1574 4572 solicitari,

187 4590 291 4675 Tom.
308 4589 376 4674 W.
906 4585 957 4672 Fl'
1478 4612 1581 4700 quos
1700 4662 1704 4664 ,

154 4823 176 4870 ¹
207 4824 243 4882 In
257 4825 384 4886 editione
400 4825 571 4888 Coloniensi
586 4823 752 4884 inscribitur
768 4823 816 4884 hie
829 4821 992 4901 Dialogus:
1011 4823 1061 4884 De
1074 4823 1223 4884 honestate
1236 4816 1411 4897 disciplinae
1422 4812 1577 4877 militaris.
1644 4890 1653 4905 .
