4140 5872
105 462 110 466 ,
678 390 1089 467 prunetum.
1470 345 1572 470 ἰιι

140 513 239 608 tuit
245 512 453 638 digressu,
469 518 578 635 quod
595 541 793 632 tamquam
821 517 965 603 senium
985 517 1063 629 ejus
1087 519 1267 625 dicitur,
1276 547 1440 608 remeare
1456 523 1597 657 incipit,

136 666 348 773 rursusque
370 666 495 724 novus
525 635 763 751 appellatur)
785 636 1115 745 celebrandum,
1106 671 1181 752 pam
1211 640 1556 755 quartodecimo
1524 668 1595 724 err

145 755 235 842 citer
260 781 347 872 post
368 754 429 842 die
459 754 696 859 celebratur,
720 783 765 838 ac
787 755 899 855 ceteri
922 785 1056 842 omnes
1083 752 1164 844 festi
1179 757 1256 844 dies
1281 760 1420 854 eodem
1443 755 1591 868 modo:

142 899 184 960 et
207 899 380 962 vetertun
405 873 610 959 medicinae
643 873 770 987 reique
793 873 949 958 rusticae
973 899 1173 960 auctorum
1188 904 1412 991 praecepta,
1431 903 1469 962 et
1486 904 1589 961 ιιιοι

143 990 287 1080 talibus
304 988 517 1096 utilissima,
533 1019 579 1075 ac
607 990 731 1104 potius
746 991 947 1100 necessaria
962 990 1131 1078 doctrina
1154 1018 1272 1107 ,qua
1295 1018 1424 1106 return
1447 1017 1589 1107 tempe-

145 1109 323 1197 stivitates
362 1052 641 1224 prudentissime
671 1090 829 1204 traditae
859 1134 982 1214 sunt,
1017 1098 1180 1195 multum
1212 1111 1414 1231 abhorreat
1443 1109 1493 1194 ab
1516 1109 1590 1195 hac

148 1248 368 1341 temporum
390 1255 568 1341 perversa
597 1224 910 1341 computatione.
947 1225 1063 1311 Unde
1091 1253 1253 1343 magnus
1275 1224 1380 1312 error
1403 1226 1442 1311 in
1467 1226 1587 1314 vitam

141 1342 345 1430 hominum
362 1343 562 1451 inductus,
579 1343 646 1428 nist
635 1343 911 1448 cohibeatur,
928 1342 1069 1429 infinite
1082 1370 1221 1431 crescat
1237 1373 1384 1431 necesse
1403 1368 1483 1429 est.
1509 1344 1586 1432 Sed

141 1478 234 1545 cum
248 1459 357 1573 hujus
379 1462 511 1546 erroris
525 1407 752 1548 einendandi
769 1402 960 1575 duplex
934 1486 980 1546 stt
1004 1460 1128 1569 ratio,
1144 1485 1318 1547 neutram
1341 1460 1518 1547 intactam
1533 1489 1583 1546 ro

140 1575 312 1694 linquere
343 1578 539 1664 consilium
568 1575 664 1663 luit:
697 1578 765 1663 sed
791 1577 976 1684 alteram,
1006 1607 1106 1694 quae
1135 1579 1187 1696 ad
1207 1578 1297 1665 caeli
1322 1603 1585 1713 astrontmque

98 1705 115 1721 ’
136 1721 298 1781 motum
330 1694 524 1810 pertinet,
542 1694 680 1780 idcireo
710 1693 841 1782 leviter
865 1720 905 1780 et
931 1696 1144 1782 summatim
1167 1692 1357 1813 perstrinxi
1373 1758 1392 1803 ,
1396 1689 1584 1831 'quoniam

137 1812 285 1898 dehac
308 1813 423 1901 video
448 1812 637 1927 quosdam
663 1812 873 1930 astrologos
902 1813 1096 1930 diligenter
1126 1838 1166 1899 et
1191 1815 1305 1900 docte
1330 1841 1375 1898 ac
1392 1813 1493 1927 ituris
1513 1842 1584 1900 vo·
1724 1905 1726 1922 ἶ

143 1927 349 2014 luminibus
377 1930 614 2016 dissenusse:
640 1928 823 2036 alteram,
840 1959 940 2065 quae
964 1929 1150 2019 civilem
1139 1930 1410 2018 sustitutionem
1430 1954 1474 2016 et
1501 1930 1582 2044 jura

139 2046 338 2133 venustatis
358 2045 533 2163 attingit,
559 2046 763 2133 accuratius
787 2047 1054 2162 explicuimus.
1082 2049 1197 2148 Quae
1226 2078 1315 2144 cum
1329 2049 1374 2133 sit
1389 2047 1495 2136 velut
1521 2075 1583 2132 ca·

134 2187 214 2278 put
242 2163 362 2299 hujus
375 2163 602 2299 quaestionis
623 2189 662 2251 et
683 2193 790 2280 quast
778 2161 1224 2282 fundamentumque
1252 2165 1320 2251 nin
1308 2164 1470 2250 debeat
1497 2186 1581 2250 tota

140 2280 382 2367 correctionis
400 2280 522 2390 ratio,
538 2280 654 2370 miror
678 2280 855 2401 equidem
880 2312 967 2371 eam
994 2306 1075 2371 tant
1102 2282 1376 2401 negligentem
1398 2279 1582 2396 prioribus

142 2393 255 2486 fuisse
281 2421 498 2487 tractatam.
531 2400 641 2489 Vale.
