4050 5858
621 406 823 479 LIBER
870 407 917 474 ΙΙ.
1409 415 1479 498 269
1556 413 1561 422 '

62 497 201 624 quihus
229 501 294 619 ipsi
322 527 404 589 non
428 500 661 593 abhorrent?
690 507 792 589 Nam
816 502 883 615 qui
906 524 1068 587 mortem
1096 497 1338 620 perhorrescit
1355 568 1367 613 ,
1383 531 1421 592 et
1446 538 1503 594 res

66 648 234 710 externas
257 622 372 738 longe
397 621 537 707 virtute
563 616 751 707 inferiores
775 618 886 734 pluris
909 617 997 705 facit
1014 681 1025 725 ,
1042 648 1159 737 quam
1190 653 1259 737 pro
1282 626 1442 739 ipsarum
1458 625 1507 711 di·

70 742 209 876 gnitate
226 739 283 846 ,is
313 768 398 824 non
427 767 468 823 re
495 763 644 824 tantum
661 800 674 845 ,
690 739 755 824 sed
775 738 889 823 etiam
917 739 1072 824 nornine
1095 740 1308 855 philosophi
1335 741 1510 877 indignus

68 882 125 944 est
140 919 153 964 ,
169 888 206 943 rn
229 885 391 974 quarum
417 884 540 940 rerum
556 856 789 972 despicientia
814 851 997 942 fortitudo
1020 880 1059 941 et
1082 859 1304 975 magnitudo
1328 862 1441 944 anrmi
1456 863 1510 946 ni·
1645 904 1662 925 ·

70 976 193 1062 tescit.
220 982 316 1061 Are.
347 972 454 1073 Quid
469 974 581 1090 igitur
596 992 728 1058 causae
743 973 956 1088 philosophi
978 970 1139 1059 afferunt
1156 1037 1168 1081 ,
1183 1005 1250 1061 cur
1264 977 1410 1112 injurias
1427 1009 1508 1093 per·

71 1094 176 1227 sequi
192 1155 205 1197 ,
223 1092 382 1209 gloriam
400 1118 571 1205 expetere
586 1092 761 1177 vitiosum
778 1115 913 1205 putent
929 1152 942 1196 ‚
959 1093 1118 1207 quando
1143 1118 1270 1210 aperte
1298 1095 1406 1181 nobis
1429 1127 1512 1184 non
1566 1194 1567 1198 Ν

69 1208 157 1296 hcet
181 1212 231 1294 ab
252 1210 417 1324 ipsorum
441 1207 612 1294 tribunali
627 1217 860 1344 provocare}
883 1208 992 1324 quod
1016 1209 1105 1294 mihi
1133 1242 1213 1297 non
1230 1213 1346 1330 magis
1367 1213 1521 1301 rationi?

69 1327 144 1413 bus
159 1388 171 1434 ,
187 1355 303 1443 quam
325 1326 544 1412 auctoritate
569 1351 636 1411 tua
658 1325 863 1440 persuasisti
876 1388 888 1430 ,
903 1355 992 1411 cum
1017 1351 1054 1412 te
1080 1355 1119 1413 et
1143 1355 1334 1415 strenuum
1362 1331 1514 1421 militem

71 1472 113 1531 et
129 1447 251 1535 virum
279 1442 562 1531 eruditissimum
584 1468 664 1529 tam
688 1439 882 1560 magnifice
899 1445 1049 1530 videam
1077 1446 1126 1531 de
1151 1447 1512 1563 plrilosophisfsentl

71 1591 132 1648 re.
167 1569 265 1647 Dur.
285 1561 392 1658 Quid
408 1562 509 1648 aliud
532 1591 609 1647 esse
634 1589 766 1646 causae
789 1584 899 1674 putas
915 1622 928 1667 ,
945 1560 1012 1645 nisi
1040 1565 1147 1677 quod
1173 1566 1211 1651 id
1238 1566 1351 1683 longe
1377 1568 1514 1656 abhor-

73 1703 131 1766 ret
153 1681 203 1767 ab
224 1708 270 1765 ea
285 1742 298 1787 ,
314 1710 432 1796 quam
454 1679 565 1767 toties
590 1679 854 1783 nominamus,
874 1678 1129 1794 magnitudine
1154 1683 1289 1768 animi?
1304 1691 1391 1771 Am.
1406 1688 1515 1784 Quid

70 1797 153 1903 ais,
175 1803 449 1884 Democrates?
481 1824 608 1883 nonne
641 1796 717 1882 hoc
745 1795 1066 1904 mauritanea,
1095 1824 1133 1885 et
1163 1824 1308 1915 praeter
1340 1804 1514 1889 omnium

69 1913 272 2001 hominum
288 1913 535 2001 sententiam?
565 1921 665 1999 Dm
694 1914 955 2026 Imperitorum
971 1911 1123 2002 fortasse
1139 1978 1151 2022 ,
1168 1943 1208 2003 et
1228 1919 1295 2033 qui
1311 1922 1433 2005 rerum
1452 1950 1515 2008 ve-

71 2032 222 2119 ritatem
238 2033 342 2149 vulgi
363 2031 548 2118 erroribus
564 2031 790 2117 metiuntur.
826 2036 929 2116 Nam
946 2032 1012 2147 qui
1039 2035 1256 2149 sapientium
1274 2036 1517 2152 philosopho·

73 2177 158 2239 rum
185 2174 384 2265 praecepta
411 2148 605 2251 didicerit,
629 2172 667 2234 et
695 2149 1022 2265 magnanimorum
1039 2154 1206 2239 virorum
1231 2150 1330 2239 facta
1350 2179 1389 2240 ct
1415 2157 1517 2242 insti-

73 2290 158 2354 tuta
184 2267 421 2376 meminerit,
444 2267 473 2353 is
499 2268 620 2353 multo
647 2296 751 2353 secus
780 2265 1018 2354 existimabit.
1050 2276 1112 2355 Ne
1145 2294 1283 2355 temere
1309 2270 1418 2386 iginrr
1449 2299 1516 2362 aut

75 2415 292 2505 arroganter
321 2419 472 2475 causam
488 2388 566 2474 sine
588 2386 804 2473 auctoribus
819 2410 859 2469 et
886 2386 1039 2470 testibus
1060 2416 1171 2504 agere
1189 2387 1407 2495 videamur,
1426 2420 1517 2504 ope·

75 2532 140 2591 rae
169 2508 327 2619 pretium
350 2506 462 2594 haesit
478 2505 536 2614 ,si
557 2505 623 2592 tibi
653 2503 826 2608 videtur,
844 2502 937 2618 quid
967 2504 1115 2590 maximi
1138 2504 1206 2592 viri
1230 2504 1278 2589 de
1299 2501 1518 2594 fortitudine

76 2651 123 2707 ac
143 2625 401 2742 magnitudine
432 2624 545 2709 animi
575 2623 854 2739 praeceperint,
885 2620 1010 2736 paucis
1036 2622 1155 2712 verbis
1186 2622 1388 2738 explicare.
1427 2629 1515 2715 Aa.

74 2741 177 2827 Mihi
200 2774 292 2831 vero
318 2741 662 2830 commodissimum
692 2742 866 2830 videtur.

133 2861 224 2947 XX.
286 2869 387 2948 Dan.
432 2865 487 2947 Ut
512 2890 698 2946 summam
722 2859 834 2977 igitur
852 2859 904 2945 rei
928 2858 1044 2973 paulo
1060 2858 1166 2947 altius
1188 2885 1397 2978 repetamus
1413 2921 1426 2967 ,
1442 2859 1518 2950 fot·

74 2976 300 3085 titudinem,
317 2976 471 3066 Allonse
488 3038 502 3084 ‚
517 3004 557 3064 et
586 2978 884 3094 magnitudInem
912 2978 1026 3063 animi
1056 2979 1165 3065 multi
1185 3009 1264 3065 non
1283 2982 1376 3066 duas
1404 2980 1517 3068 virtu·

75 3098 133 3180 tes
157 3124 234 3183 csse
256 3121 512 3212 putaverunt,
528 3097 597 3183 sed
618 3125 737 3181 unam
770 3097 966 3182 dumtaxat
987 3095 1135 3181 duobus
1159 3099 1371 3184 nominibus
1398 3100 1520 3213 appel·

75 3210 191 3300 latam
207 3277 220 3322 ,
238 3244 337 3332 quae
360 3214 528 3301 latissime
549 3238 704 3330 pateat,
721 3213 979 3330 pertineatque
1004 3241 1084 3297 non
1109 3214 1230 3299 solum
1254 3217 1304 3302 ad
1330 3215 1518 3305 malorum

76 3333 380 3447 perpessionem,
404 3358 442 3419 et
467 3334 517 3419 ad
550 3332 680 3419 mortis
712 3355 865 3448 propter
895 3331 1129 3416 honestatem
1152 3334 1395 3468 pppetendae
1423 3361 1516 3418 con·

75 3470 263 3560 temtum,
279 3454 345 3539 sed
366 3452 416 3539 ad
433 3450 604 3537 omnium
629 3479 753 3535 rerum
776 3474 1013 3536 externarum
1028 3447 1301 3562 despicientiam
1323 3479 1516 3567 :quorum
1589 3467 1592 3478 ‘

72 3571 259 3656 sententia
287 3599 313 3654 n
364 3571 412 3655 ue
440 3569 688 3684 improbanda
714 3593 769 3654 est
784 3629 797 3674 ,
814 3595 883 3652 nec
911 3567 940 3652 si
971 3566 1123 3653 rationis
1149 3599 1335 3653 summam
1358 3592 1513 3681 spectes,

76 3685 239 3770 multum
262 3688 356 3774 dissi
370 3711 409 3773 et
434 3718 458 3772 a
485 3687 758 3801 Peripateticis:
783 3713 853 3770 nos
876 3707 1004 3769 tamen
1034 3712 1234 3801 sequemur
1259 3684 1513 3791 Aristotelem,

74 3799 143 3914 qui
164 3798 419 3891 fortitudinem
443 3838 467 3891 a
497 3803 801 3921 magnanimitate
829 3801 1083 3918 distinguens,
1102 3803 1293 3918 utriusque
1318 3828 1514 3917 praecepta

74 3917 147 4010 dat
157 3923 375 4037 separatim,
391 3950 436 4006 ac
450 3921 751 4037 prudentissime,
767 3944 811 4005 ut
826 3945 968 4025 cetera,
982 3918 1252 4036 diligenterque
1267 3921 1512 4035 persequitur.

72 4036 167 4121 Hoc
185 4039 297 4156 igitur
328 4067 481 4125 auctore
508 4034 764 4126 fortitudinem
788 4036 1021 4154 intelligimus
1048 4038 1226 4123 virtutem
1243 4098 1255 4143 ,
1272 4036 1443 4122 audacias
1475 4064 1515 4125 et

1559 3710 1598 3760 De
1610 3707 1707 3758 ratione

1529 3764 1683 3815 tortitudinis
1698 3802 1707 3828 ,

1529 3837 1554 3873 et
1576 3829 1709 3886 opposito·

1528 3897 1583 3933 rum
1631 3886 1709 3934 vitio·

1529 3957 1584 3992 rum
1594 3976 1603 4001 ,
1613 3958 1638 3993 er
1652 3944 1706 4002 ejus

1529 4005 1672 4064 speciebus.

76 4150 225 4242 timores
244 4159 282 4243 in
306 4157 487 4244 adeundis
512 4157 805 4270 sustinendisque
821 4154 1024 4241 honestatis
1051 4155 1170 4269 gratia
1195 4153 1324 4239 mortis
1347 4153 1513 4268 periculis
1542 4206 1546 4209 >

76 4269 222 4357 ratione
243 4277 524 4362 moderantem.
550 4275 654 4360 licet
675 4275 775 4359 enim
796 4273 909 4358 timor
935 4297 974 4357 et
996 4271 1150 4356 audacia
1172 4271 1340 4357 latissime
1361 4296 1515 4386 pateant
1554 4372 1557 4380 Δ

72 4382 91 4498 (
100 4413 236 4475 cuncta
250 4393 348 4477 enim
365 4392 462 4477 mala
478 4415 696 4477 metuuntur
714 4453 727 4496 ,
744 4415 787 4476 ut
803 4413 999 4505 paupertas
1018 4447 1031 4493 ,
1047 4384 1198 4473 infamia
1218 4449 1230 4493 ,
1246 4389 1422 4504 morbus)
1434 4421 1516 4477 non
1607 4456 1608 4459 a

73 4526 205 4591 tamen
235 4507 272 4591 in
303 4511 435 4596 harum
467 4539 591 4595 rerum
614 4508 807 4595 timoribus
837 4505 1086 4619 temperandis
1114 4502 1297 4593 fortitudo
1322 4508 1514 4593 cernitur:

72 4624 166 4707 nam
191 4627 380 4737 quaedam
410 4627 507 4712 mala
537 4628 667 4712 timete
695 4655 774 4710 non
802 4621 922 4708 modo
950 4650 1030 4708 non
1060 4647 1196 4738 turpe,
1220 4625 1285 4710 sed
1315 4624 1518 4710 honestum

71 4739 188 4826 etiam
203 4742 363 4831 habetur
379 4777 389 4828 ε
406 4741 596 4830 infamiam
622 4770 787 4856 namque
803 4764 969 4825 metuere
994 4742 1186 4858 probitatis
1201 4767 1257 4827 est
1280 4764 1319 4825 et
1341 4771 1519 4830 verecun-

68 4855 161 4944 ch'ae
175 4887 188 4964 3
204 4889 286 4952 non
311 4865 441 4952 timere
458 4923 472 4974 ,
489 4861 644 4953 vicissim
668 4857 922 4975 impudentiae
940 4890 950 4946 :
967 4858 1038 4945 alia
1063 4887 1181 4967 vero,
1198 4881 1242 4944 ut
1269 4883 1465 4976 paupertas
1481 4882 1520 4943 et

132 5022 134 5027 ·
1421 5003 1522 5062 mor·
