4050 5858
642 388 844 461 LIBER
894 385 940 455 11.
1448 386 1515 481 283

114 519 282 657 generari
312 543 484 638 queant,
509 547 580 605 nec
612 518 685 603 suis
716 516 929 605 muneribus
958 542 1157 633 generatae
1186 513 1324 634 fungi.
1347 517 1463 605 Aliud
1489 543 1543 606 est

108 640 210 734 enim
234 641 445 729 studiosum
474 668 578 743 esse,
602 637 704 725 aliud
737 636 901 724 studiose
926 632 1068 721 facere.
1099 641 1202 721 Nam
1227 636 1302 721 hoc
1324 664 1380 724 est
1404 634 1544 725 fortem

65 784 597 896 esse,temperante1nque
624 783 663 843 et
689 756 829 892 justum
848 814 862 861 ,
878 755 928 843 sic
954 755 1162 870 appetitum
1191 756 1330 842 habere
1356 747 1638 843 domitum¹’‘⁰'

103 906 143 972 t
174 879 352 966 allectum
375 879 521 968 virtutis
551 875 713 982 habitu,
728 900 771 961 ut
799 876 838 959 in
866 875 1033 988 periculis
1062 873 1299 980 obeundis,
1290 904 1329 958 tn
1356 761 1659 990 capiendis

89 998 410 1114 voluptatibus,
398 1028 440 1082 ιιι
464 997 693 1084 commerciis
717 1021 757 1080 er
773 992 1091 1080 distributionibus
1116 1019 1266 1108 paratus
1289 994 1334 1080 sit
1349 1054 1361 1098 ‚
1377 995 1543 1131 velitque

92 1147 224 1234 patere
252 1142 375 1203 rectae
398 1115 555 1204 ra'tioni.
587 1120 689 1200 Nam
719 1114 802 1198 licet
832 1110 1009 1199 voluntas
1038 1110 1188 1227 proprie
1215 1141 1302 1196 cum
1324 1113 1469 1199 ratione
1490 1114 1545 1198 in·

95 1236 287 1352 telligatur
304 1297 316 1342 ,
335 1233 430 1324 velle
459 1260 586 1320 tamen
615 1233 804 1318 interdum
825 1258 1073 1346 quocumque
1096 1231 1265 1346 appetitu
1286 1230 1441 1316 dicimur
1462 1260 1547 1346 per·

94 1355 255 1471 vulgata
282 1353 550 1456 translatione,
567 1377 612 1437 ut
632 1352 728 1439 velle
757 1378 945 1456 coenare,
962 1350 1057 1435 velle
1088 1349 1280 1435 dormire:
1297 1378 1375 1464 qua
1396 1351 1546 1437 transla-

93 1472 198 1564 tione
221 1502 309 1559 usus
334 1472 423 1558 mihi
450 1500 526 1560 esse
541 1470 691 1558 videtur
707 1467 950 1572 Aristoteles,
970 1497 1058 1553 cum
1081 1466 1237 1579 justitiae
1253 1467 1544 1605 disputationem
1559 1513 1638 1600 ιιι.
1618 1527 1701 1571 r

94 1590 288 1678 exordiens
314 1592 511 1727 diceret,
500 1589 676 1705 justitiam
692 1615 769 1674 esse
788 1617 895 1702 ,qua
909 1616 977 1702 qur
966 1584 1146 1672 affectus
1168 1612 1223 1673 cst
1238 1647 1250 1691 ,
1264 1585 1358 1699 juste
1382 1587 1488 1704 agit,
1506 1611 1547 1676 et

93 1707 190 1823 justa
218 1710 331 1815 vult,
350 1710 416 1795 nisr
404 1706 535 1838 forte
559 1708 717 1795 verbum
745 1706 869 1791 retulit
895 1707 944 1791 ad
971 1707 1157 1790 rationem
1184 1706 1325 1792 cunctis
1347 1706 1546 1794 virtutibus

101 1828 366 1913 moderantem
384 1887 396 1933 ,
413 1850 454 1912 et
477 1825 581 1937 cujus
613 1823 825 1960 appetitus,
840 1852 941 1940 quae
971 1823 1150 1911 voluntas
1183 1824 1341 1929 dicitur,
1370 1827 1547 1942 congruit

93 1972 186 2029 cum
219 1946 391 2081 appetitu
417 1974 544 2031 sensus
569 1943 608 2038 in
635 1942 843 2030 actionibus
866 1941 1047 2077 cujusque
1070 1942 1216 2029 virtutis
1243 1974 1395 2030 morum
1409 1973 1547 2062 ,prae

93 2085 154 2147 ter
182 2063 452 2149 continentiam
469 2125 483 2168 ,
500 2090 601 2197 quae
628 2061 778 2148 videtur
805 2090 882 2147 esse
906 2062 946 2145 in
975 2061 1047 2146 alio
1072 2090 1232 2197 genere.

159 2181 346 2267 XXXVI.
421 2181 515 2265 Sic
505 2181 617 2297 igitur
643 2178 798 2267 allectus
820 2177 1006 2294 appetitus
1031 2179 1167 2265 rationi
1195 2176 1433 2315 obtemperat
1463 2209 1678 2286 nonam..

90 2319 275 2414 gravare:
303 2297 479 2388 nimirum
501 2297 605 2383 haud
636 2298 741 2386 aliter
758 2359 771 2404 ,
787 2327 905 2432 quam
934 2326 1055 2412 equus
1083 2296 1279 2384 tractabilis
1303 2297 1486 2407 effecms,
1505 2327 1545 2390 ιι

93 2416 248 2502 scienter
279 2415 503 2502 assuefactis
530 2414 706 2532 prudenti
733 2417 884 2550 aurigae
909 2444 975 2501 seu
1005 2417 1148 2503 vectori
1176 2440 1309 2530 patet:
1326 2419 1392 2532 qui
1421 2448 1543 2534 equus

96 2532 210 2618 etiam
239 2534 277 2618 in
301 2534 452 2619 stabulo
474 2536 606 2620 eadem
607 2535 740 2668 quasi
764 2532 903 2621 virtute
918 2557 1111 2619 censetur.
1146 2535 1220 2619 Sed
1244 2558 1287 2619 ut
1312 2533 1378 2619 hic
1394 2539 1543 2624 tractari

91 2644 320 2787 flectiqqc
295 2682 373 2737 stne
397 2652 550 2738 rectoris
569 2651 718 2738 scientia
742 2676 782 2736 ct
802 2650 940 2737 virtute
957 2709 971 2756 ,
988 2681 1088 2787 quae
1110 2651 1236 2766 potior
1250 2675 1335 2759 est,
1354 2677 1433 2738 non
1456 2680 1542 2790 pot·

101 2792 190 2874 est,
218 2769 268 2855 sic
289 2771 475 2886 appetitus
506 2768 651 2856 ratione
681 2772 848 2877 vacans,
879 2771 1054 2885 quamvis
1086 2768 1231 2906 magnis
1261 2771 1519 2857 virtutibus
1493 2799 1540 2860 stt

92 2886 262 2974 munitus
279 2914 439 2995 ,tamen
464 2887 540 2974 sine
567 2887 763 2975 voluntate
785 2913 826 2974 ιι
875 2886 1048 2973 rudentia
1069 2888 1232 3003 principe
1256 2889 1395 2975 virtute
1412 2951 1424 2996 ,
1441 2920 1542 3006 quae

93 3005 259 3136 pertinet
287 3007 346 3093 ad
365 3032 510 3122 partem
542 3006 725 3111 rationis,
741 3034 811 3091 nec
835 2919 980 3091 finirer
1007 3035 1149 3124 agere,
1165 3034 1235 3092 nec
1268 3032 1542 3123 temperanter,

93 3151 169 3208 nec
191 3120 286 3233 juste
308 3125 471 3260 denique
497 3146 644 3240 potest.
673 3068 788 3218 Q'uae
811 3123 907 3209 ratio
932 3124 1065 3209 eadem
1090 3149 1146 3212 est
1163 3148 1373 3212 ceterarum
1399 3127 1542 3214 studio·

93 3270 220 3327 sarum
248 3244 441 3329 actionum
458 3305 470 3351 ,
487 3244 623 3379 quibus
654 3242 862 3328 actionibus
893 3240 1060 3330 consistit
1087 3242 1209 3329 activa
1237 3244 1341 3330 vira:
1361 3243 1454 3331 haec
1477 3274 1544 3331 au
1647 3339 1650 3345 ⁴

91 3380 171 3444 tem
189 3361 338 3447 idcirco
349 3362 444 3477 parti
459 3361 610 3448 rationis
623 3364 793 3477 compoti
783 3358 1007 3475 prudentia
1028 3362 1215 3498 praeditae
1238 3359 1432 3469 tribuitur,
1449 3393 1545 3479 quo·
1603 3450 1604 3453 ι

89 3477 195 3563 niam
223 3504 326 3566 recta
351 3479 447 3566 ratio
471 3480 577 3570 velut
604 3482 761 3596 quidam
791 3478 1012 3565 architectus
1042 3479 1156 3566 estin
1178 3481 1385 3567 actionibus
1410 3482 1543 3566 huma·

90 3595 178 3700 nis,
196 3621 236 3682 ct
263 3597 361 3684 civili
386 3599 487 3687 vitae
518 3599 763 3686 moderaturt
780 3597 929 3684 habitus
958 3622 1085 3683 autern
1116 3599 1269 3685 studiosi
1297 3601 1402 3685 haud
1428 3598 1544 3686 dubie

84 3710 300 3802 >retinentur
324 3716 364 3802 in
388 3748 433 3804 ea
459 3742 565 3835 parte
589 3717 735 3803 animae
753 3744 880 3833 ,quae
904 3718 1113 3803 concitatur
1139 3716 1330 3803 affectibus
1345 3747 1543 3856 ,quorum

89 3831 364 3921 mediocritates
379 3860 521 3923 vocant
541 3837 726 3942 virtutes,
742 3836 817 3921 hoc
842 3859 923 3941 est,
940 3835 980 3919 in
1002 3835 1154 3924 rationis
1174 3832 1351 3952 experte,
1369 3836 1542 3921 cuicum

84 3977 254 4070 corpore
286 3952 489 4068 plurimum
520 3979 668 4043 constat
698 3983 775 4040 esse
805 3955 1050 4040 commercii:
1064 3982 1297 4069 quamquam
1329 3956 1542 4092 prudentia,

83 4090 138 4152 ut
165 4071 280 4158 tradit
295 4073 517 4160 Aristotcles
533 4134 545 4179 ,
562 4102 650 4163 curn
676 4074 815 4162 virtute
842 4101 993 4158 snorum
1025 4071 1201 4188 copulata
1231 4073 1304 4179 sit,
1323 4096 1363 4158 et
1377 4074 1523 4160 haec
1486 4107 1541 4163 vr·
1552 4116 1633 4169 ιιι,
1650 4129 1691 4169 ω

83 4182 209 4271 cissim
239 4218 328 4275 cum
360 4192 584 4308 prudentia.

85 4306 350 4396 XXXVII.
410 4312 474 4397 nd
500 4310 716 4398 naturales
706 4311 818 4429 igitur
840 4308 995 4398 virtutes
1018 4334 1207 4425 quantum
1233 4305 1346 4397 faciat
1376 4310 1542 4428 corporis

84 4423 309 4513 constitutio
331 4453 370 4514 ιι
400 4429 617 4535 habitudo,
649 4432 781 4516 velex
811 4460 859 4515 eo
887 4429 973 4515 licet
1003 4428 1237 4564 intelligere,
1267 4429 1416 4547 quod
1407 4460 1445 4514 ιιι
1470 4460 1541 4548 ge·

79 4541 287 4628 iteratione
311 4547 540 4653 traduntur,
557 4573 597 4635 et
613 4546 710 4634 fiunt
739 4530 989 4663 plerumque,
1005 4571 1049 4632 ut
1064 4547 1103 4632 in
1125 4546 1252 4634 ceteris
1277 4548 1567 4679 animantibus,b
1553 4572 1605 4620 cur
1619 4572 1651 4622 de
1671 4587 1730 4635 nro·

1467 4666 1474 4680 .
1552 4633 1641 4680 borum
1685 4638 1730 4685 ho·

85 4659 284 4777 perinde
275 4686 313 4746 ιιι
344 4607 561 4751 hominibtis
590 4666 859 4754 hereditariae.
894 4694 977 4801 quo
1007 4660 1081 4772 fit,
1101 4692 1144 4753 ιιι
1179 4667 1247 4783 qui
1276 4666 1385 4752 bonis
1416 4695 1572 4800 cutus·
1551 4704 1606 4739 rum
1625 4692 1673 4757 un
1654 4696 1732 4746 usse

83 4805 167 4892 que
193 4779 336 4867 ordinis
366 4777 581 4898 perentibus
605 4785 679 4870 orti
707 4809 822 4890 sunt,
833 4783 932 4870 de'‘
912 4815 951 4869 ns
976 4785 1119 4871 bonam
1140 4816 1243 4900 spem
1263 4785 1543 4901 concipiamus,
1554 4750 1730 4866 pgqqspem

83 4895 244 4987 uolente
277 4925 414 4991 natura
443 4902 539 4991 filios
572 4903 788 5024 parentibus
813 4901 944 4998 similes
976 4904 1173 5022 generari,
1204 4902 1396 4992 interdum
1426 4902 1548 4990 etiam

870 5027 984 5108 Nna
1371 5047 1374 5054 “
1467 5052 1550 5110 tna
