4192 5880
568 375 627 460 45
925 363 1179 441 ιιιειιιιιιι
1219 364 1565 441 orrannum

542 483 1451 608 cumFernandum,UngammSaxolerran1m,
1473 491 1663 604 Joannem
1690 489 1910 608 Allienum,
1928 500 1994 592 Al.

477 644 478 647 ‘
548 614 748 701 bertarium
763 608 1149 726 Ricasulumzquibus
1176 609 1349 697 militibus
1365 611 1396 695 si
1421 611 1514 696 citra
1529 613 1787 728 praestitutum
1806 617 1905 705 diem
1929 652 1993 707 saa·

547 730 734 820 risfactum
762 756 878 838 esset,
893 730 1101 815 traderetur
1124 728 1309 815 Galeotus
1324 729 1513 846 Aegidits,
1537 731 1591 816 sin
1615 731 1749 841 aliter,
1772 737 1993 829 redderetur

546 852 654 967 ipsis,
677 878 845 966 essetque
867 878 1001 936 eorum
1017 849 1056 932 in
1082 851 1271 984 captivum
1287 880 1477 934 summum
1491 851 1544 963 ius
1559 881 1783 987 summaque
1801 882 1988 971 potestas.

549 977 657 1089 Ergo
677 970 880 1106 Aegidius,
897 968 1004 1054 omni
1018 995 1109 1053 cura
1134 967 1173 1052 in
1194 969 1493 1084 conquirendam
1516 970 1714 1086 pecuniam
1729 1001 1939 1085 conversa,
1968 1009 1993 1067 a

549 1089 730 1176 Perusinis
760 1113 852 1175 octo
881 1087 996 1172 millia
1018 1089 1246 1174 ducatorum
1273 1111 1467 1173 mutuatus
1497 1113 1578 1195 est,
1606 1090 1656 1174 ab
1688 1040 1991 1210 Eugubiensibus

549 1211 643 1294 tria
675 1212 929 1307 Quaestorem
959 1231 1154 1322 praeterea
1176 1205 1400 1292 Florentiam
1431 1235 1630 1321 properare
1651 1209 1783 1320 jubet,
1808 1237 1848 1299 et
1870 1245 1990 1330 pecu·

549 1327 649 1414 niam
680 1329 748 1414 sibi
776 1327 896 1442 longo
925 1350 1100 1441 tempore
1127 1324 1291 1411 debitam
1320 1324 1575 1411 aFlorentinis
1602 1327 1767 1444 erigere.
1798 1337 1882 1445 Ipse
1895 1364 1989 1422 vero

546 1446 733 1563 quidquid
749 1447 879 1531 habuit
892 1472 1069 1532 vasorum
1085 1470 1286 1530 aureorum
1303 1469 1643 1559 argenteommque
1668 1471 1708 1531 et
1738 1450 1985 1557 annulorum,

548 1564 771 1683 Alber'gotio
786 1563 1021 1649 Fabriensi
987 1591 1070 1650 vtro
1089 1562 1127 1646 id
1142 1561 1323 1678 temporis
1336 1561 1448 1648 valde
1466 1593 1668 1649 nummoso
1700 1567 1983 1684 oppigneravit,

548 1709 702 1798 accepta
715 1684 898 1797 pecunia,
912 1710 1012 1797 quae
1027 1710 1193 1765 summae
1209 1683 1359 1766 deerat:
1375 1708 1453 1795 qua
1468 1679 1638 1767 militibus
1666 1710 1880 1814 numerata,
1902 1693 1990 1774 Ga-

356 1807 536 1923 figpgtg‘ft·
547 1798 672 1887 leotus
684 1802 926 1919 Eugubium,
944 1800 1012 1886 ubi
1032 1799 1212 1917 Aegidius
1231 1800 1581 1931 commorabatur,
1573 1830 1674 1914 jussu
1696 1800 1773 1915 ejus
1803 1804 1979 1921 deporta·

358 1929 434 1982 ΒΒΒΒ
549 1943 611 2006 tur
628 1921 845 2036 ,daturque
858 1919 1067 2007 custodiae..

607 2040 715 2124 XVI.
772 2045 898 2124 Tanta
911 2038 1019 2125 clade
1033 2034 1172 2123 fractus
1186 2036 1387 2123 Malatesta
1400 2035 1617 2152 optimum
1645 2032 1747 2125 factu
1763 2068 1840 2126 esse
1862 2042 1989 2128 statuit

548 2155 599 2240 ad
627 2155 810 2244 Pontificis
824 2158 1048 2275 Aegidiique
1081 2156 1364 2243 misericordiam
1386 2152 1616 2272 confugere,
1632 2180 1672 2242 et
1702 2177 1867 2272 quorum
1900 2188 1989 2278 erga

547 2299 767 2393 utrumque
780 2307 964 2364 summam
991 2305 1068 2360 esse
1084 2276 1240 2392 gratiam
1266 2300 1332 2359 aut
1364 2274 1626 2359 auctoritatem
1649 2274 1899 2393 intelligeret,
1917 2279 1986 2402 ho

547 2419 632 2479 rum
662 2395 820 2482 maxime
836 2394 1004 2510 precibus
1016 2395 1069 2480 ad
1081 2392 1387 2508 componendam
1400 2421 1530 2506 pacem
1546 2393 1619 2475 uti.
1656 2399 1762 2530 Ergo
1777 2397 1901 2509 paucis
1934 2392 1988 2481 in

547 2511 701 2624 terjecris
726 2515 881 2618 diebus,
908 2513 1087 2599 Nicolaus
1104 2511 1277 2602 Azaiolus
1293 2574 1305 2618 ,
1322 2512 1371 2599 de
1398 2541 1479 2627 quo
1507 2539 1617 2626 supra
1641 2513 1869 2599 mentionem
1892 2513 1983 2601 feci-

547 2659 673 2739 mus,
673 2663 696 2717 a
711 2633 857 2719 Carolo
869 2636 1028 2718 Caesare
1042 2656 1082 2718 et
1096 2631 1298 2716 Cardinale
1313 2629 1501 2716 Hostiensi
1533 2629 1684 2715 nuntius
1699 2631 1804 2717 adest
1827 2662 1916 2717 curn
1931 2634 1986 2720 lit-

547 2749 632 2835 teris
646 2752 821 2866 ,quibus
838 2753 888 2838 ab
904 2751 1065 2869 Aegidio
1097 2778 1326 2865 magnopere
1349 2748 1613 2853 contendunt,
1629 2749 1685 2833 uti
1715 2777 1802 2835 cum
1832 2750 1989 2838 Malate-

547 2867 636 2975 stis,
658 2865 813 2956 staturis
804 2901 841 2954 tn
859 2897 1048 2985 posterum
1077 2868 1247 2952 ecclesiae
1281 2867 1474 2954 tributariis
1506 2810 1757 3003 fidissimisque
1775 2867 1991 2976 clientibus,

547 2981 683 3071 foedus
713 2988 920 3073 tolerandis
944 2985 1219 3074 conditionibus
1232 2977 1378 3071 feriret:
1399 3013 1468 3071 nec
1481 2984 1591 3072 vellet
1618 2987 1812 3100 antiquam
1844 2987 1989 3074 nobilis

550 3102 760 3219 simamque
784 3102 983 3211 familiam,
1000 3130 1039 3191 et
1069 3103 1141 3190 sibi
1167 3103 1332 3189 amicitia
1352 3103 1593 3240 conjunctam
1622 3103 1789 3191 funditus
1814 3105 1990 3212 abolere,

549 3248 621 3306 nec
681 3249 894 3329 ravaretur,
910 3256 938 3308 ιι
927 3223 1158 3309 Malatesta
1175 3223 1372 3337 adipsum
1401 3223 1531 3309 venire
1560 3221 1697 3330 vellet,
1719 3248 1842 3309 tutam
1870 3225 1992 3312 collo·

550 3338 629 3476 quii
607 3251 763 3428 ”dcere
777 3338 1013 3427 facultatem·
1006 3401 1018 3444 ,
1037 3340 1122 3426 fore
1134 3369 1223 3425 earn
1233 3370 1312 3426 rem
1331 3340 1395 3426 sibi
1406 3340 1677 3476 gratissimam,
1709 3366 1748 3428 et
1775 3341 1991 3459 adignitate

549 3456 659 3571 ipsius
681 3460 964 3575 commodoque
979 3487 1031 3543 rer
1019 3457 1302 3545 ecclesiasticae
1331 3459 1480 3544 minime
1493 3459 1672 3544 alienam.
1701 3466 1745 3545 In
1760 3490 1877 3574 quarn
1908 3490 1992 3546 sen·

393 3576 705 3719 napeqetenriam
732 3606 826 3663 curn:
844 3578 963 3663 multa
981 3576 1166 3662 Nicolaus
1184 3577 1407 3683 addidisset,
1439 3578 1497 3663 ab
1518 3577 1722 3694 Aegidio
1712 3603 1911 3692 tmpetrat‚
1934 3579 1991 3666 uti

363 3665 542 3782 {liolillmf'
552 3725 619 3779 sua
635 3695 837 3783 voluntate
847 3695 954 3781 liceat
970 3694 1190 3781 Malatestae
1214 3696 1270 3781 ad
1294 3695 1526 3810 colloquium
1557 3696 1711 3781 venire.
1730 3725 1796 3809 qur
1785 3695 1993 3811 postridie

553 3813 630 3926 ejus
656 3813 735 3898 diei
757 3813 883 3899 litteris
897 3813 1045 3898 Nacolai
1067 3814 1204 3898 accitus
1231 3813 1363 3920 adest,
1380 3841 1419 3899 et
1443 3814 1676 3900 introductus
1701 3813 1751 3899 ad
1769 3815 2000 3931 Aegidium,

555 3930 648 4016 ad
617 3960 770 4048 ejusque
783 3933 896 4048 pedes
916 3930 1181 4021 obvolutus
1133 3959 1279 4017 crimen
1287 3929 1445 4018 fatetur:
1462 3932 1539 4018 ad
1529 3934 1638 4046 ipsius
1652 3932 1886 4018 clementiam
1902 3963 1994 4018 con·

555 4045 717 4184 fugere,
727 4081 850 4166 quam
870 4080 984 4136 nemo
1014 4080 1196 4166 umquam
1224 4046 1362 4135 frustra
1389 4050 1652 4164 implorasset:
1687 4075 1903 4135 erratorum
1925 4080 1997 4135 ve-

556 4167 683 4272 niam,
699 4194 738 4254 et
753 4199 884 4283 pacem
899 4195 1046 4287 petere.
1067 4171 1183 4282 Cujus
1198 4197 1369 4253 sermone
1385 4167 1618 4282 interpellato
1633 4229 1645 4273 ,
1662 4166 1866 4252 Nicolaus:
1886 4168 1996 4273 Hac,

555 4287 630 4390 ait,
647 4303 732 4370 ate
743 4289 830 4371 Mal
814 4295 950 4372 laresta
961 4296 1095 4400 perir,
1109 4292 1387 4372 clementissime
1402 4285 1644 4398 Imperator,
1660 4295 1700 4369 r’n
1720 4311 1789 4390 quo
1813 4300 1852 4369 et
1866 4287 1998 4373 Carolo

488 4458 489 4461 Β
556 4404 716 4489 Caesari
730 4422 768 4488 et
781 4407 980 4491 Cardiaali
990 4408 1195 4492 Hastieasz’
1201 4402 1658 4512 nimiumgratfficaberis
1668 4463 1681 4508 ,
1697 4412 1756 4486 ιιι·
1772 4431 1815 4486 ea
1832 4410 1990 4521 oppida,

367 4518 482 4629 ⁰225,
483 4514 544 4626 ἷξξΒ
558 4549 651 4631 quae
667 4532 773 4607 inl
722 4525 909 4607 Flaminia
925 4528 1098 4629 obtinet,
1113 4525 1195 4606 sibi
1220 4528 1341 4606 liceat
1357 4539 1424 4606 tua
1440 4530 1638 4608 voluntate
1653 4531 1843 4628 retinere,
1862 4550 1927 4605 nec
1956 4528 2001 4606 a‘d

367 4651 405 4692 ΒΒΒ
423 4641 548 4700 ΒΒΒΒΒΒΒΒ·
559 4646 704 4749 quidem
736 4647 962 4749 radamiro,
978 4649 1047 4725 sed
1064 4659 1106 4726 aa
1122 4639 1320 4741 Pontifiar's
1342 4649 1587 4750 ecclesiaeque
1616 4645 1818 4726 tributaria
1847 4648 1994 4725 clienti.

473 4757 717 4867 OEeliqaa
735 4770 855 4845 amaia
869 4789 1001 4846 summa
994 4761 1219 4862 Pontificis
1241 4777 1395 4869 tuaeque
1404 4770 1574 4874 potestat·
1600 4767 1813 4874 permittit.
1847 4760 1998 4854 Quibus

557 4879 737 4998 Aegidius
752 4880 966 4998 respondit:
984 4884 1084 4991 „De
1101 4880 1209 4999 gravi
1226 4910 1267 4969 re
1281 4909 1363 4968 non
1392 4913 1458 4993 se,
1477 4882 1516 4971 ni
1530 4906 1618 5001 post
1645 4903 1831 4970 maturam
1859 4879 2002 4966 delibes

1839 5066 1843 5069 ·
1905 5026 2005 5110 „ra-
