4050 5858
290 1162 466 1215 oriudum.

290 1227 389 1276 Metam.
398 1223 423 1285 f.
434 1234 456 1269 1·

506 365 572 457 ηὸ
958 363 1434 440 DEMOCRATES

481 517 599 604 quam
624 481 785 572 efficiet:
811 483 892 570 ralis
914 485 1013 572 enim
1035 482 1181 572 ‘fructus
1207 484 1366 572 maxime
1394 483 1564 600 proprius
1592 502 1650 570 est
1675 477 1821 568 virtutis
1847 506 1935 569 exa·

479 630 587 692 ctae.
619 607 715 701 Quo
740 604 861 690 minus
880 600 1036 690 ferenda
1059 630 1115 691 est
1130 604 1386 721 quorumdam
1411 605 1627 720 importuna
1651 598 1822 716 superbia
1839 661 1853 705 ,
1869 604 1933 718 qui

481 726 592 810 rebus
612 724 809 810 dumtaxat
832 723 989 810 externis
1017 724 1334 830 intumescentes,
1351 722 1416 810 sibi
1444 748 1674 839 magnopere
1697 718 1878 834 placent,
1898 745 1935 809 ct

481 872 569 957 prae
593 872 632 927 se
646 868 789 929 ceteros
812 842 926 928 etiarn
949 843 1088 929 virtute
1103 841 1309 958 superiores
1336 842 1567 960 spernendos
1583 862 1747 955 putant,
1768 861 1932 926 contem

482 985 525 1045 tu
549 959 669 1048 solum
697 961 960 1079 magnanimos
981 960 1195 1066 imitantes,
1212 961 1353 1076 quippe
1376 959 1448 1046 suis
1472 957 1581 1043 bonis
1612 955 1773 1073 dignitas
1796 956 1932 1072 cuiqu'e

481 1080 670 1165 metienda
694 1104 749 1165 est
765 1140 779 1185 ,
796 1108 878 1164 non
905 1077 1055 1164 alienis:
1074 1080 1207 1164 scitum
1234 1105 1290 1164 est
1314 1079 1413 1165 enim
1439 1075 1530 1162 illud
1555 1080 1720 1191 podtae:
1741 1077 1848 1158 Nam
1867 1104 1931 1186 ge·

481 1225 551 1281 nus
572 1213 611 1279 er
620 1217 792 1307 proavos
810 1258 822 1301 ,
839 1213 877 1279 et
900 1222 993 1302 quae
1021 1225 1090 1279 non
1105 1197 1274 1304 ficimus
1287 1205 1366 1308 ipsi
1383 1257 1397 1304 ,
1414 1198 1494 1280 Vix
1515 1221 1562 1278 ea
1585 1209 1715 1279 nostra
1730 1220 1848 1279 voco.
1880 1200 1932 1282 Αι

480 1341 633 1401 externa
659 1345 757 1430 quae
785 1316 959 1400 dicuntur
978 1316 1082 1401 bona
1098 1377 1110 1420 ,
1125 1341 1264 1402 cuncta
1279 1345 1356 1402 esse
1379 1315 1526 1419 aliena,
1542 1314 1620 1398 hoc
1642 1312 1765 1427 ipsum
1790 1341 1930 1398 nomen

482 1433 645 1519 declarat
660 1493 672 1537 ,
690 1459 729 1519 er
744 1433 853 1548 quod
876 1434 1010 1518 eadem
1025 1430 1201 1520 fortunae
1215 1437 1320 1520 bona
1342 1456 1633 1547 nuncupantur.
1664 1431 1935 1546 Magnanimus

481 1551 593 1667 igitur
613 1550 747 1636 merito
771 1551 982 1637 contemnit
1002 1552 1141 1639 virtute
1166 1549 1355 1638 inferiores
1373 1615 1385 1658 ,
1401 1549 1586 1667 quoniam
1606 1547 1678 1634 suis
1702 1548 1815 1634 bonis
1832 1611 1845 1653 ,
1864 1549 1937 1635 hoc

481 1692 561 1773 est,
575 1668 772 1754 virtutibus
794 1669 957 1774 excellit,
973 1694 1013 1754 et
1037 1696 1137 1756 recte
1160 1671 1319 1784 judicat:
1336 1671 1440 1755 unde
1463 1667 1506 1754 fit
1522 1727 1535 1772 ,
1551 1689 1596 1751 ut
1618 1673 1705 1752 raro
1730 1694 1770 1752 sc
1790 1666 1936 1782 pericu·

480 1785 522 1872 lis
545 1811 711 1900 exponar
726 1848 738 1891 ,
755 1786 967 1902 praesertim
984 1787 1039 1873 ob
1060 1787 1160 1878 leves
1176 1818 1304 1875 causas
1323 1811 1362 1873 et
1383 1816 1439 1873 res
1455 1785 1624 1902 exiguas:
1645 1784 1803 1899 pericula
1831 1785 1934 1870 enim

481 1932 562 1991 non
584 1904 831 2018 suscipiuntur
860 1903 927 1990 nisi
951 1906 1000 1990 ab
1027 1904 1248 2022 iis,quibus
1272 1905 1464 2021 proposita
1485 1901 1650 2020 praemia
1666 1902 1843 1991 videntur
1861 1931 1938 1990 esse

482 2053 645 2138 magna:
662 2051 750 2107 curn
781 2051 896 2108 nemo
924 2022 991 2108 nisi
1022 2025 1183 2131 stultus,
1200 2028 1317 2112 bamo
1345 2052 1463 2109 aureo
1481 2021 1621 2137 (quod
1648 2050 1844 2136 rusurpasse
1869 2046 1940 2108 tra·

406 2139 412 2149 ’
484 2141 585 2227 ditur
609 2145 803 2275 Augustus
831 2140 995 2254 Caesar)
1011 2142 1171 2257 piscentr
1188 2204 1200 2250 ,
1219 2142 1433 2258 praesertim
1464 2169 1608 2254 pisces,
1624 2166 1718 2276 quos
1747 2139 1856 2254 parvi
1885 2135 1943 2224 fa·

484 2260 559 2344 cit:
595 2287 856 2374 magnanimus
884 2284 1041 2364 autem,
1070 2290 1258 2377 perpauca
1282 2289 1370 2348 sunt
1386 2323 1398 2367 ,
1414 2287 1515 2374 quae
1539 2287 1668 2374 magur
1692 2257 1863 2372 pendat,
1894 2278 1944 2343 ut

485 2376 620 2462 merito
647 2377 836 2462 rideantur
861 2406 883 2460 a
913 2377 1159 2491 prudentibus
1192 2379 1337 2468 leviculi
1364 2378 1521 2494 quidam
1547 2377 1719 2463 homines
1735 2436 1749 2482 ,
1765 2376 1834 2490 qui
1856 2373 1943 2511 lau·

388 2568 389 2571 κ
486 2495 576 2582 dem
604 2490 708 2580 fortis
740 2519 780 2580 et
809 2495 937 2611 magni
968 2496 1081 2581 animi
1109 2496 1221 2584 stulte
1251 2499 1292 2583 in
1322 2497 1448 2631 primis
1477 2520 1741 2610 aucupantes,
1772 2521 1943 2613 occasroe

486 2641 552 2697 nes
582 2610 834 2725 periculorum
861 2641 932 2726 pro
963 2613 1149 2701 levissimis
1179 2615 1293 2702 etiam
1320 2644 1437 2700 causis
1468 2614 1676 2728 arripiunt:
1702 2642 1803 2729 quos
1835 2638 1944 2726 saepe

487 2729 645 2833 videas,
675 2753 742 2815 aut
764 2753 926 2815 mortem
959 2758 1138 2845 oppetere
1171 2762 1261 2819 cum
1291 2759 1392 2819 recte
1423 2731 1670 2847 judicantium
1703 2732 1945 2846 vituperatio

489 2875 564 2952 ne,
582 2872 648 2933 aut
667 2848 795 2964 plagas
824 2847 1050 2962 turpissimas
1071 2876 1112 2938 et
1140 2851 1438 2939 damnosissimas
1462 2849 1630 2966 accipere
1654 2877 1727 2966 pro
1751 2850 1860 2934 rebus
1879 2845 1946 2936 vel

490 2966 690 3078 turpibus,
707 2964 768 3053 vel
793 2965 977 3077 ejusmodi
996 3026 1010 3073 ,
1026 2992 1070 3053 ut
1085 2998 1147 3055 eas
1170 2970 1226 3058 vir
1254 3001 1398 3089 magno
1427 2969 1557 3054 animo
1587 2997 1639 3054 ne
1671 2966 1945 3082 disceptatione

493 3082 646 3198 quidem
665 3083 798 3200 dignas
826 3113 903 3170 esse
934 3084 1114 3193 duceret,
1133 3088 1242 3205 quod
1266 3114 1321 3176 est
1350 3117 1432 3175 non
1454 3088 1579 3173 solurn
1614 3085 1751 3194 snulti,
1783 3085 1854 3172 sed
1882 3112 1946 3169 an·

495 3201 595 3317 gusti
618 3201 729 3286 etiarn
755 3203 868 3287 animi
895 3203 1199 3312 documentum,
1217 3207 1284 3321 qui
1315 3235 1485 3293 rumores
1512 3204 1704 3321 imperitae
1737 3202 1944 3289 multitudi-

496 3319 552 3404 nis
572 3318 668 3405 tanti
690 3316 799 3404 faciat
815 3381 827 3427 ,
843 3346 887 3406 ut
902 3351 968 3408 eos
984 3322 1046 3410 vel
1061 3352 1150 3410 cum
1175 3325 1383 3411 discrimine
1398 3325 1499 3413 vitae
1521 3321 1756 3441 colligendos
1782 3349 1863 3407 esse
1886 3346 1949 3436 pu·

496 3460 580 3523 tet.
614 3441 716 3521 Nam
732 3465 821 3522 cum
838 3438 999 3556 dignitas
1023 3442 1326 3559 magnitudoque
1348 3441 1401 3529 rei
1416 3439 1584 3530 officium
1603 3439 1751 3555 poscit,
1770 3464 1819 3526 ut
1841 3437 1870 3525 si
1885 3465 1947 3556 pa·

496 3556 589 3642 triae
613 3554 798 3641 laboranti
827 3559 1127 3645 subveniendum
1143 3560 1214 3668 sit,
1231 3587 1299 3648 aut
1357 3591 1402 3647 ro
1431 3562 1648 3648 tenuiorum
1673 3557 1793 3645 tutela
1817 3580 1949 3644 contra

496 3673 761 3788 impotentium
792 3672 940 3786 injurias
967 3675 1266 3787 decertandum,
1286 3594 1356 3768 vei
1370 3709 1442 3796 pro
1464 3679 1644 3797 religione
1676 3678 1858 3767 adversus
1883 3675 1948 3761 im·

499 3793 582 3905 pios
611 3792 923 3878 contendendum
939 3855 952 3901 ,
968 3825 1084 3883 nemo
1110 3825 1181 3883 nec
1206 3798 1378 3886 libentius
1395 3859 1409 3905 ,
1424 3826 1494 3884 nec
1518 3797 1600 3913 pari
1628 3795 1871 3900 constantia,
1890 3789 1951 3882 vel

499 3908 627 4023 capitis
657 3908 735 3996 adit
763 3911 950 4024 pericula,
965 3915 1028 4001 vel
1050 3915 1206 4028 justitiae
1236 3944 1282 4002 ac
1309 3917 1433 4004 omnis
1449 3915 1596 4004 virtutis
1620 3915 1867 4032 patrocinium
1890 3939 1951 3996 ex·

497 4025 694 4142 sequitur,
711 4057 827 4114 nemo
851 4060 940 4115 suae
956 4031 1056 4119 virae
1081 4034 1204 4121 minus
1219 4037 1358 4151 parcit.
1387 4037 1494 4124 Moti
1508 4035 1610 4121 enim
1625 4034 1714 4121 huic
1738 4031 1863 4150 potius
1879 4051 1951 4137 est,

496 4174 617 4261 quam
637 4170 682 4231 ut
704 4176 728 4230 a
752 4147 886 4235 talibus
913 4144 1042 4237 officiis
1065 4181 1132 4267 per
1156 4154 1370 4242 socordiam
1388 4178 1456 4240 aut
1483 4154 1673 4272 ignaviam
1694 4151 1889 4240 discedat.

562 4266 691 4349 XXX.
748 4265 846 4352 Illud
860 4295 1021 4384 quoque
1051 4271 1181 4388 magni
1208 4273 1324 4359 animi
1352 4296 1410 4359 est
1429 4269 1643 4379 ,beneficiis
1668 4269 1759 4355 alios
1784 4269 1944 4354 libenter

503 4377 711 4466 demereri:
740 4411 779 4467 se
806 4414 898 4471 vero
929 4388 979 4472 eis
1002 4389 1180 4507 astringi,
1199 4420 1280 4477 non
1309 4421 1435 4508 aequo
1461 4390 1590 4476 animo
1608 4452 1621 4498 ,
1636 4417 1707 4475 nec
1725 4387 1806 4474 sine
1825 4385 1952 4503 pudo·

501 4493 689 4630 referre.
739 4504 842 4585 Nam
870 4503 1050 4592 beneficia
1078 4506 1250 4595 conferre
1282 4509 1498 4623 praestantis
1526 4533 1612 4614 est,
1639 4507 1807 4623 accipere
1846 4503 1952 4592 vicis·

502 4643 572 4700 srm
598 4613 794 4703 inferioris.
817 4620 1084 4719 Quamobrem
1112 4628 1405 4744 magnanimus,
1426 4628 1455 4713 si
1497 4627 1629 4735 uando
1653 4623 1764 4710 fuerit
1780 4621 1951 4740 benigni·

503 4754 583 4818 tate
610 4760 838 4850 provocatus
855 4741 1045 4856 ,gratiam
1069 4741 1182 4832 refert
1208 4746 1411 4860 majoribus
1439 4658 1568 4832 odficiis
1591 4743 1863 4830 muneribusve
1890 4767 1957 4825 cu·

505 4852 719 4964 mulatam,
741 4881 785 4944 ut
807 4855 880 4947 hac
904 4859 1051 4949 ratione
1065 4923 1079 4977 ,
1094 4864 1163 4986 qui
1188 4865 1289 4988 prior
1319 4867 1531 4975 tribuerat,
1561 4863 1780 4953 lberaltate
1804 4885 1955 4979 supere·

1872 5003 1960 5067 tur:
