4192 5880
502 392 638 464 nno.
675 388 1078 476 ncuouuonrr
1112 391 1221 463 nra.
1244 393 1322 462 111.
1557 396 1602 484 67

164 541 257 606 cum
279 515 461 635 plerisque
477 514 554 602 aliis
575 516 849 602 obtruncatur.
879 509 1032 597 Deinde
1047 541 1092 597 ea
1107 537 1214 629 parte
1237 513 1333 599 acies
1348 509 1513 600 inclinari
1541 543 1626 605 coe·

192 639 239 725 it.
275 636 480 723 Gometius
510 658 669 749 accepto
697 630 852 719 vulnere
876 658 958 712 non
987 630 1087 742 prius
1115 629 1253 716 destitit
1277 662 1300 716 a
1321 632 1485 746 praelio,
1506 663 1624 750 quam

165 670 300 872 largius
316 778 495 840 manante
511 752 719 868 sanguine,
735 747 874 836 viribus
891 745 1040 833 destitui
1051 748 1233 863 coepisset
1252 778 1261 832 :
1277 773 1367 834 tunc
1383 780 1477 838 vero
1493 753 1623 844 milites

162 873 361 979 hortatus,
375 903 424 959 ne
438 871 634 959 victoriam
655 868 728 981 jam
744 893 862 981 paene
878 888 1023 977 partam
1052 895 1078 951 e
1106 865 1277 951 manibus
1288 867 1615 987 emitterent-,pu

158 1022 236 1111 gna
267 991 417 1080 excessit
442 988 567 1102 ,jusso
599 993 713 1073 Petro
743 985 917 1069 Parnesio
947 983 986 1066 in
1017 1014 1127 1068 suum
1147 983 1282 1069 locum
1307 987 1525 1090 succedere;
1558 991 1621 1079 cui

163 1139 203 1198 et
219 1112 286 1228 ipsi
301 1110 469 1227 protinus
484 1107 621 1192 vulnus
634 1104 780 1188 illatum
794 1126 863 1187 est.
889 1103 998 1187 Haec
1018 1131 1107 1187 cum
1124 1127 1247 1189 essent
1265 1105 1398 1215 passim
1422 1133 1489 1218 per
1502 1106 1618 1195 aciem

159 1220 357 1345 divulgata
372 1287 385 1332 ,
401 1227 579 1312 inclinata
597 1222 762 1309 hostium
800 1220 896 1304 acies
924 1215 1090 1334 spiritum
1119 1218 1294 1334 recepisse
1324 1221 1402 1308 visa
1425 1247 1509 1326 est'·,
1531 1223 1616 1315 ma÷

158 1345 317 1464 joreque
341 1345 468 1429 animo
484 1342 662 1458 praelium
688 1339 981 1455 redintegratur.
1021 1344 1124 1422 Tum
1142 1338 1358 1425 Fernandus
1375 1341 1467 1454 ,qui
1488 1342 1529 1425 in
1544 1343 1612 1431 lae·

158 1494 215 1565 vo
239 1483 526 1551 cornustrenue
552 1487 720 1576 pugnam
737 1457 857 1542 ciebat
873 1516 886 1561 ,
904 1485 990 1541 suos
1020 1455 1192 1541 hortatus
1208 1517 1221 1561 ,
1236 1487 1377 1574 magno
1402 1459 1545 1574 impetu
1573 1456 1614 1553 in

160 1578 445 1682 confertissimos
468 1579 594 1664 hostes
618 1576 723 1662 irruit
737 1635 750 1680 ,
764 1597 805 1659 et
828 1604 851 1658 a
877 1603 943 1658 sua
974 1599 1078 1687 parte
1110 1574 1243 1687 repulit
1266 1576 1325 1659 ille
1355 1576 1509 1693 quidem
1541 1568 1610 1686 hog,

158 1722 279 1806 stem,
301 1699 366 1784 sed
389 1699 482 1784 dum
506 1696 650 1783 avidius
681 1692 923 1779 Ludovicum
940 1691 1141 1777 Albensem
1175 1693 1378 1809 insequitur
1395 1756 1408 1799 ,
1423 1695 1503 1780 telis
1533 1689 1611 1791 ob-‡

160 1842 267 1902 rurus
300 1815 503 1903 occiditur.
536 1820 650 1898 Tunc
665 1809 873 1896 Franciscus
899 1809 1060 1894 Estensis
1089 1807 1186 1895 fessis
1214 1839 1258 1895 ac
1287 1811 1504 1898 cedentibus
1534 1808 1610 1904 suisj
1681 1906 1683 1911 Α

155 1930 321 2052 integros
346 1932 542 2019 summittit
557 1991 570 2036 ,
584 1954 717 2016 contra
731 1958 829 2043 quos
856 1926 1040 2013 Galeotus
1056 1988 1068 2033 ,
1086 1927 1187 2014 haud
1216 1929 1373 2044 amplius
1391 1956 1608 2044 exspectan-p

159 2051 251 2153 dum
268 2080 395 2156 ratus,
412 2048 614 2166 procedere
630 2047 734 2161 jubet
750 2045 1027 2154 bononienses.
1059 2046 1139 2139 Qui
1156 2047 1301 2164 magnis
1323 2048 1453 2134 animis
1465 2049 1610 2141 irruem,

156 2191 225 2275 tes,
245 2171 371 2269 hostes
385 2169 423 2253 in
441 2166 570 2286 lugam
593 2189 769 2252 vertunt:
789 2188 828 2250 et
849 2164 927 2250 dux
938 2162 1014 2278 ipse
1028 2163 1237 2249 franciscus
1251 2165 1412 2261 Estensis
1428 2168 1522 2269 inter
1538 2162 1611 2259 fu-J

156 2316 271 2403 gam,
288 2317 376 2374 cum
404 2286 443 2371 in
476 2283 763 2385 ecclesiasticos,
779 2282 846 2397 qui
875 2282 952 2368 vias
976 2283 1228 2389 obsederant,
1255 2284 1465 2389 incidisset,
1493 2278 1612 2379 vivus}

155 2406 323 2520 capitur.
351 2407 448 2499 Quo
464 2404 501 2490 in
516 2402 655 2519 praelio
674 2399 840 2487 cecidere
854 2428 901 2484 ex
916 2399 1084 2485 hostibus
1112 2401 1334 2518 septingenti
1351 2463 1364 2507 ,
1381 2402 1478 2487 mille
1509 2431 1611 2489 cen·⁴¹
1655 2449 1793 2506 meson„

155 2545 239 2607 tum
271 2522 456 2611 vulnerati
483 2545 571 2607 sunt
597 2581 609 2622 ‚
636 2519 736 2634 capti
758 2516 941 2634 nongenti
968 2518 1241 2634 quadraginta.
1272 2525 1332 2604 Ex
1361 2519 1605 2610 ecclesiasticis
1616 2521 1744 2564 'mm‘

155 2639 295 2741 circiter
326 2641 476 2726 ducenti
492 2638 713 2742 desiderati„
730 2659 845 2750 atque
877 2636 1055 2744 omnibus,
1065 2635 1274 2750 sepulturae
1299 2637 1434 2723 datae:
1452 2667 1498 2728 ex
1521 2637 1600 2756 qui·
1683 2670 1702 2677 ’·
1733 2672 1735 2675 ·

156 2754 227 2841 bus
256 2758 470 2847 Fernandus
484 2758 673 2870 Hispanus
699 2755 737 2856 in
753 2752 1257 2840 aede-francisciconditur.
1296 2755 1483 2864 Galeotus
1506 2754 1613 2857 interf

152 2901 293 2987 paucos
317 2875 452 2963 vulnus
467 2874 618 2989 accepit.
644 2871 870 2988 lncaptivos
885 2869 975 2977 nihil
990 2872 1364 2987 est.saevitum,quin
1380 2874 1498 2959 immo
1512 2902 1613 2971 cum,

153 2991 219 3076 cris
242 2991 414 3097 libertas,
454 2991 674 3106 primoribus
704 3016 744 3075 et
771 3016 876 3073 arma
909 2989 1056 3074 reddita
1083 3013 1190 3076 sunt.
1224 2991 1348 3104 Hujus
1374 2991 1457 3075 belli
1493 3022 1605 3108 prae·

152 3108 270 3193 mium
294 3137 382 3194 cum
399 3110 679 3212 bononienses,
712 3107 780 3222 qui
802 3105 868 3192 diu
894 3107 1088 3220 tyrannica
1118 3109 1293 3195 servitute
1309 3109 1420 3225 pressi
1434 3105 1602 3219 fuerant,

151 3221 359 3312 lbmtatm
387 3253 464 3312 esse
480 3227 714 3330 statuissent,
736 3241 844 3310 tanta
858 3223 1035 3310 victoriae
1066 3252 1196 3340 parrae
1211 3225 1349 3310 laetitia
1374 3225 1508 3336 animis
1530 3257 1609 3329 eo,

149 3370 236 3428 rum
266 3342 434 3449 incessit,
449 3367 494 3429 ut
520 3341 697 3458 placuerit
729 3342 881 3457 publico
914 3339 1066 3428 decreto
1095 3342 1223 3447 diem,
1253 3374 1336 3458 quo
1359 3344 1520 3433 hostem
1540 3377 1609 3448 suo

149 3487 364 3574 perassent,
382 3460 587 3577 posteritati
612 3459 795 3546 celebrem
833 3457 911 3544 fieri
928 3490 938 3543 :
955 3483 1214 3577 statutumque
1240 3485 1295 3546 est
1313 3523 1325 3567 ,
1342 3461 1381 3548 id
1411 3463 1611 3578 quod-et<

151 3575 226 3661 iam
248 3607 350 3664 nunc
373 3602 553 3695 perpetua
569 3577 780 3664 celebritate
801 3601 1023 3692 usurpatur,
1039 3601 1084 3663 ut
1099 3612 1154 3663 m.
1168 3576 1358 3664 Kalendas
1371 3579 1506 3692 Julias,
1523 3609 1723 3698 manunt„
1753 3626 1793 3678 u.

151 3722 233 3810 gno
257 3694 451 3810 proposito
467 3697 632 3810 praemio
652 3724 866 3808 ,equorum
897 3695 1111 3808 pernicitate
1131 3696 1395 3783 contendatur.
1602 3695 1693 3805 3²⁸⁰?
1711 3701 1794 3749 ”m

210 3815 315 3897 XXI.
375 3819 476 3898 Inter
503 3813 597 3898 haec
621 3812 799 3927 Aegidius
825 3812 946 3928 longis
978 3812 1166 3899 laboribus
1192 3813 1363 3929 curisque
1394 3808 1731 3950 fatigat-amm„
1748 3879 1790 3918 υ,

148 3922 251 4015 febre
275 3929 527 4015 ardentissima
543 3929 769 4043 implicatur.
804 3931 916 4022 Quae
948 3958 1037 4014 cum
1065 3930 1296 4048 aegritudine
1327 3930 1441 4016 animi
1467 3962 1587 4051 mgra·
1611 3936 1703 4001 Μ

147 4072 339 4152 vesceret,
359 4072 541 4159 tyrannos
568 4076 646 4130 non
679 4044 795 4132 laetos
829 4046 950 4131 modo
973 4043 1060 4133 fecit
1076 4109 1088 4152 ,
1105 4049 1170 4134 sed
1205 4047 1336 4164 plenos
1361 4048 1472 4135 etiam
1503 4081 1592 4166 spe,
1645 4066 1655 4073 '‘
1719 4079 1720 4087 ¹
1766 4145 1769 4153 ,

145 4191 254 4276 posse
273 4163 385 4277 recipi
401 4193 525 4279 ,quae
552 4164 728 4249 industria
743 4187 781 4248 et
794 4164 1012 4251 strenuitate
1038 4164 1130 4251 illius
1153 4165 1349 4251 amiserant
1367 4197 1377 4251 :
1394 4191 1610 4282 coeptum·-

144 4308 223 4394 que
249 4305 304 4365 est
331 4282 557 4368 anonnullis
578 4281 688 4369 novis
718 4281 827 4367 rebus
850 4281 1023 4369 studere·
1056 4285 1148 4368 Hoc
1175 4282 1240 4367 ubi
1268 4284 1482 4370 nuntiatum
1509 4310 1589 4394 est,

144 4394 327 4511 Aegidius
342 4400 403 4486 vix
434 4400 527 4487 dum
544 4401 681 4487 morbo
697 4397 886 4515 explicitus
902 4461 915 4504 ,
932 4427 1002 4484 nec
1017 4397 1126 4514 plane
1157 4398 1292 4487 viribus
1307 4403 1483 4517 receptis,
1500 4433 1592 4492 con·

143 4540 275 4599 scenso
297 4518 451 4628 equoin
474 4541 717 4634 conspectum
741 4547 895 4604 suorum
911 4517 1036 4604 venit.
1067 4518 1163 4614 Quo
1178 4517 1313 4605 nuntio
1342 4545 1591 4635 tyrannorum
1706 4529 1709 4546 ⁵

143 4656 279 4718 motus
301 4628 406 4718 facile
441 4636 703 4751 supprimitur,
720 4635 849 4750 etipse
882 4634 1006 4750 paucis
1025 4658 1111 4749 post
1134 4634 1262 4721 diebus
1279 4636 1399 4753 vigori
1424 4638 1592 4726 redditus
1611 4712 1613 4715 .

143 4747 337 4865 plerasque
362 4750 529 4839 civitates
565 4753 711 4862 obivit,
726 4775 770 4839 ut
796 4754 942 4841 animm
956 4782 1023 4840 sua
1037 4754 1241 4869 praesentia
1268 4780 1384 4871 atque
1405 4755 1522 4843 verbis
1549 4755 1591 4845 in

143 4862 218 4953 fide
246 4867 499 4959 confirmaret.

1107 4991 1165 5076 la
1517 4993 1589 5079 Per
