4140 5872
520 422 607 515 ²146
752 416 967 512 JOANN.
1000 417 1258 490 GENESII
1294 412 1702 491 SEPULVEDAE

512 579 592 666 gno
608 575 673 665 per
696 575 853 636 omnem
876 567 1036 629 aetatem
1052 543 1105 629 ita
1131 571 1170 631 se
1196 571 1323 662 gerere
1340 542 1457 629 debet
1473 603 1486 648 ,
1502 565 1547 628 ut
1567 552 1701 627 omnes
1727 537 1968 662 intelligant,

510 669 633 782 ipsum
652 697 795 787 magno
823 663 1082 750 excellentium
1096 663 1281 753 virtutum
1302 661 1484 781 praesidio
1508 661 1732 748 imtructum
1749 691 1829 749 csse
1845 694 1859 768 ·,
1876 692 1967 754 tum

506 790 565 873 ad
594 789 714 874 otium
744 811 783 873 et
807 814 939 902 pacem
968 810 1056 868 cum
1090 782 1195 901 regni
1217 812 1360 900 suaque
1383 778 1554 868 felicitate
1582 779 1786 867 fruendum
1814 808 1855 870 et
1878 789 1967 874 reti·

513 907 713 1009 nendum,
741 932 824 993 tum
851 905 901 989 ad
929 902 1098 1010 bellum,
1124 903 1231 1019 siqua
1260 901 1452 990 necessitas
1480 899 1695 1016 impulerit,
1717 904 1965 1018 gerendum.

324 1024 619 1143 ithamarum
650 1025 790 1111 bellum
819 1049 959 1109 temere
991 1051 1057 1141 per
1083 1023 1277 1110 avaritiam
1311 1020 1374 1110 vel
1397 1019 1579 1137 regnandi
1604 1018 1879 1136 cupiditatem,
1912 1026 1965 1114 ad

326 1144 703 1263 magilisummam
727 1145 803 1229 sine
827 1146 921 1259 iusta
947 1169 1059 1228 causa
1085 1142 1297 1255 suscipere,
1322 1141 1479 1253 impium
1494 1140 1658 1224 habetur
1683 1161 1724 1224 et
1747 1137 1962 1231 nefarium.

326 1276 374 1313 W·
516 1265 713 1359 Quoniam
736 1261 862 1368 bella,
889 1283 933 1345 ut
956 1287 1012 1348 est
1032 1262 1253 1379 sapientium
1281 1287 1511 1366 consensus,
1539 1258 1764 1344 aCicerone
1793 1259 1834 1359 in
1862 1261 1965 1348 libro

516 1383 565 1470 de
586 1381 744 1489 Officiis
768 1383 890 1495 primo
905 1378 1095 1496 eleganter
1113 1441 1127 1487 ,
1147 1404 1192 1467 ut
1206 1379 1302 1468 solet
1319 1442 1332 1486 ,
1347 1378 1576 1494 explicatus,
1601 1377 1832 1491 suscipienda
1847 1408 1963 1487 sunt,

517 1523 562 1584 ut
579 1503 656 1586 sine
680 1500 810 1614 injuria
831 1500 869 1584 in
899 1525 990 1612 pace
1018 1501 1194 1585 vivatur.
1222 1503 1307 1585 Nec
1332 1497 1455 1591 ullum
1466 1496 1606 1582 bellum
1632 1496 1771 1610 justum
1792 1523 1876 1599 est,
1895 1497 1966 1584 nisi

517 1620 627 1733 quod
644 1644 710 1704 aut
733 1620 843 1704 rebus
869 1618 1030 1731 repetitis
1060 1645 1211 1736 geratur
1228 1680 1240 1726 ,
1257 1642 1323 1705 aut
1340 1617 1604 1702 denuntiatum
1629 1641 1717 1701 ante
1732 1615 1828 1700 sitet
1855 1616 1966 1702 indi-

512 1763 653 1844 ctum,
682 1738 823 1824 etiamsi
849 1737 994 1843 subsit,
1030 1762 1073 1823 ut
1098 1739 1262 1855 primum
1289 1737 1462 1822 omnium
1491 1737 1638 1820 subesse
1663 1734 1801 1839 debet,
1822 1760 1966 1820 aucto-

324 1837 414 1913 Μ·
427 1863 503 1912 1011·
517 1883 557 1941 re
574 1857 801 1971 philosopho
819 1918 832 1960 ,
852 1856 946 1966 justa
962 1884 1099 1941 causa.
1132 1858 1261 1969 Justae
1283 1885 1377 1945 vero
1398 1883 1531 1940 causae
1553 1852 1640 1940 belli
1665 1851 1966 1986 triplicigenere

324 1936 502 2080 lilium
516 1998 779 2061 continentur.
808 1979 912 2058 Nam
927 1973 1026 2060 bello
1043 1974 1141 2085 iusto
1169 1973 1432 2089 propulsantur
1460 1972 1640 2085 injuriae,
1664 1998 1716 2055 ne
1741 1994 1870 2057 civitas
1894 2000 1966 2057 ser·

328 2088 428 2127 ‘mm’
516 2090 596 2177 vire
618 2118 808 2209 cogatur,
832 2121 932 2207 quae
955 2094 1168 2208 gravissima
1185 2123 1232 2178 ex
1246 2093 1423 2180 omnibus
1452 2119 1564 2175 causa
1588 2113 1644 2175 est
1668 2115 1709 2176 et
1724 2089 1886 2174 maxime
1899 2118 1966 2175 na·

517 2210 672 2315 ruralis,
697 2209 888 2326 adquam
918 2212 1089 2324 repetitio
1115 2241 1239 2298 rerum
1265 2210 1475 2296 ablatarum
1500 2233 1540 2295 et
1563 2207 1781 2319 injuriarum
1796 2235 1964 2322 persecu·

516 2327 570 2412 tio
593 2326 771 2415 refertur.
806 2334 909 2413 Nam
935 2358 974 2414 se
1000 2359 1163 2447 suosque
1183 2326 1412 2435 defendere,
1434 2353 1474 2414 et
1496 2328 1576 2415 vim
1603 2327 1642 2414 vi
1669 2325 1844 2442 repellere
1871 2354 1967 2411 cen-

516 2472 643 2551 setur,
660 2449 727 2564 qui
751 2448 877 2534 hostes
893 2447 1014 2533 illatae
1036 2448 1187 2561 iniuriae
1215 2474 1416 2552 auctores,
1434 2475 1561 2562 poena
1580 2470 1731 2551 sumta,
1749 2444 1965 2559 rebusque,

514 2591 605 2648 cum
621 2566 783 2678 primum
800 2589 953 2681 potest,
970 2568 1151 2681 receptis,
1167 2591 1346 2654 extenuat
1361 2628 1374 2671 ,
1389 2565 1712 2679 cunctatiotesque
1727 2588 1767 2650 ct
1783 2561 1966 2649 infirmio-

514 2708 571 2765 res
599 2682 721 2769 reddit
744 2683 794 2768 ad
822 2683 1066 2770 contumelias
1082 2716 1094 2789 3
1112 2712 1156 2771 ut
1173 2684 1380 2771 Innocentii
1401 2682 1592 2771 Pontificis
1606 2681 1757 2767 maximi
1782 2681 1966 2794 rescripto

514 2797 722 2886 declaratur
734 2863 748 2906 ,
762 2830 796 2885 c.
808 2803 907 2883 Olim
924 2860 938 2906 ,
955 2826 994 2886 et
1008 2803 1130 2916 primo
1147 2813 1182 2906 b.
1199 2801 1470 2912 Intelligentes,
1485 2807 1531 2885 de
1552 2818 1646 2885 rest.
1662 2805 1756 2910 spol.
1775 2824 1817 2885 ct
1837 2800 1966 2885 innuit

511 2920 768 3033 Augustinus,
783 2948 872 3003 cum
887 2919 980 3029 justa
993 2921 1090 3006 bella
1104 2921 1247 3007 definiri
1263 2921 1369 3007 solita
1385 2949 1463 3007 esse
1486 2944 1644 3007 testatur
1659 2980 1672 3024 ,
1687 2947 1788 3034 quae
1814 2917 1967 3031 injurias

511 3034 764 3140 ulciscuntur,
786 3037 1102 3151 propulsationem
1126 3064 1165 3124 et
1184 3039 1473 3127 vindicationem
1504 3036 1719 3150 injuriarum
1743 3036 1865 3123 verbo
1882 3065 1967 3122 uuo

512 3152 747 3272 complexus.
778 3158 944 3269 Oportet
960 3157 1060 3242 enim
1078 3219 1091 3263 ,
1110 3183 1153 3244 ut
1168 3158 1411 3272 philosophus
1432 3156 1508 3260 ait,
1526 3155 1721 3259 hostibus,
1740 3182 1821 3237 non
1836 3154 1966 3240 solum

514 3296 602 3372 cum
613 3270 709 3358 ‘fines
726 3273 912 3358 invadunt
928 3335 941 3380 ,
958 3274 1024 3360 sed
1046 3277 1158 3361 etiam
1174 3305 1262 3362 cum
1287 3276 1442 3361 abierint
1460 3336 1472 3380 ,
1489 3304 1567 3360 esse
1582 3271 1856 3358 formidabiles.

318 3431 415 3482 narrum
440 3442 519 3482 cum·
572 3391 679 3474 XIV.
737 3391 843 3475 hello
868 3392 957 3477 item
977 3392 1075 3505 justo
1090 3395 1287 3507 imperium
1303 3394 1495 3509 quaeritur
1509 3392 1548 3476 in
1564 3421 1632 3477 eos
1647 3452 1659 3496 ,
1676 3419 1844 3506 quorum
1861 3416 1968 3475 com·

319 3491 688 3602 lellessss‘tmoditati
708 3509 943 3615 consulitur,
966 3536 1009 3596 ut
1034 3513 1214 3627 peccandi
1235 3513 1380 3598 licentia
1406 3511 1540 3626 privati
1569 3509 1747 3612 barbari,
1772 3534 1814 3593 et
1837 3507 1969 3623 alege

508 3628 669 3712 naturali
699 3628 834 3715 aversis
874 3631 1039 3715 moribus
1070 3631 1170 3716 exuti
1209 3632 1401 3745 primum,
1431 3629 1567 3715 deinde
1598 3628 1664 3743 piis
1696 3625 1967 3711 exhortationi-

508 3740 578 3828 bus
602 3769 718 3861 atque
747 3746 918 3832 doctrina
942 3747 981 3832 in
1012 3749 1156 3834 cultum
1185 3749 1475 3853 humaniorem,
1501 3770 1568 3832 aut
1602 3746 1716 3832 etiam
1741 3773 1872 3831 veram
1902 3772 1968 3829 rc-

510 3855 689 3975 ligionem
720 3866 914 3970 revocati,
938 3894 1003 3980 per
1026 3867 1132 3954 civile
1166 3866 1243 3954 sive
1271 3866 1414 3984 regium
1447 3864 1643 3982 imperium
1673 3863 1814 3949 cunctis
1842 3862 1970 3946 ratio*-

316 3997 496 4109 ,⁰,{,”,}¹²,}¹„¹¹,{}g
509 3977 617 4065 nibus
643 3981 681 4064 in
709 3979 838 4067 officio
864 3984 1130 4070 contineantur
1147 4016 1156 4069 :
1173 4013 1290 4100 quam
1316 3985 1499 4070 rationem
1532 3981 1755 4069 Gennadius
1782 3979 1971 4068 exarchus

314 4120 444 4213 sactum·¹
508 4095 656 4185 Africae
677 4160 689 4206 ‚
707 4101 764 4186 vir
792 4101 964 4215 optimus·
990 4129 1029 4188 et
1060 4104 1265 4190 catholicae
1295 4102 1381 4189 fidei
1404 4130 1449 4186 ac
1480 4101 1664 4219 religionis
1693 4097 1970 4186 colentissimus

363 4256 367 4259 1
414 4268 417 4275 2
506 4219 763 4326 sequebatur,
781 4249 869 4304 cum
893 4246 1025 4336 gentes
1053 4252 1219 4340 paganas
1244 4224 1459 4308 interiorem
1477 4217 1642 4307 Africam
1665 4217 1871 4303 incolentes
1885 4217 1970 4301 bel·

506 4329 546 4414 lo
569 4334 605 4416 in
641 4336 821 4421 ditionem
846 4340 1047 4456 redigere,
1076 4341 1216 4453 coeptis
1242 4338 1394 4429 favente
1414 4346 1502 4424 Deo
1520 4401 1533 4445 ,
1554 4339 1742 4425 nitebatur
1759 4397 1770 4439 ,
1787 4337 1842 4419 ob
1875 4363 1967 4420 eam

506 4448 702 4538 dumtaxat
726 4482 903 4559 causam,
928 4482 971 4542 ut
998 4459 1296 4544 Christianorum
1326 4458 1481 4572 imperio
1507 4457 1695 4564 subiectae
1717 4452 1968 4540 commodius

503 4571 718 4687 evangelica
741 4574 1017 4686 praedicatione
1046 4602 1085 4662 et
1112 4579 1282 4662 doctrina
1312 4576 1505 4661 inChristi
1533 4574 1649 4660 iidem
1679 4575 1967 4679 inducerentur,

503 4712 547 4770 ut
576 4690 783 4806 Gregorius
816 4689 990 4781 Pontifex
1029 4696 1249 4799 maximus,
1284 4718 1324 4781 et
1354 4695 1455 4780 idem
1490 4694 1664 4779 ecclesiae
1704 4694 1840 4778 doctor
1874 4720 1969 4777 san·

503 4805 682 4894 ctissimus
708 4836 748 4894 et
773 4808 1008 4925 gravissimus
1041 4813 1078 4896 in
1106 4815 1289 4928 epistola,
1308 4841 1407 4928 quae
1434 4835 1491 4896 est
1520 4814 1571 4899 ad
1601 4812 1778 4896 eumdem
1794 4814 1969 4894 Genna-
2063 4858 2067 4865 ·

505 4922 612 5010 diurn
641 4927 722 5013 libri
746 4929 854 5044 primi
877 4962 988 5013 uxxru.
1011 4956 1224 5017 memorat:
1251 4931 1327 5043 eius
1352 4929 1496 5050 generis
1528 4929 1626 5017 bella
1655 4929 1816 5015 maxime
1846 4959 1967 5016 com-

1840 5078 1963 5134 mell-
