4140 5872
410 398 828 494 MENSIUMQUE
873 400 1302 479 ROMANORUM·
1493 424 1561 495 ¹79

133 558 242 619 tuere
268 521 480 631 solent'eut
502 522 671 615 Romani
686 517 880 611 conditam
905 524 1066 635 urbem,
1087 527 1223 638 Judaei
1242 526 1478 634 libertatem,
1490 544 1586 615 cum

133 680 173 740 se
191 651 239 736 ab
258 646 539 765 Aegyptiorum
567 641 746 729 servitute
762 642 1029 753 vindicarunt,
1045 645 1244 733 Christiani
1259 644 1396 732 Christi
1412 647 1474 733 'vel
1488 674 1579 732 con·

132 769 369 883 ceptionem,
391 793 509 883 quam
538 768 826 849 incantationem
840 791 999 881 quoque
1021 765 1167 882 vulgari
1193 763 1464 852 consuetudine
1491 765 1577 853 dici-

130 880 616 993 nus,ve1:nm1emdon
632 910 642 963 t
659 909 740 966 tem
752 910 845 968 vero
864 912 1021 998 gravem
1036 909 1077 971 et
1090 882 1286 971 molestam
1305 944 1318 989 ,
1334 911 1510 999 quaeque
1525 882 1579 969 in·

130 1002 254 1092 fausta
282 1004 408 1092 videri
433 1001 549 1118 possit
568 997 698 1104 ,nulb
722 1006 907 1114 umquam
930 1004 1036 1088 natio
1065 1002 1239 1108 initium,
1268 1001 1372 1089 unde
1400 1002 1584 1115 temporis

129 1124 228 1210 ratio
250 1122 478 1227 duceretur,
501 1115 716 1206 constituit.
739 1118 848 1214 Quid
871 1143 1002 1206 autern
1027 1144 1095 1207 aut
1117 1119 1267 1237 gravius
1297 1144 1365 1206 aut
1387 1118 1583 1230 molestius

128 1242 227 1326 solet
241 1239 454 1327 hominibus
479 1234 645 1324 accidere
660 1295 673 1340 ,
690 1262 810 1349 quam
835 1235 1044 1345 tributum,
1059 1238 1170 1353 quod
1185 1236 1389 1324 multatum
1404 1265 1514 1350 saepe
1528 1232 1574 1322 ci·

127 1359 293 1444 vitatum
319 1382 434 1475 atque
458 1355 569 1442 etiam
596 1353 797 1438 nationum
830 1383 1012 1471 magnum
1038 1356 1171 1442 odium
1199 1354 1365 1472 integes
1393 1381 1438 1439 ac
1454 1353 1574 1470 prin.

127 1474 227 1590 cipes
250 1505 336 1561 suos
354 1536 367 1582 ,
385 1472 652 1560 nonnullarum
677 1471 791 1556 etiarn
804 1468 1055 1561 defectionem
1081 1470 1307 1560 concitavit?
1580 1489 1583 1494 ·

187 1594 334 1678 XXVI.
374 1597 478 1710 Age
507 1619 601 1680 vero
625 1587 935 1705 ut‘abhis,qui
962 1592 1146 1679 tributum
1169 1587 1391 1679 illudvelut
1421 1616 1501 1680 tem
1517 1589 1635 1678 ill-ff.
1685 1650 1687 1654 ,
1741 1517 1812 1682 55·

126 1706 343 1799 dubitatum
354 1708 507 1824 ponunt
522 1768 536 1813 ,
550 1730 592 1793 et
606 1732 678 1817 pro
693 1733 782 1791 suae
805 1709 1009 1797 sententiae
1032 1707 1285 1796 fundamemo
1300 1707 1438 1821 jaciunt
1453 1765 1466 1809 ,
1484 1736 1572 1820 pau·

126 1825 170 1913 lo
193 1829 355 1915 severius
377 1827 562 1914 tationem
588 1836 825 1937 reposcimus
838 1853 852 1928 3
874 1839 991 1942 quem
1022 1828 1189 1915 tandem*
1203 1837 1402 1913 auctorem,
1428 1824 1572 1931 habent
1610 1840 1620 1847 r.
1770 1833 1773 1851 2

125 1942 409 2030 edictmn'illud
429 1944 480 2031 de
501 1939 691 2027 censendo
713 1963 895 2030 tertarum
921 1946 1016 2032 orbe
1031 1948 1082 2033 ad
1105 1946 1291 2034 tributum
1308 1940 1580 2058 imperandum*

126 2061 376 2174 pertinuisse,
403 2089 447 2145 ac
471 2060 614 2151 eodem
635 2081 808 2174 tempore
837 2058 946 2150 fuisse
971 2063 1011 2149 in
1039 2064 1133 2152 orbe
1160 2067 1339 2149 Romano
1363 2058 1574 2149 universale

125 2178 312 2265 tributum
333 2175 581 2293 imperatum
599 2177 699 2272 'Hoc
724 2176 1020 2268 enim'vetetum
1050 2181 1273 2297 scriptorum
1296 2208 1437 2286 nemo,
1460 2204 1506 2266 ut
1523 2206 1582 2264 εν,

126 2296 283 2412 quidem
306 2296 492 2403 arbitror,
509 2294 713 2386 memoriae
738 2294 920 2385 tradidit:
943 2327 1025 2417 ego*
1040 2327 1135 2389 vero
1158 2323 1295 2384 testem
1319 2298 1445 2386 babeo
1471 2295 1570 2382 locu·

120 2413 368 2528 plebeiorum
384 2412 619 2529 Josephum,
638 2411 783 2497 nullum
797 2412 838 2498 id
862 2419 1040 2530 temporis
1070 2418 1294 2530 imperatum
1322 2411 1430 2500 fuisse
1456 2412 1574 2499 tribu-⁴

127 2535 215 2617 tum
230 2591 244 2637 ,
277 2533 342 2648 qui
357 2530 610 2646 Judar'canrm
638 2537 903 2637 antiquitatum
933 2533 997 2619 lib.
1021 2544 1086 2619 18.
1104 2531 1271 2645 Judaeos
1293 2528 1482 2647 quosdam
1496 2554 1572 2616 tta·

127 2646 214 2754 dit,
230 2650 298 2764 qui
324 2678 363 2735 se
389 2647 555 2753 vindices
575 2646 751 2733 libertatis
781 2676 859 2770 esse
889 2649 1190 2764 profitebamur,
1215 2659 1370 2764 propter
1397 2646 1570 2760 stupido·

128 2789 218 2861 uem
244 2766 453 2882 imperandi
481 2764 610 2853 tributi
637 2794 684 2852 ex
714 2793 763 2851 eo
790 2792 904 2872 censu
932 2766 1073 2855 temere
1098 2791 1322 2882 conceptam
1352 2763 1577 2850 tumultuari

126 2883 320 2998 coepisse,
344 2908 461 3000 atque
481 2913 572 2970 eum
591 2907 741 2969 mooun
761 2882 919 2977 causam„
938 2881 1047 2974 fuisse
1070 2885 1278 2993 multotum
1301 2882 1507 2968 malorum.
1530 2886 1570 2966 1-

128 3023 247 3114 taque
267 3029 421 3086 censum
447 3002 577 3108 hunc,
595 3029 678 3117 quo
706 3000 755 3087 de
777 3001 990 3089 mortalium
1002 3008 1184 3090 Romano
1209 3000 1364 3116 imperio
1387 2997 1569 3111 subiecto
1633 3045 1639 3047 f·

128 3141 430 3322 'lll'ls‘h
446 3114 1571 3350 ffinpfflfflnfflffi

128 3350 179 3437 be
201 3357 335 3439 Rorna-
348 3353 486 3469 quinto
509 3359 669 3473 quoque
696 3379 800 3438 anno
824 3354 947 3469 capita
970 3381 1009 3442 et
1031 3351 1254 3472 patrimonia
1278 3353 1415 3442 civium
1431 3355 1569 3437 Roma·

126 3494 267 3557 notum
279 3530 294 3591 ,
308 3471 422 3558 'etiam
444 3499 533 3558 cum
558 3469 661 3556 nulla
681 3492 776 3557 esset
797 3470 926 3558 tributi
940 3500 1011 3559 nec
1033 3472 1179 3560 mentio
1191 3499 1263 3558 nec
1277 3470 1435 3587 ospicio
1451 3530 1463 3573 ,
1479 3479 1568 3553 c'en·

129 3588 335 3675 rebantur.
358 3595 457 3677 ¹Non
482 3588 605 3676 solum
630 3587 744 3707 igitur
773 3587 992 3702 opinionem
1024 3587 1186 3677 afferunt
1215 3586 1360 3675 futilem
1400 3609 1440 3671 et
1477 3583 1569 3670 nihil

131 3702 337 3829 habentem
357 3704 650 3825 probabilitatis,
673 3706 739 3793 sed
759 3707 870 3823 quud
896 3730 1050 3810 sumunt
1072 3737 1144 3826 pro
1167 3698 1365 3822 comperto
1379 3764 1393 3807 ,
1409 3701 1568 3788 dubitun

129 3845 353 4026 iss'chqu‘
371 3824 473 4028 “lt
488 3823 1050 4030 ffliuhnw
1059 3824 1206 4029 „ibid
1229 3817 1569 4026 {2⁰⁵3th

132 4055 238 4145 sitate
254 4057 276 4163 ,'
297 4002 376 4145 sed
389 4060 542 4182 curiosa
559 4001 727 4176 quadam
752 4003 941 4178 diliginus
963 4011 1105 4149 facium
1135 3970 1308 4173 stupicmi
1334 4085 1373 4144 se
1403 4014 1582 4171 diceret,

132 4175 352 4262 sententiam
378 4175 486 4266 affert
510 4177 792 4294 improbabilem
808 4239 821 4284 ,
837 4177 899 4265 vel
923 4179 973 4265 ab
987 4175 1326 4298 AugustiCoesaris
1354 4172 1507 4289 ingenio
1530 4195 1570 4258 et

69 4361 75 4366 .
131 4290 301 4390 moribus
332 4295 630 4403 abhorrentem,
655 4295 759 4382 docti
788 4295 834 4381 ac
865 4297 989 4384 omnis
1012 4293 1258 4385 humanitatis
1283 4290 1438 4379 studiosi
1469 4288 1571 4404 prin·

131 4407 252 4522 cipis,
272 4412 336 4496 cui
366 4438 406 4499 et
431 4413 544 4500 ‘cordi
572 4439 612 4499 et
640 4442 754 4499 curae
783 4410 894 4507 fuisse
919 4415 1077 4520 scimus,
1106 4410 1279 4500 adhibito
1300 4408 1412 4498 etiam
1437 4408 1572 4524 Agrip·

132 4555 217 4641 pa,
246 4552 418 4652 utopus
440 4555 481 4619 et
509 4531 731 4619 tabulaede
756 4529 830 4618 situ
850 4533 948 4619 orbis
974 4560 1063 4617 cum
1091 4530 1315 4617 mosoma
1337 4524 1572 4638 mundipot-

137 4644 234 4728 tium
249 4705 262 4752 ,
278 4647 501 4764 tegiomtm,
515 4648 685 4755 urbium,
699 4645 904 4737 fluviorum
926 4674 1042 4764 atque
1063 4649 1252 4736 montium
1266 4644 1411 4732 tatione
1435 4638 1486 4726 ad
1501 4641 1571 4726 ho·

140 4761 288 4854 minum
308 4764 564 4858 sutdiosotum
578 4766 835 4885 cognitionem
850 4764 1123 4857 conficerentur
1140 4799 1149 4854 :
1165 4794 1285 4884 quam
1306 4763 1490 4850 tationem
1501 4758 1575 4844 Pli-

848 4891 923 4973 Za
1223 4906 1226 4911 ’
1496 4901 1579 4962 mus
