4034 5858
475 354 527 423 ιιι
545 349 705 423 cnusts
728 307 939 421 occurs,
967 350 1158 423 cutum.

594 597 872 681 CAPUT
931 597 1012 680 xt.

671 831 933 918 Summarium.

113 1038 141 1096 1
203 1034 388 1130 Comparatio
409 1031 490 1112 legis
508 1028 635 1103 jubentis
650 1028 750 1090 celare
772 1028 885 1088 occulta
899 1027 1024 1087 crimina
1042 1069 1055 1102 ,
1077 1030 1258 1091 eructantis
1275 1029 1480 1105 pejerarent!

118 1198 165 1256 11.
237 1116 365 1253 'irim
376 1190 594 1268 spontesocera
607 1206 659 1245 non
675 1186 748 1248 lieet
758 1229 770 1263 ,
790 1207 862 1267 quoe
875 1199 956 1248 recte
963 1186 1038 1262 fiunt
1056 1200 1182 1264 propter
1195 1188 1255 1248 mal
1255 1209 1299 1248 am
1319 1190 1478 1252 vitandum.

112 1277 179 1334 111
199 1194 297 1414 {aas
284 1293 315 1331 tn
325 1291 435 1354 genere
445 1281 594 1348 peccatum
609 1267 699 1326 tollat
708 1272 806 1339 justus
823 1280 913 1327 motus
932 1272 1012 1326 certi
1018 1269 1162 1363 periculi.

114 1356 178 1419 W.
231 1357 292 1413 atio
308 1365 338 1413 ot
352 1365 461 1427 tempas
477 1351 595 1410 celandi
607 1366 642 1407 ac
656 1351 792 1408 vicissim
807 1350 961 1408 indicandi
976 1351 1086 1408 crimen
1099 1346 1249 1410 occultam.

108 1559 139 1637 Ι.
170 1481 471 1646 REdeamus
441 1552 573 1686 ‘igitur
588 1551 639 1637 ad
655 1579 716 1636 eas
727 1548 840 1668 leges,
856 1576 955 1663 quae
970 1548 1079 1662 hujus
1093 1548 1237 1634 boni
1201 1549 1269 1636 vrri
1282 1608 1297 1685 ⁹.
1308 1550 1368 1636 cui
1386 1578 1528 1637 consu-

73 1671 151 1756 lere
167 1670 376 1777 volumus,
390 1670 557 1755 animum
575 1669 810 1754 distrahunt
802 1698 839 1751 tn
858 1667 958 1753 varia
975 1666 1150 1773 consilia,
1171 1691 1210 1752 et
1226 1669 1420 1811 utriusque
1448 1671 1527 1755 vim

73 1790 394 1874 etauctoritatem
423 1788 720 1873 consideremus.
758 1785 883 1871 Altera
907 1784 1023 1871 dicit:
1059 1729 1251 1869 Occicltutum
1278 1794 1529 1872 sociicriruert

71 1910 277 2016 diligenter
291 1909 510 1991 occultabit.
553 1907 661 2017 Justa
677 1904 734 1990 lex
754 1931 810 1990 est
827 1904 1039 2038 ,honesra,
1070 1928 1148 1989 eta
1170 1931 1304 1990 natura
1333 1901 1529 2020 profecta,

72 2023 142 2109 sed
169 2052 286 2140 quam
305 2023 502 2140 praeterire
536 2022 621 2109 licet
640 2022 925 2157 aliquando,
900 2052 928 2105 st
959 2029 1101 2157 spectet
1124 2022 1163 2106 in
1196 2021 1345 2108 alterius
1370 2025 1529 2129 malurn,

72 2166 114 2227 et
132 2143 256 2227 multo
273 2143 390 2279 tnagis
405 2144 444 2227 in
459 2168 608 2247 tuum,
640 2171 685 2226 ac
719 2140 879 2226 maxime
895 2141 1066 2225 omnium
1083 2140 1122 2224 in
1143 2140 1308 2255 periculo
1327 2140 1530 2258 religionis,

73 2261 135 2348 vel
152 2260 390 2376 reipublicae.
417 2259 548 2346 Altera
564 2203 746 2346 leitdicit:
781 2262 869 2342 Non
886 2259 999 2364 feres
1016 2267 1262 2342 testimonium
1274 2257 1348 2363 fal
1345 2287 1438 2343 sum.
1456 2265 1532 2345 Le·

72 2407 165 2513 gem
185 2377 302 2464 audio
321 2407 495 2482 sacram,
515 2378 680 2464 divinam
695 2401 734 2461 et
751 2377 972 2482 naturalem,
989 2404 1069 2460 non
1097 2376 1258 2512 cujusvis
1274 2376 1439 2482 ordinis,
1464 2378 1531 2465 scd

72 2523 121 2580 ex
139 2495 180 2581 iis
201 2556 214 2601 ,
243 2526 341 2612 quae
358 2495 599 2582 continentur
611 2496 655 2579 in
670 2495 889 2611 decalogo,
908 2493 1071 2580 breviter
1087 2524 1109 2577 a
1124 2499 1227 2608 cujus
1248 2495 1384 2608 scripto
1413 2497 1532 2581 nemi·

73 2612 118 2699 ni
146 2613 226 2699 ullo
243 2645 427 2732 umquam
444 2638 639 2728 tempore
635 2614 727 2698 licet
743 2613 960 2716 discedere,
990 2642 1070 2696 non
1087 2612 1115 2696 si
1145 2642 1293 2698 necesse
1319 2612 1429 2699 luerit
1449 2613 1532 2699 mil·

74 2728 140 2817 lies
170 2758 336 2819 mortem
365 2756 570 2867 oppetere,
602 2757 643 2817 et
671 2755 754 2816 tota
782 2731 910 2816 civitas
941 2729 1176 2844 periclitetur.
1207 2731 1356 2824 Quibus
1388 2731 1531 2867 legibus

74 2852 333 2988 comparatis,
358 2851 500 2936 crimen
516 2875 571 2936 est
588 2845 825 2964 prolecto
775 2877 914 2935 cnmen
932 2908 944 2953 ,
974 2849 1175 2956 dubitare,
1205 2874 1291 2936 utra
1308 2850 1353 2934 sit
1370 2849 1500 2936 alteri
1490 2882 1530 2937 ιιι

75 2971 342 3054 contentione'
360 2965 629 3100 praeferenda.
666 2971 766 3052 Ριιιι.
799 2964 1067 3100 Jusjurandum
1098 2996 1235 3084 ergo,
1264 2970 1373 3085 quod
1408 2968 1527 3077 dedi,

76 3085 235 3201 praebet
253 3087 374 3171 mihi
365 3117 420 3199 rus
452 3086 717 3221 respondendi.
749 3090 847 3169 Τιιι.
873 3082 1032 3175 Minime
1062 3114 1184 3191 vero,
1216 3087 1281 3172 sed
1309 3087 1527 3196 necessitas,

76 3231 157 3319 qua
173 3206 347 3321 cogeris,
380 3204 445 3291 tibi
460 3204 639 3320 permittit
654 3203 908 3318 respondere,
933 3231 1021 3287 cum
1038 3203 1137 3318 prius
1153 3233 1232 3289 non
1248 3203 1397 3290 liceret.
1429 3207 1524 3293 veri·
1541 3194 1719 3328 ιζ’ῗζξξξξ·

79 3344 137 3406 tas
161 3349 333 3437 porroet
362 3321 645 3458 jusjurandum,
679 3351 728 3406 ne
754 3318 887 3407 falsum
908 3319 1019 3433 judici
1047 3322 1259 3436 praesertim
1277 3300 1719 3462 referas,1n-3fi?1·,¹„‘,¹„ff‘²3

74 3440 289 3528 terdicunt.
314 3441 436 3526 Non
426 3441 537 3559 igitur
554 3471 688 3528 verum
704 3465 760 3526 est
777 3502 790 3546 ,
819 3440 927 3556 quod
944 3439 1010 3524 tibi
1026 3439 1141 3554 paulo
1157 3466 1245 3527 anre
1262 3444 1463 3547 sumebas,
1497 3443 1526 3529 si

75 3557 173 3671 quid
191 3584 326 3674 sponte
343 3556 465 3645 facere
481 3587 562 3645 non
586 3558 697 3664 licet,
731 3558 769 3643 id
786 3587 996 3674 numquam
1025 3587 1072 3644 ne
1088 3584 1223 3649 coacto
1238 3561 1393 3676 quidem
1417 3559 1525 3648 licere

73 3674 267 3790 cuipiam,
299 3674 512 3795 uteffugiat
527 3676 684 3791 aliquod
700 3674 854 3760 malum.
887 3680 987 3760 Ριιιι.
1014 3674 1095 3761 Si
1084 3707 1165 3794 qua
1186 3680 1241 3764 vis
1263 3678 1373 3763 allata
1397 3704 1525 3793 potest

77 3820 159 3878 non
180 3793 312 3880 modo
317 3795 538 3902 sublevare,
566 3794 632 3880 se'd
652 3792 794 3879 tollere
796 3794 925 3879 etiam
951 3794 1109 3880 omnino
1135 3821 1360 3912 peccatum,
1384 3799 1523 3907 eodem

78 3913 203 4000 modo
219 3943 301 4000 non
333 3911 563 4031 delinquet,
596 3913 626 3998 si
654 3912 736 4028 quis
754 3913 986 4027 temporibus
1008 3913 1192 4000 adductus
1221 3914 1426 4028 pejerabit,
1454 3943 1523 4006 aut

75 4058 236 4146 urgente
255 4033 473 4119 necessitate
486 4030 765 4117 adulterabitur
796 4034 886 4115 Hoc
901 4035 1029 4117 aurern
1045 4060 1114 4116 nec
1137 4031 1274 4147 patitur
1290 4032 1438 4149 religio,
1452 4065 1524 4121 nec

75 4146 341 4268 philosophiae
358 4153 470 4238 ratio
473 4149 645 4267 q,uibus
670 4149 736 4266 qui
762 4179 890 4264 parere
906 4149 996 4235 velit
1020 4148 1180 4261 (omnes
1197 4178 1325 4234 aurem
1341 4151 1435 4236 velle
1452 4153 1523 4238 de-

77 4266 291 4404 bebuntl·
281 4302 310 4356 ts
326 4270 521 4356 morietur
527 4270 687 4385 potius,
714 4299 831 4384 quarn
856 4268 1011 4382 turpiter
1026 4262 1160 4355 faciat:
1191 4263 1277 4353 facit
1295 4293 1423 4354 autem
1439 4296 1524 4356 ιιιι-,

74 4383 201 4518 pirer,
221 4387 287 4502 qui
300 4388 441 4473 crimen
457 4388 649 4474 occultum
664 4384 857 4523 patefacit,
882 4391 978 4470 Τιιι.
995 4391 1130 4501 Longe
1157 4384 1227 4470 alia
1241 4416 1353 4472 causa
1377 4413 1432 4475 est
1458 4420 1524 4504 pe·

73 4501 227 4637 jerantis
247 4505 307 4592 vel
322 4503 561 4593 adulterantis
578 4569 591 4612 ,
611 4530 651 4593 et
670 4535 747 4618 epus
759 4506 824 4621 qui
848 4504 988 4592 invitus
1015 4503 1166 4617 prodit
1157 4506 1348 4591 occultum
1374 4506 1524 4594 alterius

74 4621 242 4736 crimen:
272 4649 316 4708 ut
333 4624 434 4710 enim
457 4625 541 4741 quis
568 4624 805 4740 jurejurando
829 4618 962 4708 falsum
990 4620 1217 4757 confirmet,
1248 4625 1311 4710 vel
1341 4624 1525 4711 adultere-

75 4763 167 4848 tur,
193 4767 294 4828 recte
311 4740 389 4828 fieri
405 4772 614 4879 numquam
630 4766 782 4859 potest:
816 4740 975 4876 pertinet
999 4741 1098 4825 enim
1115 4743 1164 4827 ad
1180 4765 1397 4859 praecepta
1394 4767 1525 4827 vetan-

76 4857 158 4995 tia,
191 4889 291 4979 quae
305 4860 446 4949 nullam
466 4862 659 4981 patiuntur
672 4859 850 4979 temporis
865 4860 1137 4976 exceptionem.
1166 4863 1300 4977 ltaque
1324 4859 1423 4945 mori
1448 4891 1525 4975 po-

1450 4978 1527 5068 tius
