4020 5864
515 383 584 472 54⁶
850 372 1204 450 ANTAPOLOGIA
1231 371 1563 446 anonumum

494 532 584 589 narn
602 495 879 618 magnifacio,
903 493 995 586 sed
989 525 1034 586 ut
1063 525 1137 586 me
1156 499 1314 613 istorum
1340 498 1540 586 conatibus
1567 496 1811 614 opponerem
1840 503 1940 619 ,qui

481 621 592 758 mei,
610 621 752 706 dum
716 645 890 725 viveret,
905 643 1094 704 amantem
1122 644 1356 734 patronum,
1380 644 1419 703 et
1435 618 1578 754 optime
1596 616 1647 703 dc
1674 646 1742 703 me
1771 620 1942 709 meritum

496 737 676 825 infamare
695 763 916 825 tentarunt:
944 765 1013 822 nec
1036 764 1181 853 parerer
1196 738 1271 823 ab
1262 738 1484 853 importunis
1505 736 1660 854 ingeniis
1675 736 1762 823 viro
1741 740 1939 878 optimo,

499 858 625 943 illustri
644 883 794 974 ,atque
810 855 1024 943 doctissimo
1050 857 1298 995 turpissimam
1326 880 1459 942 notam
1488 855 1615 962 inuri,
1640 879 1681 942 et
1715 855 1793 969 ejus
1817 859 1946 946 nomi·

490 976 555 1062 rtis
541 975 815 1114 splendorem
831 975 991 1062 tenebris
1010 976 1273 1064 commentitiis
1299 960 1497 1062 obfuscari.
1521 974 1687 1069 Quod
1659 998 1691 1060 su
1707 977 1851 1112 absque
1867 978 1945 1065 ani·

496 1094 552 1181 mi
568 1119 624 1181 tur
612 1091 844 1184 offensione
870 1095 994 1212 aliqua
1017 1095 1191 1234 praestari
1206 1125 1285 1181 nou
1310 1095 1476 1211 poterit,
1502 1093 1569 1180 tibi
1584 1092 1793 1231 assignabis
1809 1103 1947 1204 ,Erm-

499 1244 586 1321 me,
607 1215 760 1332 quinos
786 1215 914 1302 libello
935 1241 1006 1302 tuo
1021 1216 1060 1301 in
1085 1239 1166 1303 tam
1182 1214 1327 1331 iniquas
1342 1214 1530 1352 angustias
1550 1211 1777 1326 coniecisti,
1803 1241 1850 1303 ιιι
1865 1216 1944 1304 inde

496 1333 602 1419 aliter
626 1333 724 1421 exire
756 1364 835 1421 non
862 1333 1001 1442 liceat,
1029 1334 1097 1421 nist
1086 1331 1216 1422 facta
1248 1334 1447 1450 eruptione
1468 1361 1538 1450 ρει
1563 1361 1626 1419 cas
1655 1333 1828 1449 copias,
1861 1365 1944 1472 quas

496 1453 576 1538 acie
602 1451 762 1560 infesta,
792 1454 858 1541 sed
874 1482 1006 1569 parum
1029 1452 1161 1540 firma
1152 1483 1191 1539 ιιι
1212 1452 1413 1542 Alberrum
1428 1450 1647 1558 collocasti,
1689 1453 1790 1539 dum
1821 1455 1944 1569 ριιιὶιι

496 1569 708 1708 indulgeres
734 1573 936 1661 stomacho
958 1598 1057 1682 tuo,
1081 1572 1217 1691 partim
1241 1572 1528 1664 vanissimorum
1557 1570 1767 1659 hominum
1791 1569 1946 1691 figmen-

497 1688 544 1776 tis
564 1692 832 1809 adquiesceres.
1963 1740 1971 1763 ·

556 1811 625 1897 IV.
646 1816 822 1948 Neque
838 1811 939 1912 enim
955 1809 1094 1899 adduci
1120 1839 1274 1927 possum
1290 1807 1304 1927 (
1319 1836 1364 1899 ιι
1405 1808 1494 1897 aulo
1511 1832 1601 1896 ante
1617 1807 1827 1929 dicebam)
1842 1815 1948 1900 Eras-

386 1979 407 2020 ι
496 1956 603 2014 mum
621 1928 742 2019 virum
766 1931 929 2047 probum
957 1955 997 2017 et
1021 1931 1133 2067 pium
1150 1930 1231 2017 eo
1251 1930 1350 2017 caeci
1339 1843 1501 2018 litoris
1517 1928 1773 2044 processisse,
1799 1956 1844 2018 ut
1857 1959 1947 2049 quae

304 2038 487 2152 ἧῖιξῗιξιξρξξ
498 2041 624 2148 falso
614 2074 726 2161 jactat
741 2049 790 2136 de
816 2048 975 2135 Alberto
990 2048 1087 2155 Pio,
1116 2048 1193 2164 ipse
1209 2048 1255 2135 sit
1270 2078 1337 2165 ρει
1352 2048 1574 2136 malitiosam
1592 2045 1827 2136 calumniam
1843 2078 1945 2136 com·

305 2161 440 2272 ξξξξξξ
433 2174 488 2270 ξξζ
500 2189 676 2271 memus,
709 2167 775 2254 sed
808 2168 859 2252 ab
880 2166 954 2254 aliis
981 2165 1032 2254 ad
1069 2196 1109 2254 se
1138 2167 1333 2257 vanissime
1366 2192 1405 2254 et
1434 2163 1619 2301 flagitiose
1646 2168 1773 2253 delata
1801 2165 1944 2254 referre.

305 2281 849 2401 1ξιξιξξιιξξ·Ιιιιιιοιιιιιειιει
874 2285 984 2401 culpa
1000 2309 1149 2371 tuaest.
1180 2285 1349 2371 Primum
1365 2285 1475 2403 quod
1504 2283 1730 2393 delatione,
1755 2315 1835 2372 uon
1859 2285 1940 2374 dico

304 2414 401 2526 ξξξιιξ
413 2415 487 2513 ιξξξξι
500 2431 615 2510 uera,
635 2405 702 2492 sed
733 2434 782 2491 ue
798 2403 981 2520 probabili
1011 2404 1167 2520 quidem
1194 2404 1382 2511 omnino,
1399 2406 1441 2450 '¹'
1458 2427 1600 2490 temere
1616 2348 1767 2492 credita
1789 2404 1944 2492 animum

307 2524 430 2625 Μξξξ·
497 2520 682 2610 induxeris
696 2582 710 2630 ,
732 2552 778 2610 ea
793 2523 921 2609 litteris
938 2522 1147 2632 mandare,
1173 2552 1274 2660 quae
1289 2547 1334 2610 ut
1349 2521 1546 2612 vanissima
1562 2549 1642 2608 esse
1660 2554 1803 2612 omncs
1819 2525 1940 2630 sciunt,

335 2645 484 2697 ΝΜ
499 2670 567 2758 qur
556 2640 790 2729 Albertum
806 2643 914 2728 Pium
931 2666 1152 2748 noverunt,
1178 2643 1229 2728 sic
1259 2670 1329 2728 nec
1354 2643 1515 2758 probare
1542 2640 1676 2728 valeas
1708 2644 1794 2729 ullo
1823 2646 1943 2750 modo,

304 2718 400 2770 “emp
400 2716 482 2756 mrem

201 2797 203 2800 >
307 2722 571 2900 ζιξιξὲῑιιξιιιιει
594 2761 754 2848 cordato
786 2761 963 2878 cuiquam
997 2759 1142 2846 homini
1174 2764 1223 2847 de
1247 2785 1359 2848 tanto
1394 2760 1480 2848 viro
1504 2761 1768 2894 persuadere.
1809 2762 1945 2850 Deinde

306 2886 471 2957 wasme·
499 2878 609 2994 quod
635 2904 706 2966 tuo
723 2879 894 2966 malueris
909 2881 1109 2966 stomacho
1113 2879 1344 3015 indulgere,
1371 2907 1489 2994 quam
1504 2876 1645 2992 judicio
1671 2884 1940 3014 obtemperare.

500 2996 595 3114 qui,
611 3026 699 3084 cum
723 2999 829 3084 scires
845 3024 955 3115 turpe
980 3024 1096 3114 arque
1112 2997 1268 3114 impium
1284 2999 1442 3104 haberi,
1468 2998 1587 3085 veteri
1602 2998 1723 3085 etiam
1751 2998 1944 3116 proverbio

499 3141 683 3223 vetante,
709 3116 867 3204 mortuis
898 3116 1157 3220 maledicere,
1182 3116 1366 3204 levissima
1396 3141 1525 3203 tamen
1558 3119 1810 3207 excusatione
1841 3146 1947 3223 ursus,

498 3236 608 3372 quod
625 3236 766 3321 mortui
782 3238 820 3322 in
844 3233 1095 3341 rescribant,
1119 3234 1262 3323 lllberti
1278 3235 1332 3321 Pii
1365 3263 1494 3322 manes
1518 3235 1760 3352 improperiis
1808 3262 1845 3325 er
1864 3264 1947 3323 con·

498 3355 599 3442 viciis
622 3354 808 3471 exagitare
839 3354 1054 3442 decreveris
1083 3357 1180 3439 Non
1208 3378 1264 3440 est
1293 3381 1440 3470 turpe,
1473 3359 1627 3475 Erasme
1660 3356 1751 3459 ,in
1786 3382 1943 3441 mortuos

498 3475 682 3582 scribere,
711 3474 740 3559 si
757 3501 885 3590 parcas
901 3471 1054 3585 lamae,
1078 3469 1172 3558 falso
1188 3473 1288 3560 dicta
1313 3472 1376 3560 vel
1391 3472 1548 3580 acriter,
1572 3504 1601 3559 st
1589 3472 1771 3583 libeat,
1804 3476 1949 3562 insecte-

499 3592 559 3678 ris.
591 3595 682 3680 Hoc
697 3593 799 3678 enirn
816 3621 894 3678 non
912 3617 1057 3679 veteres
1083 3615 1233 3678 tantum
1256 3591 1503 3707 philosophi,
1529 3620 1666 3680 verum
1699 3594 1824 3680 etiam
1852 3592 1949 3680 carl

498 3711 635 3816 atiani,
660 3737 700 3798 ει
715 3711 868 3829 egregia
894 3711 1034 3826 pietate
1050 3709 1153 3816 viri,
1177 3710 1311 3827 quod
1302 3739 1380 3827 rpse
1408 3739 1488 3796 non
1506 3712 1691 3847 ignoras,
1723 3710 1947 3800 factitantur.

499 3828 575 3916 Sed
592 3855 762 3917 mortuos
776 3831 962 3916 incessere
977 3828 1206 3939 maledictis,
1236 3855 1276 3918 et
1292 3828 1436 3917 nomini
1463 3829 1629 3947 ipsorum
1642 3829 1844 3941 insidiati,
1874 3858 1944 3920 tur·

497 3977 548 4064 pe
564 3947 725 4035 habetur
749 3978 787 4035 et
803 3944 999 4034 nefarium.

561 4067 616 4154 V.
677 4071 730 4154 Αι
750 4096 1014 4182 responsurum
1039 4090 1077 4153 te
1101 4066 1257 4183 carptim
1273 4065 1364 4154 citra
1380 4016 1526 4156 Alberti
1555 4067 1724 4155 nominis
1754 4095 1950 4159 contume-

497 4184 654 4272 liam
601 4245 617 4293 ,
644 4216 682 4271 ιιι
698 4187 775 4324 ipsa
791 4185 871 4272 libri
887 4182 1115 4302 praefatione
1131 4185 1340 4303 polliceris,
1367 4186 1483 4302 idque
1501 4212 1585 4274 tum
1601 4187 1640 4272 in
1655 4188 1856 4302 epistola,
1873 4216 1946 4277 tum

499 4303 537 4387 in
554 4306 796 4419 responsione
816 4305 1010 4392 abundea
1041 4329 1081 4390 te
1111 4305 1328 4420 praestitum
1359 4304 1553 4418 profiteris
1586 4307 1696 4403 Quid
1724 4310 1945 4424 promissum

498 4423 690 4537 uerbaque
705 4425 854 4511 audiam
873 4485 885 4531 ,
911 4453 1000 4510 cum
1019 4419 1117 4507 facta
1138 4424 1318 4511 videam?
1346 4423 1498 4510 Rudem
1513 4340 1754 4544 theologiaep
1753 4429 1862 4517 illum
1875 4426 1947 4514 fuis

498 4568 538 4626 se
552 4543 749 4627 contendis
767 4601 781 4647 ,
796 4543 1141 4659 philosophastrum
1155 4572 1298 4648 vocas,
1326 4569 1583 4663 nugatorem,
1600 4547 1870 4658 mendacem,
1885 4573 1949 4635 sur·

497 4661 587 4746 dam
601 4659 791 4776 aspidem,
819 4690 945 4749 senem
962 4662 1128 4749 delirum
1134 4601 1461 4778 ,impudentem,
1489 4663 1810 4755 calumniatorem
1837 4663 1948 4799 appel·

494 4775 575 4885 las,
603 4805 642 4867 er
658 4779 746 4867 dicis
777 4803 815 4865 te
844 4781 1118 4868 acontumeliis
1149 4792 1381 4899 temperare?
1412 4787 1476 4869 llo
1504 4776 1670 4922 postulas
1696 4787 1837 4878 haberi
1873 4782 1945 4901 ἱεὶ-

492 4927 570 5017 que
587 4901 792 4991 modestiae
808 4926 895 4990 tuae
923 4901 1090 5020 gratias,
1119 4902 1279 5022 quod
1244 4933 1367 4994 vrrrrm
1394 4901 1784 5022 innocentissimum,
1817 4931 1943 5039 renon

1881 5021 1940 5114 ni·
