4006 5850
516 353 590 450 480
814 353 880 428 DE
908 350 1040 426 FATO
1076 355 1142 427 ET
1170 353 1347 428 LIBERO
1364 356 1603 433 ARurTltro

489 505 619 598 pareat
634 511 712 598 qua
736 482 774 569 in
792 512 832 570 re
846 483 1107 600 philosophiae
1124 482 1312 571 doctiores
1327 480 1453 571 haberi
1472 488 1659 600 cupiunt,
1684 483 1724 570 in
1756 510 1806 570 ea
1831 487 1939 573 maxi·

489 631 551 709 me
567 604 727 716 prodere
743 633 848 689 suam
870 603 1152 722 ignorantiam,
1177 627 1217 688 et
1238 627 1463 717 quantuma
1490 604 1751 722 philosophiae
1769 602 1938 692 institutis

488 718 746 825 abhorreant,
766 722 1038 808 demonstrare.
1072 726 1211 836 Neque
1226 722 1328 807 enim
1355 721 1447 806 haec
1475 722 1624 837 proprie
1654 723 1694 807 in
1727 722 1937 809 Luthcrum

489 837 708 946 scribimus,
733 839 838 950 cuius
854 836 958 925 huot
974 866 1014 926 et
1038 839 1238 955 pertinacia
1266 867 1315 924 eo
1344 840 1548 954 processit,
1575 865 1618 926 ut
1646 841 1693 925 sit
1719 839 1859 926 sanitas
1875 843 1937 927 de·

387 966 389 970 ⁴
487 959 670 1069 speranda
688 989 697 1042 ε
725 959 792 1043 sed
809 959 1060 1044 communiter
1077 959 1116 1042 in
1133 985 1264 1044 omnes
1281 958 1378 1071 ,qui
1409 958 1549 1045 volunt
1566 986 1816 1075 quacumque
1830 959 1934 1045 ratio·

488 1101 537 1160 ne
571 1075 794 1162 sententiam
811 1073 901 1162 olirn
918 1076 1138 1163 damnatam
1162 1101 1355 1163 revocare.

300 1191 479 1303 ᾑξξξῇῇῗξξζ
548 1195 658 1279 x1v.
717 1197 809 1291 Qua
826 1194 985 1310 inpane
1017 1190 1255 1281 Aristotelem
1279 1222 1479 1309 sequemur
1512 1254 1524 1299 ,
1554 1193 1709 1310 eiusque
1734 1191 1932 1310 diligentis-

303 1311 442 1375 ⁶P¹¹¹⁰d⁵⁵·
488 1311 622 1398 simum
653 1336 692 1397 et
716 1312 972 1430 gravissimum
1005 1313 1244 1427 interpretem
1275 1311 1618 1428 Aphrodisiensem,
1645 1312 1933 1421 Alexandrum,

488 1434 659 1516 Graecos
676 1429 951 1561 philosophos,
979 1456 1018 1516 et
1033 1430 1071 1515 in
1088 1429 1253 1516 eruenda
1270 1459 1316 1515 ex
1344 1455 1500 1515 naturae
1527 1430 1659 1515 abditis
1686 1430 1877 1539 veritate,
1900 1458 1934 1519 ct

459 1561 464 1572 “
489 1548 629 1634 arcanis
653 1576 730 1658 qus
754 1548 1024 1662 perscrutandis
1041 1610 1053 1656 ,
1070 1546 1114 1633 ut
1129 1574 1185 1634 est
1200 1548 1936 1663 captushominum,·perspicacissimos3

489 1695 571 1751 non
587 1665 741 1782 quidem
766 1693 810 1752 ut
837 1668 1082 1783 interpretes,
1107 1666 1172 1754 sed
1189 1690 1232 1752 ut
1259 1664 1408 1752 illorum
1430 1692 1477 1752 ex
1506 1660 1677 1750 fontibus
1711 1665 1932 1776 haurientes,

488 1810 661 1871 nostrum
676 1809 715 1870 et
737 1784 915 1897 judicium
930 1810 969 1871 et
984 1784 1157 1872 ordinem
1199 1782 1373 1898 exemplo
1403 1783 1706 1870 doctissimorum
1740 1786 1932 1873 hominum

488 1904 745 1989 adhibeamus.
779 1903 836 1987 Sic
851 1902 951 1989 eninr
977 1901 1072 2007 fiet,
1093 1926 1138 1988 ut
1169 1900 1323 1988 Lutheri
1351 1901 1469 1988 menti
1497 1901 1689 2016 impietate
1718 1931 1766 1986 ac
1796 1899 1932 2020 flagitiis

488 2021 712 2107 obcaecatae
744 2020 861 2127 nihilo
882 2021 1031 2125 minus,
1060 2048 1178 2135 quam
1211 2020 1417 2108 verborum
1440 2019 1677 2133 captionibus
1706 2047 1931 2110 occurrant.

488 2142 601 2224 Errat
615 2140 714 2224 enim
729 2139 757 2223 si
772 2136 855 2254 quis
877 2137 1086 2223 Luthcrum
1103 2199 1116 2245 ,
1133 2164 1317 2224 sacrarum
1333 2139 1540 2223 litterarum
1568 2137 1793 2225 testimoniis
1805 2170 1933 2255 perpe-

489 2285 569 2341 ram
586 2258 718 2343 scilicet
732 2255 922 2343 intellectis
938 2318 950 2362 ,
969 2257 1007 2340 in
1023 2256 1128 2341 hunc
1144 2283 1308 2342 errorem
1329 2280 1438 2372 putat
1454 2254 1648 2361 incidisse,
1665 2257 1740 2372 qui
1758 2316 1771 2362 ,
1788 2259 1930 2365 moriar,

488 2374 517 2459 si
533 2405 612 2463 non
629 2376 762 2462 tacitus
783 2372 921 2462 eodem
934 2374 1021 2460 loco
1037 2373 1151 2460 habet
1166 2398 1371 2490 utrumque
1390 2397 1661 2463 testamentum
1678 2435 1693 2480 ,
1716 2406 1800 2491 quo
1816 2375 1932 2463 decta

488 2517 528 2577 ta
543 2495 787 2580 conciliorum
805 2552 819 2598 ,
840 2518 1133 2607 sanctorumque
1149 2517 1298 2607 patrum
1320 2554 1333 2597 ,
1365 2522 1464 2609 quae
1480 2520 1599 2579 meras
1616 2520 1697 2578 esse
1722 2523 1844 2612 nugas
1860 2526 1932 2610 pro

314 2609 627 2703 Quaruionehtetur.
660 2611 735 2697 Sed
750 2639 838 2695 cum
866 2611 1070 2726 priscorum
1103 2611 1360 2726 quorumdam
1386 2611 1705 2727 philosophorum
1738 2615 1931 2698 auctorita·

300 2700 569 2830 iiii‘iieiis‘iltem
601 2754 641 2815 et
669 2753 863 2814 momenta
878 2727 1067 2814 rationum
1083 2725 1265 2832 secutus,
1296 2753 1420 2815 ratum
1448 2729 1602 2814 haberet
1626 2729 1824 2846 quidquid
1840 2733 1885 2816 ab
1898 2731 1933 2815 il·

300 2831 399 2870 “m‘'
490 2847 532 2933 lis
551 2849 599 2933 de
616 2876 740 2932 return
757 2848 971 2933 necessitate
985 2841 1110 2931 fuisset
1134 2844 1367 2957 iudicatum:
1391 2874 1439 2932 ne
1463 2871 1592 2933 tamen
1607 2877 1632 2930 a
1648 2848 1773 2962 specie
1791 2848 1930 2965 religio-

491 2964 548 3050 nis
574 2988 767 3080 praetenta
782 2966 854 3050 suis
875 2962 1066 3050 fraudibus
1086 2961 1322 3071 discederet,
1348 2961 1588 3052 artificiosum
1604 2965 1808 3051 consilium
1824 2967 1929 3070 irivit,

491 3106 537 3169 ut
552 3083 602 3168 ad
618 3083 824 3170 tollendam
841 3081 1058 3200 religionem
1081 3081 1270 3199 religionis
1296 3081 1528 3198 potissimum
1551 3082 1744 3198 scripturis
1772 3084 1931 3170 abutere·

493 3226 567 3304 tur.
583 3201 665 3298 Qui
679 3225 823 3286 certum
837 3200 952 3286 habet
968 3260 980 3304 ,
996 3196 1117 3285 futiles
1131 3224 1172 3286 et
1186 3200 1459 3287 commentitias
1479 3227 1614 3286 eorum
1630 3230 1712 3287 esse
1729 3202 1927 3317 opiniones,

493 3317 560 3433 qui
575 3317 815 3433 providentia
834 3342 873 3404 et
889 3315 1045 3403 consilio
1061 3373 1077 3423 ,
1096 3339 1136 3402 et
1159 3345 1241 3404 non
1270 3317 1396 3433 potius
1422 3313 1525 3405 fatali
1544 3319 1764 3405 necessitate
1791 3350 1848 3406 res
1872 3322 1932 3406 hu·

494 3464 624 3521 manas
638 3434 882 3522 administrari
895 3435 1164 3543 somniarent,
1190 3461 1260 3521 nec
1283 3434 1397 3521 ullam
1414 3436 1493 3523 uim
1518 3435 1696 3522 'divinam
1720 3463 1867 3551 praeter
1891 3437 1932 3523 lo

494 3583 584 3671 gem
602 3551 808 3639 naturalem
836 3552 1018 3670 agnoscit.
1052 3551 1152 3637 Non
1165 3551 1313 3689 ignarus
1341 3552 1544 3657 videlicet,
1571 3555 1600 3638 si
1626 3555 1706 3639 hoc
1730 3558 1849 3642 semel
1871 3556 1933 3642 ho·

494 3670 654 3760 minibus
669 3673 883 3785 persuaserit
900 3730 913 3776 ,
928 3697 1083 3757 omnem
1099 3669 1314 3788 religionem
1332 3732 1345 3780 ,
1361 3699 1477 3786 quarn
1506 3671 1573 3786 pio
1588 3670 1662 3756 Dei
1683 3674 1796 3760 cultu
1823 3674 1932 3761 conti·

496 3788 576 3873 neri
589 3816 733 3875 certum
747 3813 802 3873 est
818 3845 833 3893 ,
851 3784 1019 3874 funditus
1030 3815 1108 3874 esse
1123 3790 1354 3902 perituram·
1371 3791 1471 3884 Quis
1490 3790 1591 3875 enim
1611 3791 1741 3898 votis,
1759 3791 1845 3908 quis
1860 3821 1935 3906 pre·

496 3904 626 4009 cibus,
645 3906 728 4020 quis
742 3904 920 3992 sacrificiis
934 3905 1038 3991 locus
1052 3904 1297 4023 relinquitur,
1326 3906 1355 3992 si
1384 3908 1555 3994 homines
1582 3932 1727 3995 cuncta
1740 3908 1935 3996 inevitabili

496 4019 737 4129 necessitate,
763 4023 880 4111 nihilo
908 4023 1023 4111 secius
1049 4020 1176 4111 lutum
1205 4053 1283 4113 csse
1311 4025 1535 4114 crediderint
1550 4035 1562 4112 ἓ
1577 4050 1622 4112 ut
1635 4029 1844 4116 accuratius
1867 4056 1936 4114 suo

496 4139 584 4227 loco
601 4140 831 4229 disseremus.
1298 4142 1301 4149 ’
1439 4177 1442 4184 ’

555 4261 647 4346 XV.
703 4265 843 4376 Neque
856 4287 951 4348 vero
965 4258 1103 4347 mirum
1119 4322 1131 4366 ,
1149 4287 1216 4350 aut
1230 4287 1375 4380 praeter
1398 4262 1599 4352 hominum
1626 4266 1937 4354 consuetudinem

499 4375 657 4489 cuipiam
673 4376 792 4465 videri
818 4379 932 4466 debet
948 4440 960 4483 ,
985 4380 1194 4466 Matrinum
1210 4384 1420 4469 Luthcrum
1438 4445 1450 4490 ,
1484 4409 1545 4471 tot
1561 4385 1716 4499 patratis
1732 4387 1935 4486 sceleribus,

338 4523 435 4584 noma
452 4491 538 4576 n-in
554 4492 652 4579 hanc
671 4494 891 4580 sententiam
907 4497 974 4582 sibi
991 4522 1030 4584 et
1045 4498 1215 4585 humano
1230 4501 1358 4618 generi
1384 4501 1728 4618 perniciosissimam
1753 4504 1938 4620 processis·

311 4581 489 4635 ralisuecessl·

311 4639 567 4755 {ffloefflssl‘eljffi‘
584 4614 676 4696 Hoc
690 4612 791 4697 enirn
806 4610 883 4699 fere
903 4616 952 4699 ab
967 4615 1179 4725 hominibus
1196 4621 1374 4705 scelerum
1394 4622 1619 4708 conscientia
1651 4621 1865 4741 profligatis
1885 4619 1938 4705 vi·

311 4762 477 4816 convensus.
500 4728 632 4817 demus
646 4723 835 4836 factitari,
864 4756 908 4816 ut
936 4756 1136 4849 postquam
1164 4737 1203 4820 in
1233 4735 1468 4852 profundum
1501 4765 1747 4855 peccatorum
1785 4736 1932 4853 dejecti,

499 4846 692 4969 coeperint
706 4847 814 4938 saluti
835 4877 923 4938 suae
948 4849 1141 4969 desperare
1154 4882 1169 4966 3
1184 4878 1223 4942 ct
1240 4885 1447 4974 regressum
1465 4860 1515 4946 ad
1539 4858 1772 4968 sanitatem,
1802 4862 1876 4948 sine
1889 4856 1940 4942 iu·

1863 5003 1943 5098 gen
