4034 5858
538 387 606 456 un
630 380 775 479 Jusrts
803 382 937 453 uenti
962 380 1131 456 cnusss.
1464 411 1528 485 351

102 522 224 608 tiones
249 516 429 634 exposui,
458 539 604 630 praeter
629 541 770 628 paucos
790 574 802 618 ,
819 540 916 627 quos
931 511 1034 620 dixi,
1052 513 1257 601 ambitione
1282 539 1348 603 aut
1370 511 1443 604 alio
1469 550 1554 636 gra

103 643 209 727 viote
227 640 364 723 morbo
380 661 602 749 corruptum
627 657 666 718 et
691 656 966 747 repugnantem
990 633 1158 718 animum
1188 661 1387 776 gerentes,
1406 640 1555 753 quosi-

101 789 189 894 psos
206 783 334 841 tamen
350 754 634 870 tergiversantes
658 774 697 835 et
724 751 937 836 laborantes
953 752 1205 867 disputatione
1222 756 1352 869 co'e'gi,
1377 782 1421 841 ut
1437 758 1487 843 ad
1504 757 1555 843 le·

100 875 248 963 vissima
264 901 303 959 et
321 875 429 1002 plane
451 873 605 957 indocta
628 897 873 976 commenta,
897 869 989 954 nolo
1006 871 1105 955 enirn
1128 872 1249 957 dicere
1273 874 1453 1008 puerilia,
1483 877 1557 960 mi-

98 993 297 1079 serabiliter
322 989 571 1108 confugerent
587 1018 692 1073 more
717 984 960 1074 factiosorum
977 989 1205 1094 hominum,
1234 991 1299 1105 qui
1328 992 1367 1075 in
1391 993 1556 1082 civilibus

97 1112 403 1198 contentionibus
444 1136 482 1194 et
513 1108 658 1226 magnis
688 1135 812 1191 rerum
838 1108 1014 1224 angustiis
1032 1109 1216 1226 ergastula
1242 1111 1410 1197 solvunt
1441 1112 1555 1199 Lon-

96 1261 200 1366 ge·
163 1231 273 1314 ioitur
290 1230 411 1343 dispar
434 1252 563 1312 nostra
580 1253 617 1311 et
639 1226 937 1313 adversariorum
953 1255 1148 1313 causaest
1179 1231 1219 1311 A
1236 1229 1425 1343 quibus
1399 1261 1428 1314 sr
1453 1258 1555 1318 cete·

97 1349 144 1433 ris
162 1350 200 1432 in
217 1349 326 1432 rebus
348 1370 546 1459 tantopere
562 1346 796 1431 vinceremur
816 1370 996 1460 ,quanto
1011 1375 1140 1431 sumus
1157 1347 1389 1482 superiores:
1407 1379 1484 1435 una
1500 1376 1556 1436 ta·

98 1497 187 1551 men
215 1497 349 1551 summi
341 1464 573 1550 Sacerdotis
586 1490 625 1549 et
641 1407 828 1547 Ecclesiae
841 1491 1100 1568 sacrosancta,
1124 1494 1203 1580 qua
1218 1466 1283 1579 ipsi
1298 1467 1467 1577 nitimur,
1489 1499 1556 1556 au·

97 1586 252 1670 ctoritas
277 1586 314 1668 in
332 1585 403 1667 hac
429 1612 553 1668 mores
569 1609 607 1667 et
635 1581 852 1715 religionem
875 1582 1020 1696 publice
1050 1583 1258 1715 attingente
1282 1614 1393 1670 causa
1420 1618 1556 1674 omnes

96 1705 269 1788 omnium
293 1703 452 1787 aliorum
485 1701 649 1814 judicum
666 1699 864 1784 sententias
882 1702 1050 1813 pondere
1071 1728 1110 1787 et
1138 1703 1327 1815 majestate
1349 1706 1508 1838 apud
1473 1737 1555 1839 ptos

94 1852 228 1906 omues
245 1823 359 1937 longe
376 1846 595 1933 superatet3
621 1847 690 1902 nec
708 1843 896 1932 superaret
924 1820 1072 1925 modo,
1098 1822 1162 1906 sed
1190 1823 1301 1905 etiam
1320 1824 1554 1936 pertinaciter

92 1940 341 2040 obsistentes,
370 1939 573 2023 haereticos
590 1965 667 2022 esse
683 1939 938 2022 convinceret
973 1938 1053 2023 Ut
1043 1939 1155 2054 igitur
1182 1939 1303 2024 dicam
1329 1943 1436 2055 quod
1466 1972 1556 2028 sen·

91 2059 178 2163 tio,
204 2086 243 2142 er
260 2003 465 2185 aliquando
493 2085 695 2169 perorem:
724 2055 829 2140 haud
862 2055 1037 2171 equidem
1067 2061 1209 2162 video,
1241 2060 1469 2172 quomodo
1459 2088 1554 2148 rsto-

90 2205 177 2261 turn
195 2176 324 2290 opinio
341 2170 491 2259 delendi
510 2198 628 2289 queat
643 2202 763 2287 ,quae
779 2170 1032 2259 fundamentis
1048 2201 1087 2260 et
1106 2178 1266 2289 strophis
1279 2178 1554 2268 haereticorum

90 2294 221 2378 nititur
237 2292 477 2427 ,evangelio
492 2319 530 2377 et
559 2321 749 2376 sacrorum
766 2292 970 2402 doctorum
996 2294 1313 2379 consentientibus
1336 2297 1554 2386 declaratio·

89 2412 201 2495 nibus
218 2438 256 2495 et
279 2410 497 2496 testimoniis
514 2409 761 2514 adversatur,
789 2442 811 2494 a
838 2436 964 2495 vetere
987 2409 1124 2522 judicio
1140 2411 1326 2497 Ecclesiae
1358 2414 1552 2524 dissentit,

88 2554 130 2614 et
148 2558 295 2614 novum
313 2529 481 2642 ejusdem
514 2528 771 2644 gravissimum
789 2529 982 2615 decretum
1012 2556 1052 2615 et
1068 2533 1283 2646 rescriptum
1301 2534 1434 2617 nostris
1450 2536 1552 2619 Ptin-

90 2648 234 2761 cipibus
250 2646 513 2763 Apostolicum
530 2646 726 2730 oraculum
742 2674 788 2730 ex
804 2646 934 2732 divino
948 2675 1148 2764 praecepto
1167 2648 1240 2761 (de
1257 2678 1338 2763 quo
1361 2675 1416 2735 est
1432 2654 1551 2739 Deut.

94 2792 165 2867 17.
194 2791 233 2850 et
256 2795 289 2849 c
312 2787 387 2872 per
401 2765 599 2847 venerabil
582 2771 651 2846 lem
665 2825 677 2868 ,
692 2762 933 2870 quifilit'sint
949 2773 1054 2875 legit.
1069 2770 1082 2886 )
1112 2766 1390 2853 consulentibus
1418 2771 1552 2858 datum

89 2884 327 2986 contemnit,
354 2908 420 2967 aut
452 2883 655 3018 quomodo
684 2912 765 2967 ιιοιι
786 2885 831 2971 sit
847 2885 1061 2993 haeretica,
1090 2887 1118 2974 si
1146 2887 1257 2973 rebus
1274 2911 1313 2972 et
1345 2887 1552 2977 rationibus

90 3003 250 3115 cognitis
275 3031 364 3086 curn
390 3002 591 3116 pertinacia
613 2997 885 3090 defendatur.

128 3425 150 3469 ⁸
191 3426 229 3480 In
242 3422 371 3481 editione
385 3420 467 3497 hujus
481 3423 575 3496 operis
589 3424 683 3497 prima
697 3423 840 3500 adjectum
856 3434 901 3481 est
921 3421 952 3478 in
965 3419 1042 3480 fine:
1067 3422 1158 3494 „Hoc
1170 3437 1240 3495 opus
1248 3417 1354 3494 judicio
1363 3422 1549 3482 doctissimo-

88 3524 180 3580 „rum
193 3519 224 3561 et
247 3499 480 3578 gravissimorum
495 3504 679 3560 dominorum
697 3504 825 3578 Philippi
842 3504 979 3561 Archinti
999 3504 1182 3562 sanctissimi
1204 3503 1328 3558 Domini
1343 3505 1433 3559 nostri
1451 3504 1548 3578 Papae

89 3586 231 3660 „Vicatii
253 3625 264 3657 ,
284 3597 314 3640 et
331 3582 449 3657 Aegidii
470 3583 633 3640 Foscararii
652 3586 781 3659 magistri
800 3586 874 3642 sacri
889 3585 990 3658 palatii
1005 3623 1016 3656 ,
1034 3602 1069 3641 ac
1089 3583 1215 3640 Antonii
1231 3581 1388 3655 Augustini
1406 3584 1546 3641 auditoris

89 3667 214 3739 „Rotae
229 3665 424 3721 examinatum
441 3679 471 3722 et
488 3663 699 3737 approbatum,
714 3681 744 3721 et
755 3670 914 3721 multorum
927 3665 1047 3721 aliorum
1061 3664 1317 3722 eruditissimorum
1333 3663 1459 3717 virorum
1473 3681 1546 3720 con-

89 3763 199 3820 ‚,sensu
213 3745 243 3798 in
260 3744 327 3800 urbe
347 3745 605 3816 commendatum,
622 3745 791 3818 impressum
810 3743 866 3801 fuit
882 3747 993 3801 Rornae
1012 3746 1088 3819 apud
1107 3744 1259 3801 Valerium
1273 3741 1416 3800 Doricum
1430 3757 1459 3800 et
1482 3743 1545 3800 Lu·-

86 3826 255 3904 „dovieum
267 3821 371 3885 fratres
384 3825 555 3886 Brixiemes.
568 3823 668 3885 Prima
680 3825 755 3885 Maii
768 3842 846 3887 auno
859 3843 877 3888 a
894 3825 1013 3888 Christo
1026 3838 1097 3887 nato
1107 3825 1151 3885 Μ.
1161 3825 1202 3885 D.
1213 3825 1248 3883 L.
1259 3824 1284 3860 “
1323 3888 1324 3891 ,
