4034 5858
541 400 609 472 on
632 396 781 492 Jusrts
806 397 940 468 aum
965 395 1145 469 ceusu.
1333 462 1336 466 Δ
1467 419 1533 490 349

104 528 285 635 nicenus,
317 516 454 643 quibus
483 523 633 640 singulis
648 520 730 605 libri
757 520 829 607 mei
846 549 1003 605 examen
1019 550 1042 605 a
1058 521 1163 638 regio
1179 518 1348 606 Consilio
1364 518 1433 607 luit
1448 552 1559 611 com-

104 651 284 753 missum,
308 675 476 763 quorum
491 642 782 758 Theologorum
794 638 1001 753 judicium,
1023 641 1132 754 quod
1157 665 1317 756 uterque
1348 671 1415 725 sua
1444 673 1560 732 manu

107 767 213 885 operi
229 765 466 879 subscripsit,
495 760 644 873 subjeci.

161 889 292 971 XXX.
351 885 504 990 Perlegi
532 882 600 964 bac
623 897 738 987 opus,
764 885 804 960 ia
820 902 890 984 quo
907 878 1002 959 nibil
1016 885 1145 975 iuveni
1166 883 1372 960 averitaie
1388 885 1559 988 alienam,
1572 871 1752 986 {lgssffflissgj

103 1010 172 1089 ted
191 1010 305 1114 plura
322 1027 414 1108 quae
438 1008 609 1108 legantur
628 1003 771 1106 digua,
795 1001 954 1102 adeoque
983 1016 1076 1104 apat
1090 1024 1172 1080 cum
1188 1011 1340 1079 auctore
1372 1023 1440 1080 aaa
1458 1006 1560 1088 modo
1573 995 1752 1115 3¹¹¹,in

102 1126 341 1225 commendo,
365 1124 434 1202 sed
456 1122 641 1201 admiror.
674 1117 745 1198 Fr.
763 1117 938 1198 Didacus
967 1117 1013 1196 de
1033 1116 1219 1200 Victoria.
1254 1116 1387 1210 Quam
1408 1143 1558 1203 senten·
1573 1115 1751 1229 325,?‘,{²,¹‚{}}{

100 1242 193 1327 tiam
213 1267 421 1354 numquam
438 1236 495 1320 ille
516 1260 649 1319 contra
668 1261 913 1318 communem
934 1262 1091 1317 suorum
1112 1236 1395 1348 persuasionem
1413 1263 1492 1321 tam
1521 1238 1561 1322 li-
1575 1234 1714 1286 ‘'mm‘-

98 1359 188 1444 bere
204 1382 242 1442 et
258 1357 515 1441 incunctanter
543 1351 848 1467 pronuntiasset,
866 1348 932 1434 riisi
952 1353 1130 1436 Francisci
1149 1349 1270 1438 fratris
1291 1354 1459 1468 germani
1490 1355 1561 1441 do-

99 1475 247 1562 ctissimi
264 1500 302 1559 et
320 1474 447 1560 animo
464 1472 639 1588 ingenuo
650 1471 845 1582 liberoque
862 1468 931 1554 viri
949 1529 960 1572 ,
994 1474 1061 1583 qui
1082 1469 1186 1555 bidui
1215 1472 1372 1576 aberat,
1399 1475 1559 1558 auctori-

101 1620 179 1680 tate
196 1590 322 1679 fuisset
341 1590 586 1677 confirmatus
604 1619 615 1692 3
632 1618 720 1673 cum
734 1617 816 1701 quo
833 1586 967 1670 librum
984 1616 1112 1672 meum
1130 1648 1143 1692 ,
1171 1619 1287 1704 quem
1301 1589 1366 1673 diu
1381 1592 1497 1676 causis
1513 1592 1559 1676 il·

102 1712 183 1798 latis
197 1711 371 1815 retinuit,
391 1735 430 1795 et
454 1708 648 1793 consilium
665 1704 983 1808 communicasse,
999 1705 1102 1791 claris
1126 1707 1349 1820 coniecturis
1366 1737 1437 1822 pro
1453 1734 1559 1796 certo

99 1832 190 1916 mihi
212 1829 398 1941 persuasi.
432 1830 632 1913 Moscosus
649 1849 776 1910 autern
802 1824 852 1909 ita
880 1824 1101 1936 subscripsit.

159 1953 307 2035 XXXI.
375 1958 422 2028 Et
437 1973 503 2053 ega
521 1953 596 2053 legi
622 1949 803 2050 hocopus
828 1948 932 2026 docte
955 1947 1178 2026 elaboratum
1196 2005 1208 2050 ,
1229 1960 1266 2029 et
1291 1947 1389 2029 nibil
1412 1955 1554 2053 iuveni,
1573 1948 1752 2060 ,issffifffflss‘

80 2055 198 2174 'quad
212 2095 286 2148 mea
304 2069 450 2172 judicio
463 2066 732 2172 probabilitate
749 2077 878 2143 careat
896 2120 910 2164 ,
934 2070 1042 2146 immo
1058 2090 1125 2167 ea,
1143 2091 1235 2170 quae
1259 2094 1310 2147 ea
1332 2076 1459 2149 sacris
1488 2073 1557 2150 lit-

99 2194 199 2270 ieris
223 2201 261 2268 et
288 2191 413 2268 sacris
430 2186 643 2266 doctoribus
666 2182 729 2263 bic
744 2184 1009 2282 adducuntur,
1041 2190 1099 2263 ita
1115 2188 1274 2265 suadent
1298 2187 1407 2291 hujus
1435 2189 1557 2269 dacto·
1615 2203 1624 2213 ‘

99 2313 159 2389 ris
188 2313 395 2403 intentum,
439 2316 479 2382 ut
504 2308 624 2382 aulius
650 2307 823 2406 quamvis
850 2316 1059 2408 protervus
1094 2312 1301 2413 oppositum
1330 2308 1466 2385 audeat
1495 2303 1557 2409 af-

91 2419 272 2521 firmare.
307 2422 532 2503 Mutantur.
572 2423 656 2502 Nec
691 2443 746 2502 est
770 2417 916 2501 silentio
949 2422 1266 2529 praetereundum
1299 2421 1558 2536 gravissimum

101 2538 315 2654 amplissimi
339 2562 377 2622 et
404 2536 605 2621 doctissimi
634 2534 702 2621 viri
731 2534 915 2619 Fernandi
931 2535 1095 2621 Valdesii
1122 2538 1349 2653 Hispalensis
1367 2541 1559 2652 Archicpi·

101 2657 203 2771 scopi
220 2682 259 2741 et
287 2653 514 2770 Inquisitoris
529 2652 710 2769 generalis
736 2652 1017 2757 testimonium,
1035 2657 1127 2770 qui,
1155 2686 1241 2741 curn
1266 2685 1393 2741 meum
1422 2658 1560 2742 librum

100 2801 139 2862 et
156 2805 340 2860 summam
365 2771 625 2888 quaestionis,
650 2770 698 2856 de
714 2799 791 2884 qua
809 2769 883 2857 dixi
906 2831 918 2874 ,
947 2774 1059 2858 semel
1074 2801 1114 2860 et
1136 2775 1270 2859 iterum
1288 2775 1463 2890 legisset,
1490 2806 1560 2860 nu·

100 2924 167 3011 per
192 2917 277 3008 post
294 2890 523 3006 praeclarum
551 2890 641 2975 illud
658 2889 834 3001 judicium
850 2888 889 2971 in
906 2888 1205 2977 doctissimorum
1237 2894 1561 3011 gravissimorum-

101 3041 180 3127 que
205 3011 373 3096 vitorum
397 3038 597 3113 consessu,
627 3035 715 3092 cum
732 3008 781 3093 de
809 3007 864 3092 his
892 3007 1031 3115 rebus,
1058 3042 1157 3128 quae
1175 3037 1267 3097 tunc
1286 3038 1393 3098 erant
1419 3015 1459 3098 in
1491 3043 1558 3100 ore
1573 3018 1754 3129 ,apim

100 3129 301 3234 omnium,
321 3127 336 3242 (
358 3128 417 3212 cui
434 3128 534 3213 enim
551 3156 632 3211 non
663 3123 839 3210 scandalo
868 3121 939 3210 fuit
971 3142 1027 3212 res
1056 3155 1136 3215 tam
1162 3130 1345 3246 insperata
1368 3132 1407 3245 i)
1438 3163 1559 3247 pauca
1573 3140 1613 3189 ⁵1³·

102 3249 349 3335 disseruisset:
390 3249 560 3351 Dicam,
586 3245 706 3361 inquit
735 3303 748 3348 ,
777 3247 873 3350 quod
886 3252 1030 3329 seatio:
1060 3258 1127 3356 qai
1154 3250 1250 3333 bunc
1285 3254 1423 3333 librum
1439 3261 1560 3361 irripe-

104 3370 236 3451 dieadi
251 3381 423 3449 auctores
448 3362 755 3468 initiafaerant,
784 3363 951 3446 bimaita
968 3375 1090 3474 aragia
1118 3394 1168 3451 ea
1198 3366 1329 3474 afficio
1346 3367 1555 3477 fiacereut,
1584 3430 1586 3435 ν

101 3493 139 3567 si
154 3489 276 3569 sedula
302 3489 433 3566 darent
454 3504 633 3591 operam,
658 3497 700 3562 ut
727 3484 823 3561 idem
853 3486 1123 3588 grandioribus
1148 3492 1292 3571 litteris
1317 3515 1479 3572 excusus
1509 3516 1558 3573 err

97 3608 264 3712 pulpitis
283 3622 357 3712 per
386 3627 522 3685 omnem
538 3602 767 3708 Hispaniam
778 3603 1101 3706 praedicaretur.
1136 3605 1240 3689 ldem
1275 3634 1383 3719 saepe
1416 3602 1590 3733 profes-p
1732 3686 1741 3734 ι

105 3750 167 3805 sus
182 3747 237 3805 est
263 3725 392 3805 Petrus
423 3718 583 3802 Ottisius
616 3778 628 3821 ,
655 3716 854 3831 praestanti
893 3716 1065 3806 doctrina
1097 3722 1351 3838 Theologus,
1387 3725 1427 3808 in
1454 3725 1560 3838 cujus
1574 3698 1663 3809 spsrps
1683 3688 1753 3735 ow

103 3838 306 3926 immatura
345 3860 467 3923 morte
496 3865 675 3957 magnam
705 3863 824 3953 nuper
855 3833 1035 3948 jacturam
1065 3839 1188 3928 studia
1216 3840 1432 3958 theologica
1463 3840 1559 3932 sece-

107 3982 225 4046 runt.
277 3947 284 3993 ‘l

163 4080 328 4164 XXXII.
389 4083 519 4165 Petrus
543 4084 655 4165 Sotus
683 4076 892 4164 monachus
918 4081 1189 4166 Dominicanus
1211 4080 1364 4186 ,Caroli
1393 4084 1559 4169 Caesaris
1575 4077 1643 4183 ΡΨ·
1667 4076 1754 4125 ⁵⁰⁰¹*

107 4221 231 4280 sacrae
245 4192 483 4283 consessionis
511 4198 722 4284 administer
742 4258 755 4301 ,
774 4200 810 4281 in
830 4198 999 4312 epistola,
1017 4230 1132 4313 quam
1151 4200 1200 4285 ad
1217 4228 1277 4283 me
1295 4201 1419 4305 misit,
1444 4225 1560 4317 negat

108 4339 148 4396 se
166 4312 244 4397 ullo
260 4315 378 4400 modo
403 4317 452 4402 dc
472 4317 604 4430 justitia
620 4317 706 4402 belli
721 4317 829 4430 huius
860 4316 1061 4422 dubitare,
1090 4316 1155 4400 sed
1187 4346 1235 4401 ne
1251 4318 1330 4401 libri
1352 4317 1557 4405 editionem

106 4458 378 4544 properarem,
407 4463 469 4519 me
483 4434 522 4518 in
540 4436 673 4521 eadem
701 4435 856 4549 epistola
884 4433 1024 4519 solicite
1049 4434 1162 4518 semel
1188 4459 1228 4520 et
1252 4436 1385 4522 iterum
1405 4496 1417 4541 ,
1436 4439 1560 4523 nescio

105 4577 186 4662 qua
211 4548 354 4635 ratione
385 4553 544 4655 ductus,
570 4556 821 4641 adhortatur.
848 4552 952 4635 Idem
970 4550 1092 4665 palam
1109 4581 1275 4640 asserunt
1303 4555 1470 4667 Joannes
1486 4560 1562 4640 Ac·
1576 4546 1754 4610 J⁰’¹⁴‘³¹‘¹⁵”⁵·

108 4666 261 4781 gidius,
294 4668 359 4782 qui
389 4671 632 4757 Salmanticae
648 4703 694 4756 ex
710 4669 887 4755 cathedra
902 4670 1134 4787 theologiam
1160 4671 1300 4776 docet,
1318 4697 1357 4759 et
1387 4672 1561 4758 Honcala
1600 4666 1726 4714 ¹⁴⁰¹¹⁰²¹³·

111 4786 330 4871 Canonicus
346 4786 523 4876 Avilensis
540 4853 551 4895 ,
567 4788 727 4905 primarii
742 4785 957 4902 Theologi,
977 4818 1143 4906 quorum
1168 4789 1229 4874 hic
1257 4819 1337 4874 non
1353 4820 1450 4876 voce
1479 4819 1561 4876 tan·
1579 4843 1757 4893 „smum

112 4925 226 5026 tum,
251 4905 317 4995 sed
344 4907 456 4996 ctiam
480 4909 617 5029 scripto
644 4904 864 4998 sententiam
879 4935 986 4998 suam
1008 4930 1163 4999 testatus
1192 4930 1274 4997 cst.
1304 4915 1357 4995 Et
1384 4905 1562 5118 walpur
1577 4916 1656 5016 gurg·
1685 4902 1752 4963 rua.

1510 5053 1564 5113 er-
