4192 5880
571 378 616 453 34
860 397 864 405 κ
916 411 920 419 .
963 358 1183 434 nanum
1219 360 1563 437 castarum

544 480 843 596 minusJoannes
858 481 971 568 Vicus
994 483 1184 599 ceterique
1212 481 1290 594 eius
1314 484 1475 603 regionis
1488 492 1639 604 tyranni
1654 555 1667 599 ,
1682 490 1867 584 invitante
1882 526 1999 586 occa-

546 600 669 707 sione,
687 602 796 686 rebus
811 603 919 689 novis
933 601 1137 688 studerent.
1168 604 1433 698 Quamobrem
1450 609 1658 697 consulenti
1669 612 1803 702 Blasco
1817 645 1882 733 pet
1900 619 1998 706 litte·

547 748 630 827 ras,
657 749 707 804 an
722 719 936 805 Malatestas
957 719 1030 831 jam
1056 720 1156 806 bello
1173 721 1404 809 lacessendos
1420 752 1611 833 censeret,
1634 731 1815 848 Aegidius
1842 764 1995 852 respon-

548 839 604 923 dit
620 870 630 922 :
648 899 674 943 „
689 838 898 924 Abstineret
911 869 934 922 a
949 838 1049 924 bello
1062 839 1101 922 in
1117 840 1340 957 vigesimum
1356 841 1455 928 diem
1471 907 1482 950 ,
1498 847 1675 961 tantisper
1691 849 1862 939 videlicet
1876 916 1888 957 ,
1904 854 1998 945 dum

549 1016 577 1062 „
593 956 641 1041 de
656 953 844 1042 Pontificis
858 955 1055 1043 voluntate
1069 957 1280 1073 quidquam
1304 961 1436 1048 certitu
1452 960 1740 1052 affeneretur.“
1771 975 1870 1058 Inter
1899 973 1999 1060 hanc

549 1073 831 1160 sollicitudinem
846 1136 858 1181 ,
874 1103 951 1191 qua
968 1076 1146 1193 Aegidius
1170 1077 1329 1163 nimium
1339 1083 1548 1197 angebatur
1565 1086 1719 1202 ,utqui
1738 1089 1997 1205 amplissimam

552 1218 591 1278 tt
619 1192 848 1309 exploratam
865 1194 1059 1281 victoriam
1083 1222 1105 1280 e
1130 1195 1299 1282 manibus
1330 1201 1498 1287 emittere
1523 1201 1999 1322 juberetur,supervenere

552 1310 693 1396 litterae
724 1312 772 1395 ab
802 1311 939 1396 eodem
953 1310 1133 1400 Pontifice
1149 1373 1162 1419 ,
1178 1317 1245 1431 qui
1270 1343 1395 1401 rerum
1420 1319 1459 1404 in
1482 1318 1621 1406 Piceno
1644 1347 1832 1439 gestarum
1863 1328 1998 1416 certior

552 1427 626 1540 jam
647 1426 764 1514 factus
795 1424 943 1537 fuerat,
968 1430 1102 1548 quibus
1125 1430 1250 1518 litteris
1267 1494 1279 1539 ,
1296 1434 1452 1521 laudato
1474 1439 1628 1524 consilio
1643 1441 1809 1556 Aegidii,
1825 1473 1865 1530 et
1880 1447 1998 1532 Blasci

548 1546 717 1652 ⁴virtute,
742 1571 786 1634 ut
812 1576 981 1667 pergeret
1004 1549 1142 1634 bellum
1172 1551 1378 1638 Malatestis
1404 1551 1536 1641 inferre
1562 1619 1575 1663 ,
1606 1557 1829 1645 hortabamur
1854 1593 1864 1645 ε
1889 1565 1998 1654 daret

362 1687 539 1739 umbonum·
554 1667 674 1753 modo
689 1697 872 1782 operam,
890 1698 938 1753 ne
964 1667 1123 1752 Umbria
1146 1671 1285 1754 interea
1301 1671 1342 1755 in
1364 1671 1559 1758 discrimen
1577 1675 1801 1763 traheremur.
1835 1681 1927 1776 Qua
1955 1712 1997 1769 re

364 1749 453 1801 stodlri
472 1761 528 1796 man

364 1768 541 1861 aaronem?
554 1785 757 1871 delectatus
775 1785 953 1901 Aegidius
970 1787 1142 1871 blastum
1156 1789 1394 1874 Fernandum
1407 1820 1472 1906 per
1499 1790 1635 1879 litteras
1666 1821 1822 1904 monet,
1841 1799 1897 1884 uti
1925 1831 1995 1914 op

553 1904 642 2020 pida
664 1904 818 1988 invadat
842 1905 921 2020 agri
950 1903 1118 1988 Firmiani
1132 1965 1143 2009 ,
1159 1934 1258 2020 quae
1291 1936 1474 2023 occupata
1502 1940 1608 1999 erant
1640 1913 1903 2001 aMalatestis.
1934 1916 1998 2004 llle

553 2018 646 2105 nihil
664 2045 854 2125 moratus,
870 2045 909 2106 et
925 2020 973 2107 de
991 2023 1099 2108 tertia
1113 2018 1236 2140 vigilia
1250 2024 1413 2111 firmum
1424 2057 1588 2148 egressus
1611 2033 1649 2114 in
1665 2031 1911 2122 Phalaronem
1927 2067 1996 2151 op-

553 2139 685 2254 pidum
714 2138 935 2252 contendit,
952 2165 991 2234 et
1007 2142 1128 2264 primo
1153 2142 1451 2263 impetu'tradito
1480 2149 1585 2234 simul
1615 2174 1655 2234 et
1669 2175 1884 2268 expugnato
1902 2153 1998 2266 pori·

552 2288 639 2350 tur.
669 2263 792 2356 Sancti
821 2297 978 2387 quoque
1009 2266 1143 2391 Angeli
1168 2265 1358 2360 castellum
1388 2265 1523 2361 deinde
1553 2267 1656 2383 simili
1685 2270 1804 2355 modo
1841 2271 1995 2384 recepit.
2028 2297 2035 2311 ⁴

489 2496 491 2499 Ι
554 2388 693 2473 'Motus
710 2389 820 2473 etiam
848 2387 909 2499 (id
936 2385 1065 2502 oppidi
1093 2413 1234 2470 nomen
1249 2384 1326 2499 est)
1355 2382 1475 2497 ejecto
1494 2385 1674 2502 praesidio
1692 2386 1759 2470 sibi
1775 2387 1998 2501 impositoa

557 2505 782 2613 Malatesta‚
799 2505 1027 2591 deditionem
1050 2500 1160 2590 lecit.
1188 2501 1279 2586 Tria
1294 2527 1483 2616 praeterea
1497 2503 1637 2617 oppida
1654 2564 1666 2606 ,
1683 2533 1780 2616 quae
1803 2507 1852 2590 ab
1869 2511 1998 2592 Anco·

557 2651 608 2708 na
628 2651 708 2707 non
732 2624 846 2741 longe
872 2623 1007 2708 absunt
1024 2652 1076 2733 ,a
1102 2619 1307 2709 Malatest's
1333 2617 1601 2711 deficientiam
1629 2619 1746 2708 Blasci
1774 2646 1999 2739 potestatem

556 2771 781 2856 pervenere.
872 2838 875 2845 ,

616 2861 702 2945 Vll.
762 2865 904 2948 Interea
920 2862 1097 2980 Aegidius
1115 2861 1348 2980 prolecturus
1375 2865 1413 2950 in
1445 2864 1621 2949 Picenum
1637 2923 1651 2970 ,
1666 2863 1714 2949 sic
1734 2863 1911 2948 Umbriae
1927 2886 1999 2948 sta-

555 3002 640 3065 tum
656 2980 867 3065 constituit.
899 2981 1103 3093 jordanem
1119 3007 1158 3067 et
1175 2982 1364 3098 Angelum
1383 3007 1650 3099 quaestorem,
1668 3011 1834 3097 quotum
1860 2980 1899 3064 in
1930 3010 2001 3094 po·

557 3098 651 3212 pulo
667 3098 890 3182 Viterbiensi
921 3129 1066 3183 summa
1081 3124 1161 3184 erat
1183 3103 1326 3218 gratia,
1341 3099 1375 3184 ei
1391 3101 1621 3215 potissimum
1644 3099 1782 3185 civitati
1811 3096 1994 3213 praeficit:

559 3215 627 3301 sed
640 3241 679 3300 et
693 3215 807 3300 totius
827 3216 1005 3301 Umbriae
1016 3217 1185 3331 latiique
1200 3247 1328 3303 curam
1349 3242 1388 3302 et
1405 3218 1715 3335 gubernationem
1731 3216 1903 3334 injungit.
1931 3216 2002 3301 His

558 3334 855 3449 quadringentos
877 3335 1045 3447 equites,
1061 3335 1202 3450 pedites
1218 3336 1401 3421 ducentos
1416 3395 1430 3439 ,
1445 3336 1632 3421 attribuit.
1668 3335 1755 3419 Arci
1771 3333 1915 3421 Montis
1929 3338 1999 3418 Fa·

559 3448 731 3536 liscorum
745 3451 933 3563 Joannem
950 3454 1234 3538 Urbevetanum
1257 3481 1422 3569 praeesse
1445 3452 1568 3565 jubet.
1600 3457 1643 3536 ln
1659 3449 2002 3537 arce'Tuscanellae

559 3593 726 3657 veterem
746 3570 924 3684 probatae
941 3568 1025 3654 fidei
1040 3570 1243 3683 praesidem
1258 3569 1457 3658 confirmat
1483 3599 1571 3656 cum
1588 3570 1746 3654 militiun
1770 3569 2000 3684 supplemen-

559 3712 624 3775 to.
659 3689 847 3801 Joannem
865 3686 1061 3773 Albertum
1077 3689 1332 3774 florentinum
1361 3717 1448 3773 cum
1464 3713 1617 3773 centum
1633 3687 1818 3802 equitibus
1840 3712 1878 3772 et
1903 3687 2003 3800 pedi·

561 3828 644 3888 tum
669 3806 747 3919 pari
762 3833 919 3888 numero
939 3805 977 3889 in
993 3806 1215 3892 Urbeveteri
1236 3806 1400 3892 custodis
1425 3804 1512 3890 loco
1529 3805 1722 3919 relinquit.
1759 3810 1812 3890 Et
1837 3834 1885 3889 ne
1910 3829 2004 3889 esset

560 3920 730 4029 interea,
747 3923 812 4037 qui
824 3921 980 4006 aliorum
999 3924 1143 4010 animos
1155 3926 1205 4009 ad
1221 3924 1460 4009 rebellionem
1474 3922 1665 4008 sollicitare
1688 3948 1835 4036 posset,
1852 3951 1917 4036 per
1935 3923 2002 4005 ho

431 4116 434 4121 ,
561 4041 663 4127 noris
687 4065 726 4126 et
749 4040 926 4125 amicitiae
941 4042 1097 4155 speciem
1119 4039 1351 4156 proficiscens
1373 4041 1502 4151 jubet,
1521 4039 1783 4124 nobilissimum
1810 4067 2004 4153 quemque

478 4227 483 4234 .
558 4190 601 4245 se
614 4160 652 4243 in
666 4157 804 4243 bellum
825 4159 1015 4274 subsequi.
1047 4163 1104 4243 Ut
1118 4184 1244 4243 autern
1261 4160 1450 4269 Joannem
1467 4156 1631 4261 Vicum,
1654 4157 1818 4241 siminus
1833 4156 1923 4242 fides
1940 4155 2007 4240 da·

560 4302 601 4362 ta
617 4340 629 4383 ,
646 4302 685 4361 at
710 4300 809 4360 certe
836 4304 921 4359 cara
943 4277 1101 4395 pignora
1121 4277 1160 4358 in
1179 4272 1306 4359 officio
1322 4273 1584 4379 continerent,
1605 4275 1836 4359 Franciscum
1859 4273 1935 4387 eius
1961 4272 2003 4357 n-

554 4395 651 4480 lium
668 4393 799 4510 viginti
818 4394 1002 4508 equitibus
1021 4393 1283 4507 praepositum¹
1295 4420 1421 4477 secum
1436 4391 1590 4478 adducit
1604 4422 1616 4496 3
1636 4392 1763 4476 relicto
1782 4389 1893 4476 fratre
1909 4454 1922 4495 ,
1938 4392 2005 4506 qui

552 4514 669 4599 dans
690 4535 770 4596 erat
786 4513 920 4615 obses,
936 4513 976 4594 in
996 4539 1079 4594 arce
1094 4509 1241 4594 Montis
1259 4510 1506 4594 Faliscorum.
1533 4510 1753 4626 fulgineum
1783 4510 1902 4593 modo
1922 4538 2004 4621 per-

556 4655 711 4718 venerat
736 4628 937 4745 Aegidius,
956 4652 995 4712 et
1014 4654 1156 4711 secum
1171 4626 1315 4742 reliquo
1338 4628 1761 4739 exercitu-coniunxerat
1777 4688 1789 4731 ,
1805 4655 1893 4709 cum
1919 4627 2009 4741 Epi-

555 4775 690 4863 scopus
707 4746 926 4831 Vrcentinus
946 4769 986 4831 et
1008 4744 1165 4831 Senitius
1181 4747 1320 4831 Comes
1333 4747 1519 4858 Palatinus
1534 4775 1559 4830 a
1572 4744 1714 4831 Carolo
1727 4769 1865 4856 quarto
1890 4743 2006 4862 legati

548 4868 719 4975 adsunt,
735 4865 790 4950 uti
801 4869 967 4950 Romam
994 4862 1165 4986 veniret,
1181 4864 1420 4984 impositurus
1440 4894 1487 4955 ex
1512 4895 1619 4956 more
1643 4889 1827 4977 eorunm
1858 4892 2012 5070 aare&
