<?xml version="1.0" encoding="UTF-8"?>
<!DOCTYPE html PUBLIC "-//W3C//DTD XHTML 1.0 Transitional//EN"
    "http://www.w3.org/TR/xhtml1/DTD/xhtml1-transitional.dtd">
<html xmlns="http://www.w3.org/1999/xhtml" xml:lang="en" lang="en">
 <head>
  <title>
</title>
<meta http-equiv="Content-Type" content="text/html;charset=utf-8" />
  <meta name='ocr-system' content='tesseract 3.04.00' />
  <meta name='ocr-capabilities' content='ocr_page ocr_carea ocr_par ocr_line ocrx_word'/>
</head>
<body>
  <div class='ocr_page' id='page_1' title='image "./joannisgenesiis01sepgoog/joannisgenesiis01sepgoog_0570.png"; bbox 0 0 4020 5864; ppageno 0'>
   <div class='ocr_carea' id='block_1_1' title="bbox 352 377 2004 5092">
    <p class='ocr_par' dir='ltr' id='par_1_1' title="bbox 374 377 1950 2021">
     <span class='ocr_line' id='line_1_1' title="bbox 513 377 1564 479; baseline 0.004 -22"><span class='ocrx_word' id='word_1_1' title='bbox 513 389 582 479; x_wconf 51' lang='lat'>&gt;576</span> <span class='ocrx_word' id='word_1_2' title='bbox 864 377 1225 459; x_wconf 66' lang='lat' dir='ltr'>austronotus</span> <span class='ocrx_word' id='word_1_3' title='bbox 1241 386 1341 459; x_wconf 76' lang='lat' dir='ltr'>nno</span> <span class='ocrx_word' id='word_1_4' title='bbox 1365 384 1465 459; x_wconf 79' lang='lat' dir='ltr'>nnn.</span> <span class='ocrx_word' id='word_1_5' title='bbox 1484 390 1564 460; x_wconf 85' lang='lat' dir='ltr'>nro</span> 
     </span>
     <span class='ocr_line' id='line_1_2' title="bbox 487 500 1950 626; baseline 0.001 -31"><span class='ocrx_word' id='word_1_6' title='bbox 487 508 595 596; x_wconf 89' lang='lat' dir='ltr'>enim</span> <span class='ocrx_word' id='word_1_7' title='bbox 611 502 801 594; x_wconf 81' lang='lat' dir='ltr'>neminem</span> <span class='ocrx_word' id='word_1_8' title='bbox 813 500 1019 624; x_wconf 85' lang='lat' dir='ltr'>ambegisse</span> <span class='ocrx_word' id='word_1_9' title='bbox 1036 505 1256 622; x_wconf 80' lang='lat' dir='ltr'>putolllutl</span> <span class='ocrx_word' id='word_1_10' title='bbox 1269 531 1396 593; x_wconf 87' lang='lat' dir='ltr'>tamen</span> <span class='ocrx_word' id='word_1_11' title='bbox 1413 508 1519 593; x_wconf 91' lang='lat' dir='ltr'>nullis</span> <span class='ocrx_word' id='word_1_12' title='bbox 1533 508 1728 624; x_wconf 79' lang='lat' dir='ltr'>umquam</span> <span class='ocrx_word' id='word_1_13' title='bbox 1744 512 1950 626; x_wconf 76' lang='lat' dir='ltr'>argumen</span> 
     </span>
     <span class='ocr_line' id='line_1_3' title="bbox 487 622 1946 743; baseline 0.003 -30"><span class='ocrx_word' id='word_1_14' title='bbox 487 629 534 714; x_wconf 90' lang='lat' dir='ltr'>tis</span> <span class='ocrx_word' id='word_1_15' title='bbox 549 626 799 742; x_wconf 79' lang='lat' dir='ltr'>persuadebis,</span> <span class='ocrx_word' id='word_1_16' title='bbox 811 651 849 711; x_wconf 91' lang='lat' dir='ltr'>te</span> <span class='ocrx_word' id='word_1_17' title='bbox 866 654 947 710; x_wconf 94' lang='lat' dir='ltr'>non</span> <span class='ocrx_word' id='word_1_18' title='bbox 965 622 1093 712; x_wconf 87' lang='lat' dir='ltr'>Adolli</span> <span class='ocrx_word' id='word_1_19' title='bbox 1113 654 1312 741; x_wconf 86' lang='lat' dir='ltr'>personam</span> <span class='ocrx_word' id='word_1_20' title='bbox 1328 629 1501 740; x_wconf 90' lang='lat' dir='ltr'>probare,</span> <span class='ocrx_word' id='word_1_21' title='bbox 1518 629 1585 743; x_wconf 92' lang='lat' dir='ltr'>qui</span> <span class='ocrx_word' id='word_1_22' title='bbox 1602 627 1763 711; x_wconf 85' lang='lat' dir='ltr'>lirnctus</span> <span class='ocrx_word' id='word_1_23' title='bbox 1781 630 1946 742; x_wconf 87' lang='lat' dir='ltr'>periculo</span> 
     </span>
     <span class='ocr_line' id='line_1_4' title="bbox 487 741 1944 861; baseline 0.003 -29"><span class='ocrx_word' id='word_1_24' title='bbox 487 769 611 832; x_wconf 90' lang='lat' dir='ltr'>totam</span> <span class='ocrx_word' id='word_1_25' title='bbox 632 743 798 830; x_wconf 86' lang='lat' dir='ltr'>fabulam</span> <span class='ocrx_word' id='word_1_26' title='bbox 817 768 977 830; x_wconf 83' lang='lat' dir='ltr'>enarrat.</span> <span class='ocrx_word' id='word_1_27' title='bbox 1011 748 1128 829; x_wconf 90' lang='lat' dir='ltr'>Hunc</span> <span class='ocrx_word' id='word_1_28' title='bbox 1152 745 1252 828; x_wconf 91' lang='lat' dir='ltr'>enim</span> <span class='ocrx_word' id='word_1_29' title='bbox 1275 741 1362 829; x_wconf 87' lang='lat' dir='ltr'>facis</span> <span class='ocrx_word' id='word_1_30' title='bbox 1394 747 1619 861; x_wconf 87' lang='lat' dir='ltr'>prudentem</span> <span class='ocrx_word' id='word_1_31' title='bbox 1645 746 1882 851; x_wconf 90' lang='lat' dir='ltr'>hominem,</span> <span class='ocrx_word' id='word_1_32' title='bbox 1907 775 1944 837; x_wconf 83' lang='lat' dir='ltr'>et</span> 
     </span>
     <span class='ocr_line' id='line_1_5' title="bbox 488 861 1936 978; baseline 0.003 -29"><span class='ocrx_word' id='word_1_33' title='bbox 488 865 538 949; x_wconf 89' lang='lat' dir='ltr'>ab</span> <span class='ocrx_word' id='word_1_34' title='bbox 566 864 743 950; x_wconf 90' lang='lat' dir='ltr'>omnibus</span> <span class='ocrx_word' id='word_1_35' title='bbox 764 862 907 978; x_wconf 89' lang='lat' dir='ltr'>ineptiis</span> <span class='ocrx_word' id='word_1_36' title='bbox 933 861 1450 976; x_wconf 25' lang='lat' dir='ltr'>acsuperstitionelalienum.</span> <span class='ocrx_word' id='word_1_37' title='bbox 1486 869 1539 948; x_wconf 92' lang='lat' dir='ltr'>At</span> <span class='ocrx_word' id='word_1_38' title='bbox 1559 864 1619 947; x_wconf 90' lang='lat' dir='ltr'>hic</span> <span class='ocrx_word' id='word_1_39' title='bbox 1642 890 1720 947; x_wconf 92' lang='lat' dir='ltr'>nec</span> <span class='ocrx_word' id='word_1_40' title='bbox 1750 862 1936 954; x_wconf 82' lang='lat' dir='ltr'>confessus</span> 
     </span>
     <span class='ocr_line' id='line_1_6' title="bbox 487 980 1929 1094; baseline 0.001 -26"><span class='ocrx_word' id='word_1_41' title='bbox 487 982 557 1068; x_wconf 88' lang='lat' dir='ltr'>rite</span> <span class='ocrx_word' id='word_1_42' title='bbox 577 1007 634 1067; x_wconf 89' lang='lat' dir='ltr'>est</span> <span class='ocrx_word' id='word_1_43' title='bbox 648 1007 729 1087; x_wconf 90' lang='lat' dir='ltr'>‚ut</span> <span class='ocrx_word' id='word_1_44' title='bbox 756 980 845 1085; x_wconf 86' lang='lat' dir='ltr'>alii,</span> <span class='ocrx_word' id='word_1_45' title='bbox 874 1008 962 1064; x_wconf 93' lang='lat' dir='ltr'>cum</span> <span class='ocrx_word' id='word_1_46' title='bbox 979 1006 1071 1065; x_wconf 88' lang='lat' dir='ltr'>esset</span> <span class='ocrx_word' id='word_1_47' title='bbox 1086 981 1196 1094; x_wconf 83' lang='lat' dir='ltr'>copia</span> <span class='ocrx_word' id='word_1_48' title='bbox 1225 982 1494 1084; x_wconf 86' lang='lat' dir='ltr'>sacerdotum,</span> <span class='ocrx_word' id='word_1_49' title='bbox 1525 1008 1595 1064; x_wconf 93' lang='lat' dir='ltr'>nec</span> <span class='ocrx_word' id='word_1_50' title='bbox 1624 980 1665 1063; x_wconf 91' lang='lat' dir='ltr'>in</span> <span class='ocrx_word' id='word_1_51' title='bbox 1683 1011 1844 1067; x_wconf 92' lang='lat' dir='ltr'>summo</span> <span class='ocrx_word' id='word_1_52' title='bbox 1866 986 1929 1069; x_wconf 66' lang='lat' dir='ltr'>diu</span> 
     </span>
     <span class='ocr_line' id='line_1_7' title="bbox 482 1098 1929 1215; baseline 0.001 -30"><span class='ocrx_word' id='word_1_53' title='bbox 482 1099 638 1185; x_wconf 86' lang='lat' dir='ltr'>crimine</span> <span class='ocrx_word' id='word_1_54' title='bbox 652 1100 700 1185; x_wconf 90' lang='lat' dir='ltr'>de</span> <span class='ocrx_word' id='word_1_55' title='bbox 729 1124 824 1184; x_wconf 84' lang='lat' dir='ltr'>voto</span> <span class='ocrx_word' id='word_1_56' title='bbox 840 1099 1124 1212; x_wconf 90' lang='lat' dir='ltr'>nuncupando,</span> <span class='ocrx_word' id='word_1_57' title='bbox 1141 1125 1184 1182; x_wconf 93' lang='lat' dir='ltr'>ut</span> <span class='ocrx_word' id='word_1_58' title='bbox 1198 1099 1336 1203; x_wconf 88' lang='lat' dir='ltr'>ceteri,</span> <span class='ocrx_word' id='word_1_59' title='bbox 1359 1099 1566 1215; x_wconf 75' lang='lat' dir='ltr'>cogitavit,</span> <span class='ocrx_word' id='word_1_60' title='bbox 1593 1127 1668 1182; x_wconf 88' lang='lat' dir='ltr'>nec</span> <span class='ocrx_word' id='word_1_61' title='bbox 1694 1098 1866 1215; x_wconf 90' lang='lat' dir='ltr'>denique</span> <span class='ocrx_word' id='word_1_62' title='bbox 1879 1102 1929 1186; x_wconf 91' lang='lat' dir='ltr'>di·</span> 
     </span>
     <span class='ocr_line' id='line_1_8' title="bbox 374 1212 1929 1332; baseline 0.006 -38"><span class='ocrx_word' id='word_1_63' title='bbox 374 1286 375 1294; x_wconf 18' lang='lat'>,</span> <span class='ocrx_word' id='word_1_64' title='bbox 483 1246 625 1305; x_wconf 90' lang='lat' dir='ltr'>vorum</span> <span class='ocrx_word' id='word_1_65' title='bbox 660 1245 920 1331; x_wconf 84' lang='lat' dir='ltr'>quemquam,</span> <span class='ocrx_word' id='word_1_66' title='bbox 943 1217 1053 1332; x_wconf 92' lang='lat' dir='ltr'>quod</span> <span class='ocrx_word' id='word_1_67' title='bbox 1076 1214 1167 1300; x_wconf 89' lang='lat' dir='ltr'>alios</span> <span class='ocrx_word' id='word_1_68' title='bbox 1196 1215 1322 1330; x_wconf 89' lang='lat' dir='ltr'>inepte</span> <span class='ocrx_word' id='word_1_69' title='bbox 1345 1212 1679 1329; x_wconf 83' lang='lat' dir='ltr'>faoerepurabat,</span> <span class='ocrx_word' id='word_1_70' title='bbox 1708 1218 1783 1302; x_wconf 87' lang='lat' dir='ltr'>sed</span> <span class='ocrx_word' id='word_1_71' title='bbox 1815 1219 1929 1304; x_wconf 91' lang='lat' dir='ltr'>solum</span> 
     </span>
     <span class='ocr_line' id='line_1_9' title="bbox 474 1332 1931 1449; baseline 0.001 -27"><span class='ocrx_word' id='word_1_72' title='bbox 474 1338 611 1422; x_wconf 62' lang='lat' dir='ltr'>nDeum</span> <span class='ocrx_word' id='word_1_73' title='bbox 628 1334 819 1421; x_wconf 88' lang='lat' dir='ltr'>invocavit</span> <span class='ocrx_word' id='word_1_74' title='bbox 833 1364 845 1437; x_wconf 81' lang='lat'>3</span> <span class='ocrx_word' id='word_1_75' title='bbox 877 1334 960 1419; x_wconf 92' lang='lat' dir='ltr'>licet</span> <span class='ocrx_word' id='word_1_76' title='bbox 973 1364 1050 1449; x_wconf 90' lang='lat' dir='ltr'>qua</span> <span class='ocrx_word' id='word_1_77' title='bbox 1062 1334 1209 1418; x_wconf 88' lang='lat' dir='ltr'>ratione</span> <span class='ocrx_word' id='word_1_78' title='bbox 1223 1334 1426 1420; x_wconf 89' lang='lat' dir='ltr'>invocandi</span> <span class='ocrx_word' id='word_1_79' title='bbox 1446 1333 1520 1420; x_wconf 88' lang='lat' dir='ltr'>sint</span> <span class='ocrx_word' id='word_1_80' title='bbox 1533 1332 1611 1418; x_wconf 91' lang='lat' dir='ltr'>divi</span> <span class='ocrx_word' id='word_1_81' title='bbox 1628 1394 1643 1436; x_wconf 91' lang='lat'>,</span> <span class='ocrx_word' id='word_1_82' title='bbox 1660 1332 1846 1420; x_wconf 89' lang='lat' dir='ltr'>nimirum</span> <span class='ocrx_word' id='word_1_83' title='bbox 1861 1398 1875 1441; x_wconf 95' lang='lat'>,</span> <span class='ocrx_word' id='word_1_84' title='bbox 1892 1362 1931 1424; x_wconf 92' lang='lat' dir='ltr'>ut</span> 
     </span>
     <span class='ocr_line' id='line_1_10' title="bbox 474 1449 1928 1569; baseline 0.002 -32"><span class='ocrx_word' id='word_1_85' title='bbox 474 1453 587 1567; x_wconf 83' lang='lat' dir='ltr'>apud</span> <span class='ocrx_word' id='word_1_86' title='bbox 603 1459 729 1537; x_wconf 91' lang='lat' dir='ltr'>Deum</span> <span class='ocrx_word' id='word_1_87' title='bbox 744 1483 814 1569; x_wconf 92' lang='lat' dir='ltr'>pro</span> <span class='ocrx_word' id='word_1_88' title='bbox 831 1453 939 1536; x_wconf 93' lang='lat' dir='ltr'>nobis</span> <span class='ocrx_word' id='word_1_89' title='bbox 959 1453 1214 1556; x_wconf 83' lang='lat' dir='ltr'>intercedant,</span> <span class='ocrx_word' id='word_1_90' title='bbox 1234 1480 1272 1536; x_wconf 93' lang='lat' dir='ltr'>se</span> <span class='ocrx_word' id='word_1_91' title='bbox 1297 1451 1469 1553; x_wconf 88' lang='lat' dir='ltr'>novisse,</span> <span class='ocrx_word' id='word_1_92' title='bbox 1493 1449 1722 1564; x_wconf 86' lang='lat' dir='ltr'>apertissime</span> <span class='ocrx_word' id='word_1_93' title='bbox 1754 1453 1928 1540; x_wconf 80' lang='lat' dir='ltr'>declaret</span> 
     </span>
     <span class='ocr_line' id='line_1_11' title="bbox 472 1566 1928 1687; baseline -0.003 -29"><span class='ocrx_word' id='word_1_94' title='bbox 472 1575 596 1658; x_wconf 79' lang='lat' dir='ltr'>.Erras</span> <span class='ocrx_word' id='word_1_95' title='bbox 612 1571 751 1687; x_wconf 89' lang='lat' dir='ltr'>igitur,</span> <span class='ocrx_word' id='word_1_96' title='bbox 779 1577 960 1673; x_wconf 87' lang='lat' dir='ltr'>Erasme,</span> <span class='ocrx_word' id='word_1_97' title='bbox 987 1570 1015 1654; x_wconf 93' lang='lat' dir='ltr'>si</span> <span class='ocrx_word' id='word_1_98' title='bbox 1030 1595 1068 1654; x_wconf 94' lang='lat' dir='ltr'>te</span> <span class='ocrx_word' id='word_1_99' title='bbox 1096 1569 1237 1654; x_wconf 90' lang='lat' dir='ltr'>nullam</span> <span class='ocrx_word' id='word_1_100' title='bbox 1253 1593 1361 1683; x_wconf 87' lang='lat' dir='ltr'>putas</span> <span class='ocrx_word' id='word_1_101' title='bbox 1382 1570 1421 1653; x_wconf 94' lang='lat' dir='ltr'>in</span> <span class='ocrx_word' id='word_1_102' title='bbox 1438 1599 1487 1655; x_wconf 91' lang='lat' dir='ltr'>eo</span> <span class='ocrx_word' id='word_1_103' title='bbox 1504 1566 1735 1677; x_wconf 77' lang='lat' dir='ltr'>Naufragio</span> <span class='ocrx_word' id='word_1_104' title='bbox 1753 1568 1928 1683; x_wconf 78' lang='lat' dir='ltr'>jacturam</span> 
     </span>
     <span class='ocr_line' id='line_1_12' title="bbox 472 1682 1925 1804; baseline 0.002 -31"><span class='ocrx_word' id='word_1_105' title='bbox 472 1687 698 1801; x_wconf 73' lang='lat' dir='ltr'>opinionis,</span> <span class='ocrx_word' id='word_1_106' title='bbox 720 1717 820 1803; x_wconf 90' lang='lat' dir='ltr'>quae</span> <span class='ocrx_word' id='word_1_107' title='bbox 836 1689 885 1773; x_wconf 93' lang='lat' dir='ltr'>de</span> <span class='ocrx_word' id='word_1_108' title='bbox 917 1711 982 1770; x_wconf 87' lang='lat' dir='ltr'>tua</span> <span class='ocrx_word' id='word_1_109' title='bbox 1008 1686 1181 1803; x_wconf 83' lang='lat' dir='ltr'>singulari</span> <span class='ocrx_word' id='word_1_110' title='bbox 1213 1687 1350 1802; x_wconf 87' lang='lat' dir='ltr'>pietate</span> <span class='ocrx_word' id='word_1_111' title='bbox 1378 1688 1587 1772; x_wconf 84' lang='lat' dir='ltr'>habebatur</span> <span class='ocrx_word' id='word_1_112' title='bbox 1618 1747 1632 1790; x_wconf 95' lang='lat'>,</span> <span class='ocrx_word' id='word_1_113' title='bbox 1662 1682 1796 1774; x_wconf 86' lang='lat' dir='ltr'>fecisse</span> <span class='ocrx_word' id='word_1_114' title='bbox 1827 1689 1925 1804; x_wconf 88' lang='lat' dir='ltr'>apud</span> 
     </span>
     <span class='ocr_line' id='line_1_13' title="bbox 473 1803 1924 1923; baseline 0.01 -42"><span class='ocrx_word' id='word_1_115' title='bbox 473 1806 585 1893; x_wconf 19' lang='lat' dir='ltr'>,uisos</span> <span class='ocrx_word' id='word_1_116' title='bbox 600 1836 733 1922; x_wconf 88' lang='lat' dir='ltr'>graves</span> <span class='ocrx_word' id='word_1_117' title='bbox 756 1833 795 1894; x_wconf 91' lang='lat' dir='ltr'>et</span> <span class='ocrx_word' id='word_1_118' title='bbox 808 1804 956 1923; x_wconf 86' lang='lat' dir='ltr'>egregie</span> <span class='ocrx_word' id='word_1_119' title='bbox 980 1804 1087 1920; x_wconf 91' lang='lat' dir='ltr'>pios,</span> <span class='ocrx_word' id='word_1_120' title='bbox 1117 1832 1282 1921; x_wconf 92' lang='lat' dir='ltr'>quorum</span> <span class='ocrx_word' id='word_1_121' title='bbox 1306 1803 1528 1892; x_wconf 87' lang='lat' dir='ltr'>sententiam</span> <span class='ocrx_word' id='word_1_122' title='bbox 1543 1831 1694 1920; x_wconf 85' lang='lat' dir='ltr'>semper</span> <span class='ocrx_word' id='word_1_123' title='bbox 1711 1832 1771 1892; x_wconf 88' lang='lat' dir='ltr'>est</span> <span class='ocrx_word' id='word_1_124' title='bbox 1784 1832 1924 1895; x_wconf 72' lang='lat' dir='ltr'>scottus</span> 
     </span>
     <span class='ocr_line' id='line_1_14' title="bbox 459 1924 772 2021; baseline -0.019 -5"><span class='ocrx_word' id='word_1_125' title='bbox 459 1924 661 2016; x_wconf 66' lang='lat' dir='ltr'>⁴ailbertus</span> <span class='ocrx_word' id='word_1_126' title='bbox 675 1925 772 2021; x_wconf 83' lang='lat' dir='ltr'>Pius.</span> 
     </span>
    </p>

    <p class='ocr_par' dir='ltr' id='par_1_2' title="bbox 471 2041 1923 2744">
     <span class='ocr_line' id='line_1_15' title="bbox 542 2041 1923 2160; baseline 0.004 -33"><span class='ocrx_word' id='word_1_127' title='bbox 542 2048 587 2127; x_wconf 87' lang='lat' dir='ltr'>L.</span> <span class='ocrx_word' id='word_1_128' title='bbox 645 2048 748 2128; x_wconf 89' lang='lat' dir='ltr'>Nam</span> <span class='ocrx_word' id='word_1_129' title='bbox 772 2045 866 2157; x_wconf 91' lang='lat' dir='ltr'>quid</span> <span class='ocrx_word' id='word_1_130' title='bbox 898 2070 973 2159; x_wconf 90' lang='lat' dir='ltr'>ego</span> <span class='ocrx_word' id='word_1_131' title='bbox 999 2044 1049 2128; x_wconf 89' lang='lat' dir='ltr'>de</span> <span class='ocrx_word' id='word_1_132' title='bbox 1073 2042 1398 2153; x_wconf 68' lang='lat' dir='ltr'>Peregrinationes</span> <span class='ocrx_word' id='word_1_133' title='bbox 1420 2041 1574 2160; x_wconf 85' lang='lat' dir='ltr'>dialogo</span> <span class='ocrx_word' id='word_1_134' title='bbox 1590 2041 1748 2129; x_wconf 82' lang='lat' dir='ltr'>dicam?</span> <span class='ocrx_word' id='word_1_135' title='bbox 1776 2073 1856 2160; x_wconf 90' lang='lat' dir='ltr'>quo</span> <span class='ocrx_word' id='word_1_136' title='bbox 1870 2042 1923 2150; x_wconf 85' lang='lat' dir='ltr'>,si</span> 
     </span>
     <span class='ocr_line' id='line_1_16' title="bbox 481 2158 1916 2275; baseline 0.003 -33"><span class='ocrx_word' id='word_1_137' title='bbox 481 2158 566 2272; x_wconf 89' lang='lat' dir='ltr'>quis</span> <span class='ocrx_word' id='word_1_138' title='bbox 582 2187 661 2242; x_wconf 89' lang='lat' dir='ltr'>non</span> <span class='ocrx_word' id='word_1_139' title='bbox 688 2189 837 2273; x_wconf 90' lang='lat' dir='ltr'>prorsus</span> <span class='ocrx_word' id='word_1_140' title='bbox 864 2163 1000 2245; x_wconf 90' lang='lat' dir='ltr'>obesus</span> <span class='ocrx_word' id='word_1_141' title='bbox 1013 2184 1054 2244; x_wconf 90' lang='lat' dir='ltr'>et</span> <span class='ocrx_word' id='word_1_142' title='bbox 1075 2163 1232 2265; x_wconf 88' lang='lat' dir='ltr'>tardus,</span> <span class='ocrx_word' id='word_1_143' title='bbox 1263 2163 1467 2247; x_wconf 87' lang='lat' dir='ltr'>accuratius</span> <span class='ocrx_word' id='word_1_144' title='bbox 1483 2161 1680 2275; x_wconf 88' lang='lat' dir='ltr'>perlecto,</span> <span class='ocrx_word' id='word_1_145' title='bbox 1706 2186 1745 2246; x_wconf 90' lang='lat' dir='ltr'>te</span> <span class='ocrx_word' id='word_1_146' title='bbox 1757 2191 1833 2246; x_wconf 90' lang='lat' dir='ltr'>non</span> <span class='ocrx_word' id='word_1_147' title='bbox 1848 2192 1916 2275; x_wconf 70' lang='lat' dir='ltr'>prr-</span> 
     </span>
     <span class='ocr_line' id='line_1_17' title="bbox 479 2277 1917 2392; baseline 0.004 -33"><span class='ocrx_word' id='word_1_148' title='bbox 479 2278 615 2361; x_wconf 84' lang='lat' dir='ltr'>raverit</span> <span class='ocrx_word' id='word_1_149' title='bbox 633 2277 809 2362; x_wconf 92' lang='lat' dir='ltr'>divorum</span> <span class='ocrx_word' id='word_1_150' title='bbox 824 2278 969 2363; x_wconf 78' lang='lat' dir='ltr'>mltum</span> <span class='ocrx_word' id='word_1_151' title='bbox 992 2277 1188 2379; x_wconf 87' lang='lat' dir='ltr'>deridere,</span> <span class='ocrx_word' id='word_1_152' title='bbox 1212 2277 1318 2363; x_wconf 92' lang='lat' dir='ltr'>velut</span> <span class='ocrx_word' id='word_1_153' title='bbox 1344 2280 1455 2392; x_wconf 86' lang='lat' dir='ltr'>plane</span> <span class='ocrx_word' id='word_1_154' title='bbox 1475 2279 1772 2392; x_wconf 86' lang='lat' dir='ltr'>superstitiosum</span> <span class='ocrx_word' id='word_1_155' title='bbox 1790 2279 1917 2365; x_wconf 72' lang='lat' dir='ltr'>eina·</span> 
     </span>
     <span class='ocr_line' id='line_1_18' title="bbox 473 2392 1922 2513; baseline 0.007 -41"><span class='ocrx_word' id='word_1_156' title='bbox 473 2419 594 2498; x_wconf 88' lang='lat' dir='ltr'>nem,</span> <span class='ocrx_word' id='word_1_157' title='bbox 624 2395 807 2510; x_wconf 83' lang='lat' dir='ltr'>nullisque</span> <span class='ocrx_word' id='word_1_158' title='bbox 834 2395 901 2479; x_wconf 92' lang='lat' dir='ltr'>nisi</span> <span class='ocrx_word' id='word_1_159' title='bbox 939 2393 1103 2480; x_wconf 86' lang='lat' dir='ltr'>sacrificis</span> <span class='ocrx_word' id='word_1_160' title='bbox 1126 2392 1389 2502; x_wconf 81' lang='lat' dir='ltr'>fructuosum,</span> <span class='ocrx_word' id='word_1_161' title='bbox 1421 2395 1489 2510; x_wconf 92' lang='lat' dir='ltr'>qui</span> <span class='ocrx_word' id='word_1_162' title='bbox 1516 2423 1583 2508; x_wconf 91' lang='lat' dir='ltr'>per</span> <span class='ocrx_word' id='word_1_163' title='bbox 1608 2394 1827 2506; x_wconf 77' lang='lat' dir='ltr'>hujusmodi</span> <span class='ocrx_word' id='word_1_164' title='bbox 1850 2394 1922 2513; x_wconf 85' lang='lat' dir='ltr'>fig·</span> 
     </span>
     <span class='ocr_line' id='line_1_19' title="bbox 476 2510 1920 2631; baseline 0.005 -37"><span class='ocrx_word' id='word_1_165' title='bbox 476 2537 607 2597; x_wconf 87' lang='lat' dir='ltr'>menta</span> <span class='ocrx_word' id='word_1_166' title='bbox 629 2512 841 2625; x_wconf 88' lang='lat' dir='ltr'>plebeculae</span> <span class='ocrx_word' id='word_1_167' title='bbox 873 2511 1091 2598; x_wconf 86' lang='lat' dir='ltr'>christianae</span> <span class='ocrx_word' id='word_1_168' title='bbox 1122 2510 1272 2626; x_wconf 88' lang='lat' dir='ltr'>simplici</span> <span class='ocrx_word' id='word_1_169' title='bbox 1301 2513 1462 2619; x_wconf 88' lang='lat' dir='ltr'>ruditate</span> <span class='ocrx_word' id='word_1_170' title='bbox 1500 2512 1551 2597; x_wconf 90' lang='lat' dir='ltr'>ad</span> <span class='ocrx_word' id='word_1_171' title='bbox 1579 2543 1696 2598; x_wconf 91' lang='lat' dir='ltr'>suum</span> <span class='ocrx_word' id='word_1_172' title='bbox 1726 2539 1920 2631; x_wconf 88' lang='lat' dir='ltr'>quaestum</span> 
     </span>
     <span class='ocr_line' id='line_1_20' title="bbox 472 2629 1920 2744; baseline 0.007 -33.993"><span class='ocrx_word' id='word_1_173' title='bbox 472 2629 707 2733; x_wconf 70' lang='lat' dir='ltr'>abutantur,</span> <span class='ocrx_word' id='word_1_174' title='bbox 738 2630 829 2712; x_wconf 92' lang='lat' dir='ltr'>nihil</span> <span class='ocrx_word' id='word_1_175' title='bbox 850 2631 1014 2734; x_wconf 92' lang='lat' dir='ltr'>recuso,</span> <span class='ocrx_word' id='word_1_176' title='bbox 1042 2630 1245 2743; x_wconf 90' lang='lat' dir='ltr'>quominus</span> <span class='ocrx_word' id='word_1_177' title='bbox 1262 2630 1339 2743; x_wconf 91' lang='lat' dir='ltr'>ipse</span> <span class='ocrx_word' id='word_1_178' title='bbox 1370 2659 1436 2744; x_wconf 91' lang='lat' dir='ltr'>pet</span> <span class='ocrx_word' id='word_1_179' title='bbox 1459 2658 1523 2714; x_wconf 88' lang='lat' dir='ltr'>me</span> <span class='ocrx_word' id='word_1_180' title='bbox 1537 2630 1699 2735; x_wconf 90' lang='lat' dir='ltr'>viceris,</span> <span class='ocrx_word' id='word_1_181' title='bbox 1731 2658 1771 2718; x_wconf 91' lang='lat' dir='ltr'>et</span> <span class='ocrx_word' id='word_1_182' title='bbox 1796 2634 1920 2719; x_wconf 78' lang='lat' dir='ltr'>Alben-</span> 
     </span>
    </p>

    <p class='ocr_par' dir='ltr' id='par_1_3' title="bbox 352 2747 2004 5092">
     <span class='ocr_line' id='line_1_21' title="bbox 352 2747 1920 2861; baseline 0.005 -33"><span class='ocrx_word' id='word_1_183' title='bbox 352 2794 356 2802; x_wconf 90' lang='lat'><em>·</em></span> <span class='ocrx_word' id='word_1_184' title='bbox 469 2768 538 2829; x_wconf 77' lang='lat' dir='ltr'>,tus</span> <span class='ocrx_word' id='word_1_185' title='bbox 564 2747 649 2831; x_wconf 91' lang='lat' dir='ltr'>Pius</span> <span class='ocrx_word' id='word_1_186' title='bbox 677 2748 840 2832; x_wconf 86' lang='lat' dir='ltr'>mendax</span> <span class='ocrx_word' id='word_1_187' title='bbox 868 2772 907 2833; x_wconf 91' lang='lat' dir='ltr'>et</span> <span class='ocrx_word' id='word_1_188' title='bbox 937 2747 1181 2835; x_wconf 89' lang='lat' dir='ltr'>calumniator</span> <span class='ocrx_word' id='word_1_189' title='bbox 1199 2747 1395 2832; x_wconf 88' lang='lat' dir='ltr'>habeatur.</span> <span class='ocrx_word' id='word_1_190' title='bbox 1426 2752 1469 2831; x_wconf 91' lang='lat' dir='ltr'>ln</span> <span class='ocrx_word' id='word_1_191' title='bbox 1483 2775 1566 2861; x_wconf 94' lang='lat' dir='ltr'>quo</span> <span class='ocrx_word' id='word_1_192' title='bbox 1594 2748 1644 2833; x_wconf 92' lang='lat' dir='ltr'>de</span> <span class='ocrx_word' id='word_1_193' title='bbox 1669 2749 1804 2836; x_wconf 89' lang='lat' dir='ltr'>ceteris</span> <span class='ocrx_word' id='word_1_194' title='bbox 1832 2750 1920 2838; x_wconf 89' lang='lat' dir='ltr'>divis</span> 
     </span>
     <span class='ocr_line' id='line_1_22' title="bbox 474 2863 1920 2981; baseline 0.007 -36"><span class='ocrx_word' id='word_1_195' title='bbox 474 2863 568 2947; x_wconf 88' lang='lat' dir='ltr'>nihil</span> <span class='ocrx_word' id='word_1_196' title='bbox 591 2889 647 2949; x_wconf 92' lang='lat' dir='ltr'>est</span> <span class='ocrx_word' id='word_1_197' title='bbox 677 2865 786 2977; x_wconf 90' lang='lat' dir='ltr'>quod</span> <span class='ocrx_word' id='word_1_198' title='bbox 815 2891 1117 2979; x_wconf 88' lang='lat' dir='ltr'>conqueramur,</span> <span class='ocrx_word' id='word_1_199' title='bbox 1148 2893 1243 2948; x_wconf 89' lang='lat' dir='ltr'>cum-</span> <span class='ocrx_word' id='word_1_200' title='bbox 1262 2865 1339 2978; x_wconf 89' lang='lat' dir='ltr'>ipsi</span> <span class='ocrx_word' id='word_1_201' title='bbox 1357 2864 1585 2950; x_wconf 76' lang='lat' dir='ltr'>beadssimae</span> <span class='ocrx_word' id='word_1_202' title='bbox 1610 2864 1763 2981; x_wconf 86' lang='lat' dir='ltr'>Virgini</span> <span class='ocrx_word' id='word_1_203' title='bbox 1788 2867 1920 2954; x_wconf 80' lang='lat' dir='ltr'>Christi</span> 
     </span>
     <span class='ocr_line' id='line_1_23' title="bbox 471 2979 1920 3099; baseline 0.005 -34"><span class='ocrx_word' id='word_1_204' title='bbox 471 2979 586 3065; x_wconf 85' lang='lat' dir='ltr'>marri</span> <span class='ocrx_word' id='word_1_205' title='bbox 615 3007 701 3066; x_wconf 91' lang='lat' dir='ltr'>tuus</span> <span class='ocrx_word' id='word_1_206' title='bbox 718 2981 776 3066; x_wconf 89' lang='lat' dir='ltr'>ille</span> <span class='ocrx_word' id='word_1_207' title='bbox 797 2981 976 3098; x_wconf 83' lang='lat' dir='ltr'>dialogus·</span> <span class='ocrx_word' id='word_1_208' title='bbox 988 2982 1157 3069; x_wconf 90' lang='lat' dir='ltr'>videatur</span> <span class='ocrx_word' id='word_1_209' title='bbox 1178 2980 1372 3087; x_wconf 87' lang='lat' dir='ltr'>insultare,</span> <span class='ocrx_word' id='word_1_210' title='bbox 1388 2979 1549 3068; x_wconf 82' lang='lat' dir='ltr'>conficta</span> <span class='ocrx_word' id='word_1_211' title='bbox 1564 2981 1726 3096; x_wconf 88' lang='lat' dir='ltr'>epistola</span> <span class='ocrx_word' id='word_1_212' title='bbox 1751 2980 1862 3099; x_wconf 86' lang='lat' dir='ltr'>ipsius</span> <span class='ocrx_word' id='word_1_213' title='bbox 1873 2984 1920 3072; x_wconf 77' lang='lat' dir='ltr'>ad</span> 
     </span>
     <span class='ocr_line' id='line_1_24' title="bbox 472 3096 1921 3217; baseline 0.005 -36"><span class='ocrx_word' id='word_1_214' title='bbox 472 3097 803 3214; x_wconf 78' lang='lat' dir='ltr'>Glaucoplutum,</span> <span class='ocrx_word' id='word_1_215' title='bbox 832 3129 910 3216; x_wconf 90' lang='lat' dir='ltr'>qua</span> <span class='ocrx_word' id='word_1_216' title='bbox 926 3096 1021 3186; x_wconf 42' lang='lat' dir='ltr'>wfacis</span> <span class='ocrx_word' id='word_1_217' title='bbox 1053 3099 1225 3185; x_wconf 89' lang='lat' dir='ltr'>eamdem</span> <span class='ocrx_word' id='word_1_218' title='bbox 1255 3100 1418 3213; x_wconf 91' lang='lat' dir='ltr'>primum</span> <span class='ocrx_word' id='word_1_219' title='bbox 1432 3099 1697 3214; x_wconf 88' lang='lat' dir='ltr'>Glaucopluto</span> <span class='ocrx_word' id='word_1_220' title='bbox 1710 3163 1725 3206; x_wconf 93' lang='lat'>,</span> <span class='ocrx_word' id='word_1_221' title='bbox 1740 3129 1788 3186; x_wconf 86' lang='lat' dir='ltr'>ac</span> <span class='ocrx_word' id='word_1_222' title='bbox 1803 3103 1921 3217; x_wconf 91' lang='lat' dir='ltr'>potius</span> 
     </span>
     <span class='ocr_line' id='line_1_25' title="bbox 471 3216 1920 3333; baseline 0.004 -33"><span class='ocrx_word' id='word_1_223' title='bbox 471 3217 644 3301; x_wconf 63' lang='lat' dir='ltr'>luthero</span> <span class='ocrx_word' id='word_1_224' title='bbox 668 3216 803 3333; x_wconf 88' lang='lat' dir='ltr'>gratias</span> <span class='ocrx_word' id='word_1_225' title='bbox 830 3241 1038 3332; x_wconf 89' lang='lat' dir='ltr'>agentem,</span> <span class='ocrx_word' id='word_1_226' title='bbox 1064 3216 1172 3331; x_wconf 91' lang='lat' dir='ltr'>quod</span> <span class='ocrx_word' id='word_1_227' title='bbox 1188 3244 1507 3330; x_wconf 84' lang='lat' dir='ltr'>supervacaneum</span> <span class='ocrx_word' id='word_1_228' title='bbox 1531 3245 1609 3303; x_wconf 87' lang='lat' dir='ltr'>esse</span> <span class='ocrx_word' id='word_1_229' title='bbox 1637 3218 1843 3325; x_wconf 89' lang='lat' dir='ltr'>docuerit,</span> <span class='ocrx_word' id='word_1_230' title='bbox 1867 3220 1920 3306; x_wconf 92' lang='lat' dir='ltr'>di·</span> 
     </span>
     <span class='ocr_line' id='line_1_26' title="bbox 472 3334 1915 3451; baseline 0.003 -32"><span class='ocrx_word' id='word_1_231' title='bbox 472 3362 545 3419; x_wconf 81' lang='lat' dir='ltr'>vos</span> <span class='ocrx_word' id='word_1_232' title='bbox 572 3334 772 3438; x_wconf 88' lang='lat' dir='ltr'>invocare,</span> <span class='ocrx_word' id='word_1_233' title='bbox 805 3334 942 3420; x_wconf 88' lang='lat' dir='ltr'>deinde</span> <span class='ocrx_word' id='word_1_234' title='bbox 965 3334 1094 3420; x_wconf 87' lang='lat' dir='ltr'>omnia</span> <span class='ocrx_word' id='word_1_235' title='bbox 1111 3337 1390 3450; x_wconf 87' lang='lat' dir='ltr'>propemodum</span> <span class='ocrx_word' id='word_1_236' title='bbox 1418 3336 1478 3451; x_wconf 86' lang='lat' dir='ltr'>pia</span> <span class='ocrx_word' id='word_1_237' title='bbox 1505 3361 1546 3421; x_wconf 92' lang='lat' dir='ltr'>er</span> <span class='ocrx_word' id='word_1_238' title='bbox 1560 3335 1675 3451; x_wconf 91' lang='lat' dir='ltr'>impia</span> <span class='ocrx_word' id='word_1_239' title='bbox 1702 3365 1805 3424; x_wconf 88' lang='lat' dir='ltr'>vota</span> <span class='ocrx_word' id='word_1_240' title='bbox 1827 3365 1915 3423; x_wconf 82' lang='lat' dir='ltr'>mor·</span> 
     </span>
     <span class='ocr_line' id='line_1_27' title="bbox 470 3450 1918 3571; baseline 0.003 -35"><span class='ocrx_word' id='word_1_241' title='bbox 470 3450 602 3536; x_wconf 89' lang='lat' dir='ltr'>talium</span> <span class='ocrx_word' id='word_1_242' title='bbox 633 3453 893 3537; x_wconf 85' lang='lat' dir='ltr'>damnantem.</span> <span class='ocrx_word' id='word_1_243' title='bbox 919 3452 1027 3546; x_wconf 91' lang='lat' dir='ltr'>Quid</span> <span class='ocrx_word' id='word_1_244' title='bbox 1050 3452 1151 3536; x_wconf 90' lang='lat' dir='ltr'>enim</span> <span class='ocrx_word' id='word_1_245' title='bbox 1167 3454 1282 3538; x_wconf 87' lang='lat' dir='ltr'>habet</span> <span class='ocrx_word' id='word_1_246' title='bbox 1312 3452 1374 3539; x_wconf 91' lang='lat' dir='ltr'>vel</span> <span class='ocrx_word' id='word_1_247' title='bbox 1400 3452 1625 3568; x_wconf 87' lang='lat' dir='ltr'>impietatis,</span> <span class='ocrx_word' id='word_1_248' title='bbox 1650 3454 1718 3540; x_wconf 91' lang='lat' dir='ltr'>vel</span> <span class='ocrx_word' id='word_1_249' title='bbox 1750 3455 1918 3571; x_wconf 76' lang='lat' dir='ltr'>ineptitu-</span> 
     </span>
     <span class='ocr_line' id='line_1_28' title="bbox 473 3567 1920 3686; baseline 0.002 -32"><span class='ocrx_word' id='word_1_250' title='bbox 473 3568 599 3673; x_wconf 91' lang='lat' dir='ltr'>dinis,</span> <span class='ocrx_word' id='word_1_251' title='bbox 628 3569 805 3654; x_wconf 88' lang='lat' dir='ltr'>siclamet</span> <span class='ocrx_word' id='word_1_252' title='bbox 820 3569 1003 3686; x_wconf 86' lang='lat' dir='ltr'>gravida,</span> <span class='ocrx_word' id='word_1_253' title='bbox 1032 3572 1084 3653; x_wconf 83' lang='lat' dir='ltr'>da</span> <span class='ocrx_word' id='word_1_254' title='bbox 1105 3567 1365 3675; x_wconf 79' lang='lat' dir='ltr'>mihifiacr’lem</span> <span class='ocrx_word' id='word_1_255' title='bbox 1383 3587 1541 3679; x_wconf 77' lang='lat' dir='ltr'>partum</span> <span class='ocrx_word' id='word_1_256' title='bbox 1557 3631 1571 3675; x_wconf 94' lang='lat'>,</span> <span class='ocrx_word' id='word_1_257' title='bbox 1585 3595 1736 3676; x_wconf 88' lang='lat' dir='ltr'>nauta,</span> <span class='ocrx_word' id='word_1_258' title='bbox 1762 3580 1817 3656; x_wconf 78' lang='lat' dir='ltr'>da</span> <span class='ocrx_word' id='word_1_259' title='bbox 1843 3591 1920 3684; x_wconf 79' lang='lat' dir='ltr'>pra·</span> 
     </span>
     <span class='ocr_line' id='line_1_29' title="bbox 473 3687 1922 3805; baseline 0.008 -38"><span class='ocrx_word' id='word_1_260' title='bbox 473 3707 605 3794; x_wconf 85' lang='lat' dir='ltr'>speros</span> <span class='ocrx_word' id='word_1_261' title='bbox 620 3714 774 3792; x_wconf 86' lang='lat' dir='ltr'>cursus,</span> <span class='ocrx_word' id='word_1_262' title='bbox 791 3687 977 3804; x_wconf 87' lang='lat' dir='ltr'>agricola,</span> <span class='ocrx_word' id='word_1_263' title='bbox 993 3690 1044 3770; x_wconf 83' lang='lat' dir='ltr'>da</span> <span class='ocrx_word' id='word_1_264' title='bbox 1057 3696 1319 3798; x_wconf 78' lang='lat' dir='ltr'>tempestivam</span> <span class='ocrx_word' id='word_1_265' title='bbox 1338 3695 1510 3796; x_wconf 79' lang='lat' dir='ltr'>pluviam</span> <span class='ocrx_word' id='word_1_266' title='bbox 1523 3697 1535 3772; x_wconf 84' lang='lat' dir='ltr'>l</span> <span class='ocrx_word' id='word_1_267' title='bbox 1550 3693 1631 3774; x_wconf 83' lang='lat' dir='ltr'>Aut</span> <span class='ocrx_word' id='word_1_268' title='bbox 1650 3716 1848 3805; x_wconf 87' lang='lat' dir='ltr'>quantum</span> <span class='ocrx_word' id='word_1_269' title='bbox 1863 3694 1922 3779; x_wconf 79' lang='lat' dir='ltr'>ab</span> 
     </span>
     <span class='ocr_line' id='line_1_30' title="bbox 472 3801 1922 3925; baseline 0.006 -37"><span class='ocrx_word' id='word_1_270' title='bbox 472 3801 630 3890; x_wconf 90' lang='lat' dir='ltr'>horrent</span> <span class='ocrx_word' id='word_1_271' title='bbox 647 3804 714 3890; x_wconf 89' lang='lat' dir='ltr'>ista</span> <span class='ocrx_word' id='word_1_272' title='bbox 743 3833 766 3887; x_wconf 88' lang='lat' dir='ltr'>a</span> <span class='ocrx_word' id='word_1_273' title='bbox 781 3802 1007 3918; x_wconf 89' lang='lat' dir='ltr'>quotidiano</span> <span class='ocrx_word' id='word_1_274' title='bbox 1023 3834 1149 3920; x_wconf 84' lang='lat' dir='ltr'>pane,</span> <span class='ocrx_word' id='word_1_275' title='bbox 1164 3833 1281 3920; x_wconf 89' lang='lat' dir='ltr'>quern</span> <span class='ocrx_word' id='word_1_276' title='bbox 1296 3805 1449 3916; x_wconf 87' lang='lat' dir='ltr'>Christo</span> <span class='ocrx_word' id='word_1_277' title='bbox 1470 3830 1659 3910; x_wconf 85' lang='lat' dir='ltr'>auctore,</span> <span class='ocrx_word' id='word_1_278' title='bbox 1686 3807 1749 3921; x_wconf 90' lang='lat' dir='ltr'>pie</span> <span class='ocrx_word' id='word_1_279' title='bbox 1767 3809 1922 3925; x_wconf 85' lang='lat' dir='ltr'>petimus</span> 
     </span>
     <span class='ocr_line' id='line_1_31' title="bbox 471 3920 1921 4042; baseline 0.002 -34"><span class='ocrx_word' id='word_1_280' title='bbox 471 3926 631 4008; x_wconf 85' lang='lat' dir='ltr'>aPatre</span> <span class='ocrx_word' id='word_1_281' title='bbox 654 3920 827 4006; x_wconf 78' lang='lat' dir='ltr'>caelesti?</span> <span class='ocrx_word' id='word_1_282' title='bbox 858 3924 1008 4026; x_wconf 89' lang='lat' dir='ltr'>Cuncta</span> <span class='ocrx_word' id='word_1_283' title='bbox 1023 3924 1122 4008; x_wconf 91' lang='lat' dir='ltr'>enim</span> <span class='ocrx_word' id='word_1_284' title='bbox 1147 3924 1241 4008; x_wconf 88' lang='lat' dir='ltr'>haec</span> <span class='ocrx_word' id='word_1_285' title='bbox 1265 3952 1312 4009; x_wconf 86' lang='lat' dir='ltr'>ex</span> <span class='ocrx_word' id='word_1_286' title='bbox 1340 3953 1474 4009; x_wconf 92' lang='lat' dir='ltr'>eorum</span> <span class='ocrx_word' id='word_1_287' title='bbox 1497 3952 1636 4040; x_wconf 88' lang='lat' dir='ltr'>genere</span> <span class='ocrx_word' id='word_1_288' title='bbox 1662 3950 1788 4032; x_wconf 90' lang='lat' dir='ltr'>sunt,</span> <span class='ocrx_word' id='word_1_289' title='bbox 1816 3955 1921 4042; x_wconf 82' lang='lat' dir='ltr'>quae,</span> 
     </span>
     <span class='ocr_line' id='line_1_32' title="bbox 467 4038 1922 4158; baseline 0.005 -34"><span class='ocrx_word' id='word_1_290' title='bbox 467 4063 520 4124; x_wconf 85' lang='lat' dir='ltr'>ut</span> <span class='ocrx_word' id='word_1_291' title='bbox 534 4040 767 4156; x_wconf 89' lang='lat' dir='ltr'>Augustinus</span> <span class='ocrx_word' id='word_1_292' title='bbox 800 4038 875 4142; x_wconf 88' lang='lat' dir='ltr'>ait,</span> <span class='ocrx_word' id='word_1_293' title='bbox 899 4053 980 4125; x_wconf 86' lang='lat' dir='ltr'>non</span> <span class='ocrx_word' id='word_1_294' title='bbox 995 4044 1224 4156; x_wconf 83' lang='lat' dir='ltr'>appetuntur</span> <span class='ocrx_word' id='word_1_295' title='bbox 1250 4065 1403 4157; x_wconf 88' lang='lat' dir='ltr'>propter</span> <span class='ocrx_word' id='word_1_296' title='bbox 1420 4072 1487 4146; x_wconf 92' lang='lat' dir='ltr'>se,</span> <span class='ocrx_word' id='word_1_297' title='bbox 1514 4042 1579 4140; x_wconf 89' lang='lat' dir='ltr'>sed</span> <span class='ocrx_word' id='word_1_298' title='bbox 1595 4066 1755 4158; x_wconf 88' lang='lat' dir='ltr'>propter</span> <span class='ocrx_word' id='word_1_299' title='bbox 1770 4044 1922 4132; x_wconf 78' lang='lat' dir='ltr'>salutem</span> 
     </span>
     <span class='ocr_line' id='line_1_33' title="bbox 471 4157 1923 4274; baseline 0.006 -33"><span class='ocrx_word' id='word_1_300' title='bbox 471 4160 668 4272; x_wconf 81' lang='lat' dir='ltr'>corporis,</span> <span class='ocrx_word' id='word_1_301' title='bbox 693 4181 733 4265; x_wconf 82' lang='lat' dir='ltr'>er</span> <span class='ocrx_word' id='word_1_302' title='bbox 756 4182 1031 4272; x_wconf 85' lang='lat' dir='ltr'>congruentem</span> <span class='ocrx_word' id='word_1_303' title='bbox 1054 4157 1228 4245; x_wconf 84' lang='lat' dir='ltr'>habimm</span> <span class='ocrx_word' id='word_1_304' title='bbox 1259 4186 1440 4273; x_wconf 89' lang='lat' dir='ltr'>personae</span> <span class='ocrx_word' id='word_1_305' title='bbox 1463 4157 1652 4264; x_wconf 89' lang='lat' dir='ltr'>hominis,</span> <span class='ocrx_word' id='word_1_306' title='bbox 1683 4190 1772 4274; x_wconf 89' lang='lat' dir='ltr'>quo</span> <span class='ocrx_word' id='word_1_307' title='bbox 1797 4162 1923 4249; x_wconf 85' lang='lat' dir='ltr'>habitu</span> 
     </span>
     <span class='ocr_line' id='line_1_34' title="bbox 474 4275 1923 4391; baseline 0.008 -35"><span class='ocrx_word' id='word_1_308' title='bbox 474 4276 613 4361; x_wconf 85' lang='lat' dir='ltr'>nonsit</span> <span class='ocrx_word' id='word_1_309' title='bbox 640 4275 907 4362; x_wconf 86' lang='lat' dir='ltr'>inconveniens</span> <span class='ocrx_word' id='word_1_310' title='bbox 921 4276 1000 4380; x_wconf 90' lang='lat' dir='ltr'>eis,</span> <span class='ocrx_word' id='word_1_311' title='bbox 1024 4303 1112 4361; x_wconf 90' lang='lat' dir='ltr'>cum</span> <span class='ocrx_word' id='word_1_312' title='bbox 1128 4277 1264 4391; x_wconf 93' lang='lat' dir='ltr'>quibus</span> <span class='ocrx_word' id='word_1_313' title='bbox 1287 4276 1445 4364; x_wconf 87' lang='lat' dir='ltr'>honeste</span> <span class='ocrx_word' id='word_1_314' title='bbox 1466 4276 1676 4366; x_wconf 87' lang='lat' dir='ltr'>vivendum</span> <span class='ocrx_word' id='word_1_315' title='bbox 1691 4304 1767 4365; x_wconf 84' lang='lat' dir='ltr'>est.</span> <span class='ocrx_word' id='word_1_316' title='bbox 1797 4282 1923 4379; x_wconf 82' lang='lat' dir='ltr'>Quam</span> 
     </span>
     <span class='ocr_line' id='line_1_35' title="bbox 470 4387 1924 4511; baseline 0.003 -33"><span class='ocrx_word' id='word_1_317' title='bbox 470 4392 687 4478; x_wconf 85' lang='lat' dir='ltr'>orationem</span> <span class='ocrx_word' id='word_1_318' title='bbox 709 4391 761 4479; x_wconf 90' lang='lat' dir='ltr'>sic</span> <span class='ocrx_word' id='word_1_319' title='bbox 777 4393 979 4480; x_wconf 67' lang='lat' dir='ltr'>‘concludit&#39;</span> <span class='ocrx_word' id='word_1_320' title='bbox 994 4393 1253 4511; x_wconf 82' lang='lat' dir='ltr'>Augustinus:</span> <span class='ocrx_word' id='word_1_321' title='bbox 1271 4387 1353 4480; x_wconf 79' lang='lat' dir='ltr'>Ista</span> <span class='ocrx_word' id='word_1_322' title='bbox 1368 4421 1458 4504; x_wconf 84' lang='lat' dir='ltr'>erga</span> <span class='ocrx_word' id='word_1_323' title='bbox 1479 4422 1561 4481; x_wconf 81' lang='lat' dir='ltr'>curu</span> <span class='ocrx_word' id='word_1_324' title='bbox 1575 4396 1764 4482; x_wconf 71' lang='lat' dir='ltr'>habemur</span> <span class='ocrx_word' id='word_1_325' title='bbox 1782 4455 1799 4503; x_wconf 90' lang='lat'>,</span> <span class='ocrx_word' id='word_1_326' title='bbox 1814 4417 1856 4483; x_wconf 84' lang='lat' dir='ltr'>ut</span> <span class='ocrx_word' id='word_1_327' title='bbox 1874 4415 1924 4483; x_wconf 85' lang='lat' dir='ltr'>te·</span> 
     </span>
     <span class='ocr_line' id='line_1_36' title="bbox 472 4505 1924 4632; baseline 0.002 -32"><span class='ocrx_word' id='word_1_328' title='bbox 472 4525 658 4614; x_wconf 71' lang='lat' dir='ltr'>aarum,</span> <span class='ocrx_word' id='word_1_329' title='bbox 676 4538 758 4593; x_wconf 79' lang='lat' dir='ltr'>cram</span> <span class='ocrx_word' id='word_1_330' title='bbox 774 4536 842 4596; x_wconf 83' lang='lat' dir='ltr'>non</span> <span class='ocrx_word' id='word_1_331' title='bbox 855 4505 1056 4617; x_wconf 78' lang='lat' dir='ltr'>habentur,</span> <span class='ocrx_word' id='word_1_332' title='bbox 1069 4527 1111 4594; x_wconf 80' lang='lat' dir='ltr'>rat</span> <span class='ocrx_word' id='word_1_333' title='bbox 1124 4513 1331 4596; x_wconf 65' lang='lat' dir='ltr'>babeam</span> <span class='ocrx_word' id='word_1_334' title='bbox 1347 4573 1361 4617; x_wconf 98' lang='lat'>,</span> <span class='ocrx_word' id='word_1_335' title='bbox 1377 4519 1553 4614; x_wconf 65' lang='lat' dir='ltr'>orcam</span> <span class='ocrx_word' id='word_1_336' title='bbox 1567 4529 1639 4597; x_wconf 85' lang='lat' dir='ltr'>est.</span> <span class='ocrx_word' id='word_1_337' title='bbox 1671 4515 1764 4627; x_wconf 81' lang='lat' dir='ltr'>Jam</span> <span class='ocrx_word' id='word_1_338' title='bbox 1781 4517 1924 4632; x_wconf 78' lang='lat' dir='ltr'>tapeti·</span> 
     </span>
     <span class='ocr_line' id='line_1_37' title="bbox 474 4625 1912 4747; baseline 0.003 -29"><span class='ocrx_word' id='word_1_339' title='bbox 474 4634 581 4720; x_wconf 89' lang='lat' dir='ltr'>tione</span> <span class='ocrx_word' id='word_1_340' title='bbox 609 4625 703 4743; x_wconf 93' lang='lat' dir='ltr'>quid</span> <span class='ocrx_word' id='word_1_341' title='bbox 728 4631 853 4739; x_wconf 89' lang='lat' dir='ltr'>potest</span> <span class='ocrx_word' id='word_1_342' title='bbox 879 4637 957 4714; x_wconf 85' lang='lat' dir='ltr'>esse</span> <span class='ocrx_word' id='word_1_343' title='bbox 986 4629 1175 4715; x_wconf 86' lang='lat' dir='ltr'>honestius</span> <span class='ocrx_word' id='word_1_344' title='bbox 1191 4655 1259 4715; x_wconf 86' lang='lat' dir='ltr'>aut</span> <span class='ocrx_word' id='word_1_345' title='bbox 1269 4630 1392 4747; x_wconf 84' lang='lat' dir='ltr'>magis</span> <span class='ocrx_word' id='word_1_346' title='bbox 1407 4631 1535 4745; x_wconf 86' lang='lat' dir='ltr'>pium:</span> <span class='ocrx_word' id='word_1_347' title='bbox 1565 4630 1761 4721; x_wconf 88' lang='lat' dir='ltr'>siclamet</span> <span class='ocrx_word' id='word_1_348' title='bbox 1776 4635 1912 4742; x_wconf 62' lang='lat' dir='ltr'>auum</span> 
     </span>
     <span class='ocr_line' id='line_1_38' title="bbox 473 4743 1913 4864; baseline 0.003 -28"><span class='ocrx_word' id='word_1_349' title='bbox 473 4758 529 4836; x_wconf 76' lang='lat' dir='ltr'>da</span> <span class='ocrx_word' id='word_1_350' title='bbox 543 4773 636 4831; x_wconf 83' lang='lat' dir='ltr'>vere</span> <span class='ocrx_word' id='word_1_351' title='bbox 650 4743 824 4845; x_wconf 80' lang='lat' dir='ltr'>confiteri</span> <span class='ocrx_word' id='word_1_352' title='bbox 841 4753 881 4828; x_wconf 80' lang='lat' dir='ltr'>in</span> <span class='ocrx_word' id='word_1_353' title='bbox 898 4752 1199 4832; x_wconf 79' lang='lat' dir='ltr'>mortisarticala</span> <span class='ocrx_word' id='word_1_354' title='bbox 1224 4808 1238 4850; x_wconf 97' lang='lat'>,</span> <span class='ocrx_word' id='word_1_355' title='bbox 1261 4773 1301 4834; x_wconf 87' lang='lat' dir='ltr'>et</span> <span class='ocrx_word' id='word_1_356' title='bbox 1316 4749 1552 4864; x_wconf 83' lang='lat' dir='ltr'>Episcopus,</span> <span class='ocrx_word' id='word_1_357' title='bbox 1576 4760 1696 4835; x_wconf 70' lang='lat' dir='ltr'>serbo</span> <span class='ocrx_word' id='word_1_358' title='bbox 1712 4781 1837 4840; x_wconf 74' lang='lat' dir='ltr'>aream</span> <span class='ocrx_word' id='word_1_359' title='bbox 1849 4757 1913 4839; x_wconf 76' lang='lat' dir='ltr'>Et·</span> 
     </span>
     <span class='ocr_line' id='line_1_39' title="bbox 473 4825 2004 5006; baseline 0.005 -48"><span class='ocrx_word' id='word_1_360' title='bbox 473 4873 649 4958; x_wconf 73' lang='lat' dir='ltr'>auriam?</span> <span class='ocrx_word' id='word_1_361' title='bbox 677 4863 844 4970; x_wconf 72' lang='lat' dir='ltr'>Athaec</span> <span class='ocrx_word' id='word_1_362' title='bbox 859 4863 991 4953; x_wconf 85' lang='lat' dir='ltr'>omnia</span> <span class='ocrx_word' id='word_1_363' title='bbox 1004 4864 1200 4986; x_wconf 84' lang='lat' dir='ltr'>Virginem</span> <span class='ocrx_word' id='word_1_364' title='bbox 1212 4866 1297 4983; x_wconf 53' lang='lat' dir='ltr'>D‘lss</span> <span class='ocrx_word' id='word_1_365' title='bbox 1312 4889 1472 4987; x_wconf 78' lang='lat' dir='ltr'>matrem</span> <span class='ocrx_word' id='word_1_366' title='bbox 1494 4863 1583 4982; x_wconf 75' lang='lat' dir='ltr'>iacis</span> <span class='ocrx_word' id='word_1_367' title='bbox 1609 4868 1721 4987; x_wconf 70' lang='lat' dir='ltr'>uelut</span> <span class='ocrx_word' id='word_1_368' title='bbox 1746 4872 1919 4993; x_wconf 76' lang='lat' dir='ltr'>inepraet</span> <span class='ocrx_word' id='word_1_369' title='bbox 1999 4825 2004 5006; x_wconf 74' lang='lat' dir='ltr'>l</span> 
     </span>
     <span class='ocr_line' id='line_1_40' title="bbox 473 4979 2004 5092; baseline 0.001 -17"><span class='ocrx_word' id='word_1_370' title='bbox 473 4984 595 5081; x_wconf 83' lang='lat' dir='ltr'>inania</span> <span class='ocrx_word' id='word_1_371' title='bbox 610 4979 873 5072; x_wconf 82' lang='lat' dir='ltr'>fastidientem.</span> <span class='ocrx_word' id='word_1_372' title='bbox 1842 4986 1910 5092; x_wconf 72' lang='lat' dir='ltr'>§ed</span> <span class='ocrx_word' id='word_1_373' title='bbox 2002 5007 2004 5012; x_wconf 79' lang='grc'>’</span> 
     </span>
    </p>
   </div>
   <div class='ocr_carea' id='block_1_2' title="bbox 0 0 2014 5864">
    <p class='ocr_par' dir='ltr' id='par_1_4' title="bbox 0 0 2014 5864">
     <span class='ocr_line' id='line_1_41' title="bbox 0 0 2014 5864; baseline 0 0"><span class='ocrx_word' id='word_1_374' title='bbox 0 0 2014 5864; x_wconf 95' lang='lat' dir='ltr'> </span> 
     </span>
    </p>
   </div>
  </div>
 </body>
</html>
