4050 5858
488 417 559 464 ew
926 400 929 401 *
997 392 1367 464 CONSALUs
1488 431 1490 447 ι

461 517 633 605 dentium
657 519 825 606 virorum
843 577 856 621 ,
872 516 901 601 si
923 516 1092 601 animum
1114 515 1219 602 illum
1246 517 1448 604 sustineam
1473 544 1700 635 generosum
1727 519 1924 636 appellare

456 638 529 753 ,qui
557 637 745 723 nonnullis
775 635 990 722 hominibus
1007 696 1019 740 ,
1036 661 1082 721 ur
1109 636 1158 747 de
1182 637 1303 752 porcis
1329 636 1445 721 estin
1477 639 1705 749 proverbio,
1734 670 1808 753 pro
1837 643 1919 728 sale

461 757 573 844 danus
599 764 681 842 est?
713 762 817 870 Ergo
842 782 1045 869 generosos
1067 752 1215 870 appello
1246 753 1391 869 optima
1420 754 1547 841 indole
1572 756 1788 871 praeditos,
1815 758 1916 847 libe-

462 875 584 959 raliter
604 874 789 959 institutos
807 873 957 986 ,turpia
981 899 1019 958 et
1044 873 1304 988 indignitatem
1336 896 1576 986 respuentes,
1592 898 1632 960 er
1654 875 1722 988 qui
1751 877 1802 962 ad
1827 875 1914 968 offi-

458 992 560 1078 cium
588 1022 706 1078 omne
735 990 876 1106 promti
901 1017 989 1075 sunt
1005 1052 1017 1096 ,
1034 993 1084 1076 ad
1100 1019 1268 1077 *omnem
1293 991 1472 1077 virtutem
1494 992 1638 1106 parati.
1699 1011 1705 1017 ‘'
1915 1082 1920 1083 f

518 1113 722 1197 XXXVII.
760 1182 763 1185 ,
780 1110 816 1192 Si
839 1137 954 1224 ergo,
969 1134 1013 1194 ut
1034 1109 1163 1194 redeat
1177 1139 1226 1194 eo
1241 1171 1253 1214 ,
1268 1108 1373 1193 unde
1392 1104 1541 1193 deflexit
1563 1109 1714 1218 oratio,
1731 1138 1908 1202 commu-

461 1229 501 1312 ni
533 1228 747 1314 mortalium
784 1225 921 1338 judicio
952 1251 1069 1341 arque
1095 1227 1313 1312 testimonio
1341 1224 1493 1341 ingenui
1524 1250 1564 1311 et
1593 1232 1766 1344 generosi
1792 1236 1912 1324 animi

456 1373 560 1446 ‚nutu
585 1346 756 1461 quodam
782 1342 939 1427 naturali
966 1345 1017 1429 ad
1050 1343 1207 1460 gloriam
1230 1345 1270 1428 in
1302 1343 1425 1458 primis
1441 1338 1612 1429 feruntur
1630 1348 1736 1462 :quis
1755 1348 1909 1439 dubita·

455 1493 501 1548 -re
524 1489 670 1581 queat,
693 1462 786 1578 quin
815 1462 955 1577 gloriae
984 1461 1204 1577 appetitus,
1228 1461 1387 1547 maxime
1416 1462 1622 1568 naturalis,
1649 1466 1695 1550 sit
1718 1467 1909 1581 pulcher,

461 1580 668 1686 honestus,
689 1606 729 1666 et
750 1609 838 1664 cum
864 1579 974 1694 ipsius
996 1579 1141 1666 virturis
1162 1605 1279 1696 atque
1303 1578 1508 1665 honestatis
1537 1608 1670 1666 amore
1688 1610 1814 1699 suapte
1831 1617 1907 1676 na-

458 1718 544 1783 tura
558 1700 779 1811 conjunctus
805 1722 844 1783 et
865 1696 1088 1813 colligatus?
1114 1727 1264 1811 prorsus
1292 1721 1335 1780 ut
1363 1696 1392 1780 si
1412 1696 1567 1785 virtutes
1592 1729 1716 1786 amare
1733 1762 1746 1807 ,
1761 1707 1909 1820 ample·

458 1816 509 1901 cti
526 1877 538 1921 ,
554 1817 761 1903 desiderare
778 1874 791 1920 ,
806 1839 850 1899 ut
866 1838 921 1899 est
937 1874 949 1918 ,
966 1814 1028 1899 sic⁴
1042 1816 1244 1900 honestum
1261 1876 1274 1920 ,
1290 1813 1394 1927 pium
1417 1837 1456 1899 et
1480 1843 1526 1900 ex
1547 1812 1675 1903 officio
1698 1847 1774 1904 esse
1800 1823 1907 1910 dica·

457 1956 520 2019 tur
536 1996 548 2039 ,
562 1934 719 2050 gloriam
737 1994 750 2036 ,
765 1961 864 2046 quae
891 1931 1075 2019 virtutum
1098 1958 1154 2018 est
1174 1930 1419 2018 consectatrix
1436 1992 1449 2036 ,
1468 1959 1643 2048 appetere
1661 1995 1674 2039 ,
1691 1964 1825 2024 contra
1841 1941 1912 2031 vel

356 2146 361 2152 ,
459 2050 703 2165 religionem,
727 2050 789 2136 vel
819 2045 990 2165 officium
1017 2078 1094 2136 esse
1109 2050 1230 2135 dicere
1255 2049 1497 2165 irreligiosum
1523 2075 1562 2136 et
1587 2077 1721 2139 contra
1737 2053 1906 2152 officium

460 2197 539 2251 esse
568 2169 757 2254 videatur.
784 2167 914 2252 Habui
929 2167 1021 2252 haec
1042 2167 1091 2252 de
1118 2167 1237 2283 gloria
1250 2176 1351 2281 quae
1378 2166 1540 2253 dicerem
1557 2231 1569 2275 ‚
1585 2198 1703 2285 quam
1729 2177 1905 2263 vos'hor·
1975 2200 1977 2202 ’

460 2309 535 2370 τοτ’
549 2285 599 2369 sic
626 2314 714 2371 cum
739 2281 875 2369 virtute
903 2284 1032 2369 colatis
1049 2346 1062 2388 ,
1077 2284 1202 2398 sicque
1225 2285 1276 2369 ad
1303 2312 1388 2368 earn
1412 2282 1547 2371 liberos
1576 2313 1721 2376 vestros
1752 2295 1907 2407 oprimis

460 2401 634 2488 institutis
661 2399 843 2486 formatos
875 2401 1061 2507 incitetis,
1078 2426 1121 2486 ur
1143 2402 1236 2486 haee
1264 2400 1421 2505 civitas,
1445 2401 1506 2486 cui
1529 2431 1595 2518 per
1619 2435 1658 2491 se
1685 2408 1909 2500 clarissimae

459 2520 644 2605 nonnulla
675 2542 804 2603 tamen
836 2516 1019 2628 maiorum
1060 2525 1277 2604 nostrorum
1308 2518 1505 2606 virtutibus
1537 2521 1710 2610 claritatis
1739 2532 1906 2619 accessio

461 2632 561 2724 facta
590 2662 674 2743 est,
699 2635 827 2751 aliquo
851 2632 1010 2721 famlne
1037 2661 1187 2727 nostrae
1214 2634 1361 2749 lumine-
1379 2664 1524 2756 semper
1553 2637 1768 2732 illustretur.
