4034 5858
532 357 601 431 DE
627 355 772 451 JUSTIS
797 355 930 426 BELLI
949 353 1124 429 CAUSIS.
1446 384 1509 458 343

90 489 291 604 maioribus
314 511 508 603 acceptam
537 486 756 604 religionem
785 484 995 602 relinquat.
1030 491 1135 572 Nam
1164 509 1207 572 ut
1235 487 1355 574 estin
1386 491 1542 604 epistola

89 609 289 727 Augustini
304 608 354 696 ad
370 607 548 692 Vincent.
579 608 629 691 Si
644 610 865 690 docerentur
881 604 1090 710 infideles,
1123 620 1160 688 et
1192 632 1260 691 non
1291 624 1545 720 terrerentur,

89 746 279 814 manarate
310 732 585 813 consuetudinis
618 726 795 812 obdurati
820 728 875 808 ad
895 731 1161 836 capessendam
1187 734 1294 810 viam
1319 728 1456 813 salutis
1474 740 1546 842 pi·

82 856 196 957 grius
218 862 481 934 moveremur.

96 980 97 985 '
146 969 288 1052 XVlll.
350 965 387 1051 Si
412 963 494 1081 quis
510 990 638 1049 autem
657 962 772 1068 dicat,
798 991 880 1049 non
906 963 1029 1049 verbis
1051 961 1174 1047 solum
1190 961 1455 1051 admonendos
1471 997 1548 1057 esse

88 1083 298 1191 barbaros,
331 1084 396 1170 sed
425 1085 538 1170 ctiam
560 1108 667 1168 metu
682 1080 830 1168 admoti
856 1081 1036 1168 exercitus
1051 1081 1267 1187 terrendos,
1285 1110 1329 1167 ut
1344 1109 1451 1169 metu
1478 1088 1549 1172 sal-

85 1226 166 1290 tem
190 1205 371 1318 imperata
387 1198 523 1287 saciant
544 1231 556 1306 3
580 1200 659 1314 *jam
675 1201 751 1286 hoc
766 1224 860 1286 esset
880 1197 1141 1289 difficultatem
1156 1199 1423 1288 admonitionis
1437 1204 1546 1319 pluri·

86 1352 196 1408 mum
211 1350 377 1439 augere,
403 1344 441 1407 et
457 1320 534 1408 vim
562 1314 682 1404 lacere
702 1379 715 1423 ,
733 1342 1033 1519 propterquam
1052 1318 1249 1405 vitandam
1267 1318 1358 1432 ,ipsi
1373 1321 1547 1419 admoni-

86 1439 232 1526 tionem
248 1440 455 1527 inducunt:
484 1437 656 1553 quaevis
682 1437 710 1522 si
748 1437 904 1525 acienda
920 1463 1001 1543 est,
1034 1461 1187 1523 nonest
1203 1437 1412 1522 omittenda
1430 1442 1542 1528 utilis-
1603 1463 1606 1469 ’

75 1556 200 1663 sima,
216 1587 317 1673 quae
332 1556 531 1671 imperium
545 1555 848 1641 Christianorum
865 1556 1032 1670 accipere
1047 1578 1173 1672 cogat.
1203 1556 1400 1642 Praeterea
1416 1589 1546 1674 quarn·

84 1675 141 1764 vis
158 1676 303 1762 barbari
335 1700 442 1760 metu
466 1673 612 1788 impulsi
637 1672 910 1789 praedicatores
943 1673 1205 1779 admitterent,
1236 1699 1275 1759 et
1306 1675 1449 1762 cultum
1467 1680 1546 1766 ido

84 1791 209 1880 lorum
227 1796 278 1882 ad
302 1819 453 1906 tempus
469 1793 738 1907 deponerent,
762 1790 826 1877 vel
842 1791 967 1907 potius
995 1793 1186 1904 deponere
1210 1791 1426 1881 simularent
1448 1825 1461 1899 3
1492 1822 1546 1883 ta·

83 1941 272 2000 mennon
291 1911 450 1999 dubium
471 1935 555 2015 est,
585 1909 676 2026 quin
700 1909 836 1995 timore
860 1910 1011 1997 sublato
1034 1934 1156 1996 essent
1181 1911 1231 1995 ad
1262 1910 1434 2025 pristinos
1463 1947 1546 2004 mo-

84 2059 143 2116 res
164 2031 375 2135 reversuri,
406 2054 444 2114 et
478 2030 750 2143 praedicatores
776 2027 957 2141 ejecturi,
985 2054 1053 2113 aut
1067 2029 1165 2142 ipsos
1196 2027 1309 2115 etiam
1328 2054 1366 2116 et
1381 2032 1431 2116 ab
1463 2033 1547 2147 ipsis

83 2176 315 2255 conversos,
343 2147 411 2232 nisi
432 2148 482 2234 ad
506 2147 697 2262 pristinam
720 2145 949 2260 impietatem
980 2146 1173 2254 redirent,
1200 2146 1380 2235 occisuri:
1413 2175 1459 2235 nt
1479 2151 1546 2237 ini·

84 2265 140 2354 tio
164 2266 346 2354 nascentis
363 2264 551 2352 Ecclesiae
583 2264 725 2352 fiebat.
755 2266 870 2360 Quae
897 2264 1026 2351 omnia
1059 2266 1305 2352 incommoda
1320 2290 1360 2353 et
1391 2265 1546 2357 difficul-

83 2409 180 2472 tates
197 2384 386 2473 debellatis
401 2385 564 2469 barbaris
588 2380 758 2468 facillime
774 2383 960 2470 tolluntur
976 2444 989 2488 ,
1016 2407 1055 2468 et
1084 2384 1233 2498 sic'plus
1248 2414 1331 2470 uno
1348 2415 1476 2474 mense
1504 2390 1545 2476 in

84 2502 254 2619 ipsorum
282 2502 529 2590 conversione
547 2500 752 2617 proficitur,
768 2529 886 2617 quam
902 2526 1057 2589 centum
1073 2504 1179 2588 annis
1207 2532 1273 2617 pet
1295 2502 1415 2591 solam
1444 2534 1544 2621 prae·

87 2620 346 2728 dicationem,
378 2622 460 2707 noti
488 2619 627 2736 pacatis
653 2619 848 2728 barbaris,
873 2619 1144 2737 proficeretur.
1167 2627 1264 2707 Non
1294 2621 1396 2709 enim
1418 2626 1545 2730 ,arbi-

83 2763 166 2827 tror
193 2803 205 2848 ,
233 2738 349 2827 nostri
374 2738 554 2855 temporis
581 2738 854 2854 praedicatores
882 2739 961 2826 sine
994 2739 1175 2826 miraculis
1204 2739 1287 2854 plus
1319 2737 1541 2852 efficerent,
1783 2823 1786 2829 ,

83 2886 202 2974 quam
217 2857 417 2976 quondam
446 2857 645 2973 Apostoli,
680 2861 843 2944 Domino
860 2875 1106 2968 cooperante,
1122 2877 1374 2945 ersermonem
1401 2862 1542 2964 confir·
1570 2885 1645 2937 uara.
1662 2886 1698 2941 m

81 2994 206 3063 munte
230 2979 468 3085 sequentibus
483 2984 618 3087 signis.
656 2978 772 3075 Quae
787 2975 894 3093 signa
923 2977 1095 3086 jamnon
1122 3002 1211 3065 sunt
1236 3008 1261 3062 a
1286 2983 1374 3064 Deo
1405 3007 1541 3096 postu-

81 3091 223 3200 landa,
247 3124 336 3183 cum
360 3095 469 3183 nobis
491 3094 599 3182 liceat
621 3119 865 3210 praeceptum
893 3092 972 3208 ejus
993 3124 1199 3213 sequentes
1223 3097 1400 3211 prudenti
1425 3104 1542 3191 consi·

81 3210 134 3301 lio
152 3215 331 3302 barbaros
347 3213 397 3300 ad
417 3213 636 3304 convivium
651 3213 941 3332 evangelicum,
976 3242 1054 3332 qua
1070 3215 1227 3303 dromus
1242 3217 1414 3323 ratione,
1439 3248 1540 3309 com

81 3330 239 3446 pellere.
273 3332 430 3420 Accedit
459 3333 570 3449 quod
594 3333 841 3420 barbarorum
863 3331 1043 3446 subjectio
1067 3360 1179 3430 causa
1211 3359 1268 3421 est
1286 3336 1416 3453 magni
1430 3339 1541 3425 Chri·

81 3449 291 3540 stisnorum
319 3480 523 3542 concursus
559 3512 573 3559 ,
604 3481 771 3568 quorum
800 3450 850 3537 illi
874 3451 1102 3538 commercio
1134 3479 1174 3541 et
1197 3454 1471 3541 consuetudine
1492 3454 1541 3543 fa·

80 3566 185 3656 cilius
208 3595 484 3660 convertuntur
508 3630 522 3677 ,
554 3594 595 3656 et
628 3568 808 3658 conversi
828 3570 1068 3658 commodius
1086 3571 1297 3659 edocentur
1326 3633 1340 3678 ,
1369 3600 1540 3661 constan·

80 3684 157 3773 tius
178 3687 385 3806 inaccepta
403 3687 479 3777 fide
494 3686 723 3805 persistunt,
748 3688 872 3774 necin
900 3689 1067 3776 haereses
1091 3688 1165 3777 labi
1190 3689 1483 3805 permittuntur,
1499 3720 1540 3782 et

79 3800 222 3892 facilius
243 3807 450 3894 barbariem
479 3832 649 3915 exuunt,
675 3806 960 3895 humanioribus
982 3834 1022 3896 et
1051 3807 1267 3903 Christianis
1292 3809 1459 3896 moribus
1487 3811 1540 3898 in·

78 3923 278 4012 duuntur.
310 3931 413 4013 Cum
435 3927 546 4044 igitur
564 3927 663 4014 duae
681 3926 765 4014 viae
794 3927 897 4034 sint,
928 3927 1067 4044 quibus
1095 3927 1148 4015 ad
1173 3927 1419 4014 barbarorum
1451 3958 1540 4017 con·

80 4044 294 4132 versionem
325 4046 480 4160 procedi
508 4073 616 4162 posse
639 4043 844 4153 videatur,
878 4043 993 4132 altera
1020 4076 1087 4160 per
1110 4046 1359 4133 monitionem
1390 4045 1540 4156 solum,

80 4152 372 4281 doctrinamque
407 4189 446 4250 et
474 4164 793 4280 praedicationem
824 4223 836 4270 ,
868 4160 1052 4270 difficilis,
1076 4162 1222 4281 longa,
1244 4189 1285 4250 et
1300 4163 1424 4253 multis
1451 4168 1544 4282 peri-

78 4275 172 4362 culis
194 4304 234 4366 et
261 4280 452 4369 laboribus
472 4282 651 4398 impedita
675 4311 688 4387 3
721 4282 836 4370 altera
866 4313 932 4399 per
961 4281 1232 4393 subjectionem
1264 4283 1540 4393 barbarorum,

77 4389 220 4503 facilis,
245 4398 390 4508 brevis,
414 4425 453 4488 et
467 4429 555 4488 cum
571 4400 696 4488 multis
711 4403 960 4489 barbatorum
981 4400 1316 4488 commoditatibus
1339 4404 1512 4518 expedita
1525 4434 1539 4509 3
1592 4499 1596 4507 ¹

76 4513 166 4599 utta
190 4518 507 4632 progrediendum
524 4519 599 4629 sit,
627 4545 781 4607 nonest
809 4520 1004 4635 prudentis
1037 4518 1197 4606 hominis
1214 4520 1413 4626 dubitare,
1440 4552 1541 4638 prae·

75 4632 205 4719 sertim
228 4661 318 4721 cum
343 4638 599 4757 Augustinum
630 4663 826 4726 auctorem
845 4638 1082 4745 habeamus,
1113 4640 1180 4756 qui
1208 4639 1439 4755 expeditiore
1456 4670 1540 4757 pro

122 4750 326 4840 ediendum
341 4785 446 4865 esse,
471 4755 600 4876 aperte
614 4757 737 4845 verbis
761 4754 859 4862 illis,
883 4786 984 4872 quae
1008 4782 1047 4843 et
1075 4757 1191 4871 paulo
1206 4781 1294 4842 ante
1311 4756 1535 4864 citavimus,

100 4868 259 4962 ecbrat.
289 4874 341 4963 Si
370 4879 621 4997 donemur,
650 4875 800 4996 inquit,
827 4889 864 4961 et
877 4901 946 4961 non
970 4890 1218 4987 tenuentur,
1243 4889 1435 4964 voustne
1451 4903 1539 4974 con-

1456 5019 1539 5082 sue·
