4050 5858
703 393 888 466 ιιιιιι
926 393 974 461 ιι.
1460 397 1530 483 267

99 524 234 613 videris
257 554 280 609 a
301 520 460 610 fortium
487 517 656 609 virorum
686 520 880 605 consortio
909 516 1130 633 sejungere.
1164 522 1253 604 An.
1277 524 1372 605 Non
1388 549 1454 607 eos
1475 544 1552 610 tan

98 666 213 750 tum,
234 642 297 728 sed
324 672 457 729 omnes
486 640 601 727 etiam
631 636 722 722 alios
752 636 1065 753 philosophorum
1095 635 1226 723 similes
1244 699 1255 743 ‚
1270 639 1406 755 quibus
1435 669 1547 729 num·

38 790 244 880 quam,
268 787 335 848 aut
367 762 428 848 vix
452 758 586 845 accidit
615 755 765 842 hostem
791 757 947 861 videre,
978 754 1115 841 autin
1146 758 1269 859 castris
1299 784 1544 871 pernoctaret

97 883 191 965 Non
208 881 309 965 enim
337 879 415 964 sine
438 905 549 962 eausa
577 874 720 960 dictum
736 874 928 961 Annibalis
943 874 1151 959 celebratur
1167 875 1292 992 ‚qui,
1310 900 1353 961 ut
1369 901 1423 962 ιιι
1439 879 1545 992 apud

94 997 156 1082 M.
182 997 379 1102 Tullium,
394 1025 482 1080 cum
507 993 777 1079 Phormionem
801 991 1070 1128 philpsophum
1101 993 1247 1109 aliquot
1274 994 1387 1080 horas
1417 998 1540 1110 Ephe
1556 1043 1593 1089 n.
1598 1043 1740 1096 onnia..

96 1144 125 1198 ιι
113 1113 229 1200 de
219 1114 449 1230 imperatoris
477 1109 604 1199 officio
629 1112 753 1226 deque
782 1110 888 1197 omni
916 1139 956 1195 re
983 1110 1128 1195 militati
1154 1110 1346 1199 ambitiose
1369 1141 1457 1198 eum
1482 1144 1543 1201 ee·

94 1255 265 1318 terorum
289 1232 534 1318 admiratione
558 1228 795 1314 disserentem
826 1227 985 1315 audisset
1001 1290 1014 1335 ,
1030 1230 1315 1346 quaesitumque
1346 1229 1470 1318 fuisset
1493 1235 1542 1320 ab

97 1377 149 1435 eo
163 1410 176 1455 ,
192 1350 411 1467 quidnam
400 1377 476 1465 ipse
502 1349 550 1434 de
579 1346 643 1431 illo
672 1346 900 1462 philosopho
929 1347 1138 1459 judiearet,
1154 1347 1385 1494 respondisse
1401 1345 1541 1437 fertur:

100 1468 192 1552 Mul
173 1475 247 1554 ltos
269 1496 312 1552 se
335 1472 410 1552 del
380 1475 472 1554 lares
496 1491 601 1550 senes
629 1484 743 1576 saepe
767 1471 944 1569 redisse,
960 1471 1030 1549 sed
1048 1475 1114 1572 qui
1128 1475 1282 1576 magis,
1298 1493 1408 1573 quam
1425 1468 1543 1553 Phor·

97 1592 169 1670 ario
193 1588 405 1691 deliraret,
421 1590 568 1671 vidisse
594 1592 790 1667 neminem.
823 1590 917 1669 Non
940 1583 1025 1669 tulit
1042 1583 1214 1718 yidelieet
1243 1584 1412 1670 Annibal
1441 1614 1543 1672 atro·

97 1703 265 1842 gantiam
287 1644 405 1794 vetuli
419 1701 633 1839 philosophi
649 1761 663 1806 ,
681 1701 772 1820 qui,
792 1728 879 1786 cum
906 1726 1022 1787 castra
1044 1701 1121 1817 ipse
1145 1730 1355 1827 numquam
1378 1702 1543 1811 vidisset,

96 1844 206 1908 tanto
232 1822 448 1939 imperatori
473 1820 667 1907 sustineret
698 1819 810 1904 dere
839 1820 984 1904 militari
1003 1845 1199 1934 praecepta
1222 1818 1335 1907 dare

103 1942 297 2024 -XVIIL
355 1946 455 2025 Dm.
489 1938 579 2023 Te
569 1936 679 2071 rgitur
708 1960 862 2023 auctore
887 1937 1019 2023 milites
1044 1937 1239 2024 dumtaxat
1263 1936 1377 2025 fortes
1400 1963 1440 2026 et
1461 1970 1540 2025 ma·

97 2056 297 2172 gnanimos
321 2055 420 2144 viros
446 2054 736 2171 appellabimus,
759 2079 798 2140 et
822 2084 889 2140 eos
907 2053 1119 2170 putabimus
1140 2055 1283 2171 optime
1301 2057 1475 2144 omnium
1492 2059 1542 2144 de

96 2173 152 2260 his
172 2174 376 2260 virtutibus
391 2174 577 2285 judicate?
607 2176 696 2257 Aur
721 2171 821 2257 Mihi
831 2173 1032 2288 quidem
1006 2201 1057 2258 ιιι
1074 2202 1224 2288 prorsus
1239 2175 1408 2263 videtur.
1438 2181 1541 2261 Dm.

96 2291 176 2386 Qui
203 2321 297 2380 veto
327 2293 437 2379 rebus
465 2287 614 2376 urbanis
639 2290 824 2376 obeundis
854 2291 1052 2376 robustum
1082 2293 1248 2377 animum
1257 2292 1536 2427 praestiterim

98 2432 138 2493 et
160 2432 242 2495 tum
266 2409 458 2525 publicas,
475 2434 559 2495 tum
583 2406 696 2493 etiam
724 2408 885 2521 privatas
906 2409 1210 2545 importunorum
1235 2409 1372 2496 civium
1392 2408 1539 2522 injurias

97 2551 310 2615 constanter
336 2529 566 2644 repulerint,
594 2548 634 2610 et
663 2524 882 2639 reipublicae
913 2527 1192 2640 praesidentes
1182 2527 1446 2641 impotentium
1471 2556 1539 2612 au
1627 2591 1629 2595 .

99 2643 244 2731 daciam
276 2646 438 2732 nullo
410 2673 547 2733 timore
574 2642 749 2729 retardati
771 2642 1034 2750 cohibuerint,
1051 2672 1100 2730 ne
1132 2644 1202 2753 hos
1223 2646 1378 2761 quidem
1405 2673 1471 2760 per
1500 2668 1539 2731 te

97 2763 207 2848 nobis
234 2761 367 2851 licebit
379 2760 546 2850 forres
510 2790 609 2852 viros
638 2759 852 2876 appellate?
886 2765 974 2848 Αιι.
1004 2769 1092 2898 Ego
1108 2791 1203 2851 vero
1219 2764 1310 2850 tales
1338 2785 1540 2878 tantosque

96 2878 197 2967 viros
221 2877 338 2967 fortes
364 2906 403 2969 ιι
428 2879 688 3017 magnanimos
716 2906 793 2964 esse
816 2877 933 2984 dico,
949 2904 987 2965 et
1007 2879 1046 2964 in
1062 2908 1262 2967 numerum
1293 2880 1451 2966 militum
1483 2907 1571 2965 rer
1625 2916 1660 2932 »·
1725 2926 1729 2989 1

97 2998 319 3109 ponendos.
348 3005 485 3116 Neque
509 2997 611 3086 enim
643 2994 834 3081 abhorret
847 3025 871 3080 a
898 2938 1052 3104 niilitia,
1068 2999 1432 3086 turbulentorum
1401 2995 1541 3087 civium
1701 2990 1705 3003 ’

96 3116 293 3202 conatibus
320 3118 432 3203 etiam
459 3118 536 3204 sine
564 3114 674 3200 armis
696 3115 900 3221 obsistere,
918 3140 957 3200 et
982 3118 1199 3203 nocentium
1221 3117 1374 3202 crimina
1404 3115 1540 3202 meritis

95 3230 341 3352 legitimisque
366 3237 496 3351 poenis
522 3234 734 3323 vindicare.
778 3238 879 3317 Dm
888 3177 1012 3328 Quid
1038 3233 1210 3350 philosop
1211 3234 1304 3322 hos.
1296 3236 1350 3295 ²
1324 3266 1353 3320 ιι
1379 3235 1446 3350 qui
1461 3234 1540 3321 vir·

95 3374 194 3439 tutes
209 3352 276 3439 has
298 3380 379 3440 non
404 3353 527 3441 solum
554 3350 688 3439 scholis
711 3375 750 3436 et
774 3350 1043 3457 meditatione,
1050 3352 1125 3438 sed
1155 3354 1264 3438 rebus
1293 3352 1444 3468 publicis
1472 3352 1538 3438 ad·

94 3468 369 3578 ministrandis,
398 3495 439 3558 ιι
462 3470 597 3558 belbeis
626 3466 840 3555 muneribus
871 3412 1057 3555 obeundis
1083 3470 1260 3557 coluere·
1249 3530 1262 3579 ,
1279 3471 1396 3586 qualis
1428 3467 1538 3553 luisse

96 3615 325 3676 memoratur
346 3590 449 3704 apud
475 3587 721 3676 Athenienses
744 3588 951 3672 Socrates
940 3617 978 3671 m
1007 3587 1160 3702 primis,
1176 3618 1301 3705 aquo
1316 3588 1420 3674 velut
1446 3582 1536 3671 fon·
1515 3627 1731 3735 Ἧιριιιιιιι-

94 3724 135 3790 ιι
166 3705 336 3794 doctrina
367 3737 518 3794 morum
550 3706 770 3809 emanavit,
798 3729 838 3792 ct
868 3705 1091 3793 Timotheus
1118 3707 1282 3792 isocratis
1315 3703 1510 3818 discipulus
1524 3687 1593 3809 ,500
1578 3747 1632 3795 ιιι
1633 3686 1718 3803 50500οι0

91 3851 140 3908 ιιι
164 3826 414 3911 RomanisP.
433 3822 628 3912 Africanus
644 3830 719 3929 ,L.
735 3820 940 3930 Lucullus,
957 3846 998 3909 et
1022 3825 1089 3939 qui
1114 3825 1226 3911 libros
1248 3824 1359 3910 etiam
1384 3823 1536 3936 dep
1521 3779 1732 3939 550500οι0.

91 3938 267 4075 losophia
292 3941 512 4058 scripserunt
525 4003 538 4049 ,
553 3946 707 4048 Varro,
732 3942 900 4046 Cicero,
916 3947 1084 4045 Brutus,
1102 3967 1140 4028 et
1165 3943 1330 4057 plerique
1363 3941 1445 4026 ali:
1466 3939 1635 4035 ιιοι5500
1553 3999 1640 4036 ,m
1603 3925 1732 3976 0000000·

90 4057 247 4175 inquam
274 4087 506 4169 metuemus,
523 4086 721 4177 propterea
739 4060 848 4175 quod
872 4001 1009 4144 fisetint
1029 4003 1264 4195 philosophi,
1280 4057 1489 4145 fortibus
1452 4059 1538 4154 vrtis

94 4204 321 4295 aggregare.
313 4188 326 4240 ³
342 4205 409 4267 aut
427 4183 474 4266 in
494 4209 602 4265 causa
619 4176 844 4265 fortitudinis
872 4201 1066 4293 tamquam
1092 4176 1238 4293 ineptos
1261 4175 1397 4288 judices
1424 4175 1537 4287 rejici·
1564 4182 1565 4185 ‘

92 4306 224 4378 emus?
245 4297 461 4414 iudicioque
487 4298 664 4384 stabimus
694 4300 826 4383 turbae
856 4296 1015 4381 militatis
1031 4351 1043 4400 ,
1060 4323 1159 4409 quae
1188 4325 1325 4411 magna
1356 4325 1402 4380 ex
1432 4316 1539 4408 parte

91 4412 255 4497 robustis
270 4416 423 4529 quidem
449 4440 489 4502 et
511 4415 562 4501 ad
586 4415 834 4533 pugnandum
862 4443 978 4498 manu
1004 4413 1324 4520 accommodatis,
1339 4412 1538 4499 temerariis

89 4550 223 4615 tamen
249 4555 305 4616 et
312 4532 504 4619 hebetibus
528 4534 742 4619 hominibus
766 4531 958 4617 consistit?
989 4537 1053 4616 An
1072 4531 1145 4616 hoe
1163 4472 1336 4646 ponderis
1359 4556 1398 4616 et
1413 4555 1542 4616 aueto-

89 4645 206 4732 ritatis
235 4625 319 4764 plus
344 4650 482 4737 habete
507 4651 621 4737 debet
649 4650 778 4737 talium
806 4648 1116 4763 philosophorum
1139 4649 1320 4736 sententia
1336 4648 1472 4764 ,quod
1490 4646 1541 4732 ad

89 4791 216 4849 rerum
241 4798 352 4852 usum
366 4768 624 4905 ,observandi
641 4766 916 4883 diligentiam,
907 4768 1046 4884 ingenii
1062 4766 1399 4882 perspicacitatem,
1416 4788 1456 4848 et
1472 4764 1543 4849 do·

87 4882 230 4980 ctrinae
263 4887 523 5006 cognitionem
550 4885 851 4974 adhibuerunt?
881 4912 953 5090 qt
955 4889 1129 4972 robustus
1155 4884 1317 5003 agricola
1348 4881 1544 5080 meliusfet

104 5050 115 5057 -ι
864 5010 898 5090 L
1503 5030 1544 5084 o·
