4050 5858
508 376 578 465 258
987 367 1420 457 DEMOCRATES

490 499 572 588 Dei
594 503 828 581 amentata
836 493 962 580 mundi
989 503 1124 602 pereo
1145 488 1399 600 ,quaefacta
1420 494 1741 598 suot,iniei1ecto
1773 495 1957 599 conspici,

492 616 576 703 satis
599 615 789 700 habebant
805 642 948 730 ,seque
973 611 1094 698 felices
1119 607 1200 698 fote
1225 610 1532 713 arbitrabantur,
1548 641 1577 697 ιι
1565 608 1726 694 modo
1741 610 1872 693 Deum
1889 607 1953 696 sibi

495 733 590 823 vel
581 764 620 819 ιιι
645 734 889 850 aenigmate,
904 759 944 820 et
967 733 1074 848 quasi
1101 731 1252 846 speculo
1277 730 1404 817 videre
1432 756 1478 813 ac
1500 725 1746 845 contemplari
1770 725 1951 861 contigis-

497 853 805 940 set.Christiani
835 876 963 939 autern
991 849 1174 939 beneficio
1196 848 1380 965 religionis
1397 875 1471 957 ,ac
1495 874 1642 933 summa
1664 844 1867 961 praesentis
1881 849 1952 934 Dei

497 973 537 1058 in
497 879 730 1058 sethumana
753 971 875 1058 forma
898 970 1157 1106 benignitate,
1175 993 1214 1054 et
1242 968 1397 1056 oraculis
1418 966 1577 1071 edocti,
1596 963 1874 1080 clarissimoque
1899 966 1952 1052 lu·

374 1135 377 1143 ·
500 1090 602 1177 mine
625 1091 830 1177 collustrati
846 1153 858 1197 ,
874 1092 1057 1224 quoniam
1078 1088 1117 1173 in
1140 1088 1256 1224 longe
1285 1086 1464 1224 majorem
1485 1084 1752 1200 clarioremque
1779 1085 1950 1172 notitiam

500 1238 625 1295 rerum
643 1210 853 1298 divinarum
878 1208 1047 1322 provecti
1070 1232 1185 1293 sunt:
1214 1208 1253 1290 in
1271 1207 1371 1297 vitae
1396 1206 1561 1291 mortalis
1584 1202 1950 1321 peregrinationefe·

310 1381 437 1433 „m
446 1389 484 1436 ,,
499 1329 674 1415 licitatem
704 1327 845 1413 nullam
870 1351 1108 1444 agnoscunt,
1124 1324 1354 1412 exclamante
1369 1324 1517 1411 Paulo:
1549 1323 1642 1407 Si
1626 1350 1665 1408 tn
1680 1325 1752 1407 boc
1771 1331 1861 1407 vita
1877 1339 1951 1408 too

501 1463 578 1533 ium
603 1457 643 1529 in
660 1446 815 1533 Cbristo
841 1461 1036 1555 sperantes
1058 1473 1185 1530 summ
1201 1508 1213 1553 ,
1229 1447 1519 1530 miserabiliores
1544 1469 1671 1528 summ
1696 1447 1865 1528 omnibus
1886 1445 1949 1528 bo·

502 1568 692 1650 minibus.
719 1565 784 1651 sed
806 1595 871 1650 eos
899 1591 1050 1652 tantum
1072 1561 1192 1650 felices
1215 1592 1260 1648 ac
1284 1592 1371 1652 vere
1400 1564 1531 1649 beatos
1556 1587 1595 1648 et
1622 1562 1785 1649 credunt
1811 1585 1851 1646 et
1880 1593 1951 1648 vo·

502 1708 619 1788 cant,
645 1684 710 1798 qui
737 1712 867 1770 coram
902 1707 1135 1800 praesentem
1161 1683 1323 1768 Deum
1316 1706 1508 1768 tntuentur
1533 1684 1572 1767 in
1597 1681 1716 1796 patria
1741 1676 1822 1793 (sic
1853 1681 1953 1766 enim

503 1799 571 1916 ipsr
560 1746 795 1888 beatorum
818 1802 935 1890 vitam
961 1801 1116 1887 alteram
1144 1801 1357 1916 appellant)
1382 1827 1422 1887 et
1447 1803 1569 1915 ipsum
1593 1798 1779 1886 vident
1753 1798 1854 1883 srcuti
1881 1824 1953 1886 est

504 1922 753 2035 Quamquam
780 1920 880 2006 enirn
904 1917 1114 2006 felicitatem
1140 1920 1274 2026 illam,
1301 1946 1419 2035 quam
1447 1919 1548 2033 justis
1575 1941 1614 2004 et
1642 1917 1869 2033 sapientibus
1888 1918 1954 2005 ho

505 2039 666 2124 minibus
692 2039 905 2154 philosophi
928 2040 1126 2145 tribuunt,
1147 2068 1227 2125 non
1250 2061 1495 2153 aspernentur
1513 2099 1524 2143 ,
1532 2061 1580 2123 et
1598 2039 1730 2123 beatos
1745 2035 1953 2151 appellent,

505 2158 736 2272 quicumque
759 2158 942 2243 virtutum
967 2158 1121 2243 aliarum
1150 2157 1365 2242 muneribus
1382 2152 1623 2274 funguntur,
1645 2186 1706 2241 eos
1721 2178 1850 2238 tamen
1872 2183 1957 2241 non

506 2302 547 2360 re
575 2271 694 2360 felices
717 2300 882 2390 putant,
897 2278 963 2363 sed
987 2306 1051 2393 spe
1075 2272 1223 2361 farturae
1247 2275 1506 2362 beatitudinis.
1540 2277 1657 2357 Beati
1674 2277 1799 2358 mundo
1816 2277 1956 2378 corde,

506 2390 598 2478 dixit
621 2394 819 2499 Christus,
835 2395 902 2480 sed
926 2395 1128 2511 quomodo
1156 2395 1288 2479 beati?
1318 2395 1505 2504 ,Quoniam
1521 2453 1536 2498 ,
1552 2391 1704 2508 inquit,
1732 2399 1809 2510 ipsi
1830 2394 1955 2476 Deum

505 2512 713 2597 videbunt:
739 2529 778 2596 et
805 2456 905 2596 beari
931 2509 1091 2622 purifici
1109 2520 1306 2621 ,quoniam
1328 2509 1412 2610 ιιι·
1380 2541 1410 2596 ιι
1368 2515 1531 2596 lDei
1553 2512 1821 2597 vocabuntur
1856 2509 1954 2596 Vide

506 2656 625 2744 quam
651 2631 765 2719 valde
795 2631 1126 2766 Peripateticorum
1157 2631 1253 2716 ratio
1281 2658 1369 2714 cum
1403 2628 1703 2718 Christianorum
1733 2628 1955 2716 doctrinais

505 2747 674 2834 moribus
706 2747 906 2865 dirigendis
937 2749 1168 2835 conveniat?
1204 2747 1383 2864 Utrisque
1413 2754 1560 2836 Deum
1574 2747 1823 2862 contemplari
1854 2777 1956 2832 sum·

507 2895 614 2950 mum
644 2867 788 2951 bonum
818 2895 894 2952 esse
918 2866 1069 2981 placet,
1086 2866 1236 2983 utrique
1261 2867 1405 2953 virtutis
1431 2867 1494 2954 via
1519 2868 1569 2955 ad
1596 2864 1806 2952 lelicitatem
1833 2865 1958 2982 gradi·

507 3009 652 3070 untur
695 2984 845 3081 Quibus
877 2983 967 3069 illud
1004 2985 1131 3071 iridem
1156 3009 1212 3071 est
1235 2990 1469 3092 commune,
1494 3010 1541 3077 ut
1572 3014 1653 3072 non
1683 2986 1810 3071 solum
1835 2984 1956 3069 virtu

508 3128 588 3208 res,
605 3102 671 3189 sed
697 3101 826 3188 omnia
840 3099 939 3187 facta
965 3127 1004 3188 et
1025 3104 1217 3222 cogitata,
1234 3132 1291 3189 res
1308 3105 1482 3220 denique
1498 3133 1657 3210 omnes,
1675 3105 1831 3220 quaein
1851 3102 1956 3190 actio

506 3248 595 3305 nem
627 3221 849 3306 humanam
860 3221 1032 3327 cadunt,
1051 3228 1100 3306 ad
1128 3247 1338 3307 extremum
1359 3221 1475 3308 linem
1500 3215 1626 3309 referri
1647 3223 1776 3309 dicant
1806 3245 1957 3337 oporte

316 3377 441 3429 aaa„
454 3389 493 3426 ιο.
507 3366 581 3424 ιι..
582 3344 734 3446 ι,Νιιιι
750 3364 794 3424 ut
819 3339 956 3426 clamat
986 3341 1148 3426 Paulus:
1177 3343 1282 3423 Sive
1301 3346 1565 3447 manducatis,
1589 3348 1675 3425 sive
1703 3344 1868 3444 bibitis,
1896 3344 1958 3423 vel

317 3513 426 3556 „„10
433 3503 492 3552 ao
507 3461 615 3542 aliud
639 3402 734 3567 quid
749 3457 924 3565 fhritis,
950 3467 1070 3544 omnia
1097 3468 1137 3541 in
1161 3465 1323 3567 gloriam
1357 3461 1437 3542 Dei
1454 3459 1672 3566 facire,
1648 3487 1696 3544 ιιι
1712 3456 1958 3546 Aristoteles.

506 3576 698 3660 Omnia
660 3577 840 3694 ,rnquit‚
859 3592 948 3660 suot
970 3591 1130 3687 propter
1142 3576 1371 3683 felicitatem
1387 3583 1631 3715 ‘oppetendo
1657 3578 1781 3675 Quod
1803 3606 1894 3662 cum
1903 3575 1957 3662 'rra

505 3694 551 3782 sit
567 3695 786 3812 ,aliqua
748 3696 926 3781 nimirum
952 3724 1029 3782 esse
1052 3693 1165 3782 debet
1160 3696 1447 3833 praerogativa
1480 3698 1663 3783 virtutum
1695 3720 1845 3812 praeter
1872 3695 1957 3781 ulri-

506 3844 557 3898 mt
548 3812 655 3899 finis
681 3817 915 3930 respectum:
941 3813 1112 3929 aliquid
1096 3815 1280 3930 insigne,
1295 3844 1380 3948 quo
1398 3839 1618 3950 praestent,
1632 3839 1708 3901 eta
1735 3814 1867 3901 ceteris
1889 3815 1960 3898 hu·

505 3932 624 4015 manis
649 3932 855 4017 actionibus
872 3932 1151 4017 discernantur.
1162 3933 1218 4018 de
1239 3960 1329 4047 quo
1345 3932 1412 4017 nisi
1437 3932 1657 4021 convenerit
1683 3933 1889 4034 internos,
1906 3930 1960 4016 de

505 4049 718 4136 militaribus
733 4051 954 4138 virtutibus
946 4111 958 4155 ,
975 4076 1013 4136 et
1033 4050 1210 4165 ipsarum
1207 4080 1310 4135 cum
1324 4051 1421 4136 aliis
1432 4052 1727 4159 convenientia,
1731 4049 1803 4140 vel
1818 4049 1956 4135 dissen-

504 4166 607 4253 sione
633 4169 890 4283 disputantes,
910 4168 950 4253 in
976 4169 1119 4258 incerto
1144 4196 1304 4255 neccsse
1312 4195 1368 4255 est
1384 4185 1544 4287 vagetur
1566 4170 1691 4258 orario
1713 4179 1874 4276 nostra,
1890 4194 1958 4254 nec

503 4284 553 4370 de
577 4286 632 4370 his
656 4287 779 4373 licebit
810 4288 917 4375 nobis
943 4288 1155 4403 quidquam
1181 4287 1273 4372 certi
1301 4287 1508 4375 definire„

539 4403 663 4488 Vlll.
722 4411 833 4490 Laos.
860 4408 1067 4491 Consilium
1090 4406 1238 4510 laudo,
1233 4405 1415 4493 'ethm
1398 4436 1445 4491 ιιι
1461 4407 1586 4522 primis
1612 4368 1858 4495 statuendum
1874 4433 1958 4493 cen·

505 4524 593 4605 s'eo.
634 4526 734 4606 Dru.
766 4524 1002 4637 Responde
994 4525 1117 4651 rgitur
1133 4524 1465 4660 adinterrogata:
1477 4527 1635 4614 amiato
1658 4525 1745 4612 finis
1767 4526 1890 4612 ultimi
1905 4553 1963 4611 rc·

505 4663 633 4772 spectu
649 4701 661 4744 ,
677 4639 744 4754 qui
769 4642 979 4726 communis
1002 4667 1086 4747 est,
1095 4658 1155 4728 ιιι
1168 4642 1398 4748 docuimus,
1396 4646 1552 4731 cummis
1580 4645 1789 4733 actionibus
1819 4646 1961 4730 huma·

448 4809 454 4812 ·
502 4785 587 4964 {1¹¹3ss
604 4760 696 4872 quid
721 4753 876 4846 tandem
899 4782 954 4843 est
975 4762 1215 4876 praecipuum
1238 4761 1278 4845 in
1295 4760 1493 4848 virtutibus
1507 4825 1520 4871 ,
1536 4792 1624 4879 quo
1652 4793 1676 4847 a
1701 4764 1832 4851 ceteris
1849 4764 1962 4849 rebus

322 4893 442 4946 taber.
498 4907 501 4914 ’

576 4888 777 4968 etnanturi
801 4883 866 4969 An
880 4878 969 4993 quia
983 4941 996 4987 ,
1011 4880 1337 4998 quemadmodum
1353 4881 1454 4969 idem
1470 4880 1689 4971 Aristoteles
1703 4907 1896 5043 testamr,
1911 4904 1964 4967 et·

1689 5062 1698 5081 .
1743 5072 1755 5077 ι.
1793 5048 1811 5080 ι.
1872 5028 1964 5086 lam·
