4020 5864
491 387 564 478 ,aa
827 373 1188 452 austronoom
1216 370 1315 447 uuo
1341 371 1457 446 ata.
1481 374 1564 446 1³10

466 512 584 614 Pius,
612 495 722 623 quod
737 497 804 589 tibi
830 528 910 587 non
927 493 1154 606 satisfaciat,
1187 521 1226 583 et
1251 496 1380 614 cupias
1404 495 1604 585 discrimen
1629 488 1716 583 tolli
1735 493 1843 585 inter
1866 498 1945 591 sim·

467 630 552 747 plex
578 649 617 713 et
650 623 820 710 solemne
854 644 1022 708 uotum:
1048 645 1131 731 quo
1164 615 1342 725 sublato,
1375 616 1470 734 quid
1496 617 1619 704 oberit
1647 617 1858 705 monacbis
1883 645 1947 711 aut-

467 742 691 866 presbyteris
709 801 723 851 ,
751 770 836 855 quo
853 739 976 826 minus
993 735 1130 823 ducere
1154 736 1298 852 possint
1312 766 1470 845 uxores,
1493 737 1602 853 quod
1619 765 1707 821 non
1724 734 1833 824 facile
1842 769 1941 827 sum·

470 871 696 953 moveatur?
723 889 813 946 cum
856 856 1140 944 matrimonium
1171 884 1252 942 non
1284 856 1478 942 dirimatur
1503 854 1659 971 simplici
1687 880 1833 962 voto,
1868 887 1938 948 noc

469 1010 599 1071 secuto
616 1040 630 1088 ,
650 1009 720 1067 nec
737 1006 965 1095 antegresso.
997 979 1061 1062 An
1074 998 1112 1061 te
1142 1002 1224 1061 non
1241 974 1346 1064 vides
1374 974 1574 1061 maximam
1589 1001 1730 1059 ansam
1757 978 1932 1090 praebuis-

470 1133 508 1189 se
529 1102 728 1206 Luthero,
757 1122 801 1183 ut
830 1124 918 1183 eum
938 1093 1041 1198 alia,
1070 1121 1155 1180 tum
1182 1094 1223 1180 iu
1252 1093 1377 1210 primis
1408 1119 1545 1180 votum
1570 1092 1838 1180 continentiae
1869 1098 1931 1183 da·

469 1245 641 1326 mutter,
659 1244 697 1304 et
719 1217 926 1303 monachos
955 1240 999 1298 ac
1015 1213 1252 1327 presbyteros
1283 1213 1334 1299 ad
1349 1212 1498 1326 nuptias
1526 1211 1741 1298 invitaret?
1768 1213 1850 1309 Qui
1873 1243 1934 1302 nec

469 1339 559 1423 illud
586 1336 746 1454 prodere
773 1331 976 1436 dubitasti,
1012 1358 1079 1417 eos
1100 1331 1201 1417 malo
1214 1326 1334 1418 afflati
1351 1331 1479 1446 spiritu
1495 1389 1508 1435 ,
1526 1329 1594 1444 qui
1608 1328 1712 1414 clam
1731 1388 1748 1434 ,
1765 1356 1833 1418 aut
1852 1331 1936 1420 invi

470 1456 515 1542 tis
541 1455 756 1569 parentibus
783 1481 861 1538 sese
895 1451 1043 1538 dedunt
1072 1449 1110 1533 in
1141 1449 1409 1534 monasterium
1427 1505 1443 1556 ,
1460 1450 1564 1536 unde
1580 1475 1621 1534 se
1646 1447 1833 1537 extricare
1859 1479 1935 1540 uon

473 1573 652 1679 valeant,
684 1596 837 1687 propter
859 1595 995 1657 votum
1021 1565 1191 1654 videlicet
1216 1567 1395 1654 solemne.

532 1694 649 1777 LVII.
706 1691 802 1784 Quo
817 1688 905 1785 loco
929 1685 1115 1789 recitato,
1140 1684 1246 1773 velut
1275 1709 1412 1771 cuncta
1428 1685 1502 1772 sint
1525 1711 1614 1772 cum
1631 1712 1788 1769 summa
1804 1686 1935 1800 pietate

475 1809 575 1896 dicta
600 1868 615 1915 ,
640 1808 786 1925 quaeris
801 1807 895 1921 quid
921 1804 959 1888 iit
976 1802 1032 1888 his
1058 1830 1137 1889 non
1167 1802 1304 1918 probet
1317 1804 1435 1890 Pius:
1466 1831 1517 1888 an
1544 1801 1660 1918 impie
1695 1803 1839 1889 dictum
1862 1837 1934 1921 pu·

472 1953 558 2032 tet,
585 1957 651 2012 eos
670 1926 771 2012 malo
786 1922 905 2010 afflari
928 1921 1086 2056 spiritu,
1126 1921 1194 2036 qui
1220 1920 1339 2008 insciis
1377 1947 1445 2008 aut
1468 1920 1590 2012 invitis
1617 1921 1840 2036 parentibus
1865 1925 1933 2011 de·

474 2048 571 2132 dunt
601 2074 678 2131 sese
694 2043 732 2129 in
762 2067 1043 2128 monastenum.
1076 2042 1141 2125 An
1156 2038 1215 2124 ille
1245 2068 1326 2126 non
1341 2063 1524 2155 putaret,
1556 2069 1657 2155 opus
1676 2040 1848 2154 pietatis,
1865 2072 1933 2127 cu·

472 2163 531 2276 jus
552 2163 580 2247 si
597 2191 676 2247 non
692 2189 869 2274 semper,
890 2182 990 2244 certe
1005 2155 1227 2272 plerumque
1252 2163 1409 2245 Sanctus
1424 2158 1578 2273 Spiritus
1601 2183 1661 2243 est
1677 2184 1834 2264 auctor,
1854 2190 1932 2246 ma·

471 2282 515 2367 lo
540 2280 679 2395 spiritui
704 2305 900 2390 acceptum
916 2277 994 2362 sine
1018 2277 1238 2392 exceptione
1262 2275 1375 2392 impie
1390 2274 1546 2365 referri?
1572 2278 1710 2373 Quam
1732 2304 1934 2365 contume-

472 2399 559 2484 liam
575 2422 723 2485 constat
739 2396 892 2482 minime
921 2394 1093 2482 omnium
1109 2395 1231 2487 tulisse
1254 2395 1459 2481 Christum.
1493 2393 1568 2481 Sed
1593 2396 1725 2501 illud,
1749 2395 1871 2513 inquis
1890 2427 1934 2501 ,a

471 2547 534 2604 rue
549 2517 692 2604 dictum
708 2545 789 2601 non
805 2541 875 2601 est·
891 2513 999 2608 Quid
1017 2513 1150 2629 igitur?
1175 2512 1414 2599 Verisimilius
1431 2541 1508 2600 esse
1523 2514 1665 2600 multos
1699 2515 1804 2601 malo
1820 2512 1932 2600 afflati

473 2636 611 2748 spiritu.
641 2634 772 2718 Recita
789 2656 914 2717 totum
931 2632 1072 2717 locum.
1095 2633 1220 2738 Atqui
1244 2638 1376 2742 palam
1398 2647 1480 2736 est,
1499 2637 1597 2740 quod
1614 2638 1752 2715 multos
1775 2630 1932 2738 afflavit

474 2761 641 2862 spiritus
650 2758 861 2856 stultitiae,
880 2756 1108 2834 temeritatis
1126 2753 1391 2858 ,phreneseon
1410 2753 1640 2854 ambitionis,
1658 2760 1871 2854 avaritiae,
1891 2756 1932 2834 ii·

474 2874 614 2954 bidinis
627 2887 664 2952 et
680 2876 793 2952 luscus
812 2900 820 2951 :
840 2883 941 2952 certe
956 2894 1019 2954 eos
1036 2927 1047 2971 ,
1063 2876 1126 2973 qui
1149 2873 1246 2950 elam
1264 2929 1276 2972 ,
1294 2884 1360 2951 aut
1376 2876 1514 2952 invitis
1520 2870 1751 2977 parentibus
1770 2930 1784 2974 ,
1801 2870 1927 2976 quibus

475 2994 538 3069 lete
555 2991 689 3070 diuina
711 2990 819 3094 juber
853 2989 1030 3089 obediri,
1059 2990 1195 3068 dedunt
1210 3012 1251 3069 se
1282 2993 1326 3074 in⁴
1355 2989 1400 3068 id
1428 2994 1534 3072 vitae
1561 3011 1718 3098 genus,
1742 2992 1841 3070 unde
1865 3012 1927 3071 non

476 3119 610 3210 queant
625 3131 706 3186 sese
721 3112 761 3187 in
778 3121 972 3211 posterum
992 3111 1213 3207 extricare,
1228 3108 1478 3190 verisimilius
1493 3118 1565 3210 est,
1588 3110 1687 3189 malo
1703 3103 1847 3212 afflari
1860 3112 1930 3220 spi·

475 3231 570 3304 ritu.
601 3222 676 3305 Hic
699 3221 855 3306 verbum
889 3228 1021 3304 multos
1043 3250 1123 3305 non
1150 3220 1264 3306 video
1296 3220 1471 3306 additum
1497 3223 1628 3308 essein
1654 3249 1766 3336 parte
1801 3224 1930 3309 oratio·

476 3339 532 3423 nis
565 3341 793 3451 posteriorc,
824 3338 890 3422 sed
914 3338 1084 3422 absolute
1122 3338 1263 3424 dictum
1298 3353 1402 3423 certe
1432 3365 1519 3426 eos:
1552 3339 1662 3457 quod
1689 3338 1807 3454 plane
1827 3340 1927 3457 signi

476 3455 565 3541 licat
588 3454 860 3541 consuetudine
875 3455 996 3540 Latini
1022 3455 1235 3563 sermonis,
1260 3456 1519 3571 exceptionem
1535 3458 1661 3544 statim
1685 3457 1727 3542 in
1760 3457 1928 3545 universo

476 3569 614 3659 factam
630 3632 643 3676 ,
659 3574 697 3657 in
716 3602 760 3657 ea
790 3598 895 3685 parte
911 3572 1051 3657 nullam
1084 3602 1188 3659 esse:
1219 3599 1407 3660 tutamen
1435 3577 1594 3662 verbum
1629 3583 1795 3681 multos,
1827 3576 1928 3694 quod

478 3693 601 3776 statim
617 3717 887 3805 praecesserat,
920 3692 1220 3778 subaudiendum
1238 3720 1317 3777 esse
1349 3692 1559 3778 contendis.
1593 3696 1685 3780 Hoc
1700 3694 1730 3779 si
1760 3694 1930 3810 cuiquam

479 3808 715 3894 mediocriter
749 3807 869 3923 petito
899 3810 1078 3894 sermonis
1100 3808 1222 3895 Latini
1248 3809 1492 3924 persuaseris,
1516 3806 1642 3914 falso,
1668 3835 1713 3896 ur
1748 3812 1830 3928 ipse
1854 3814 1930 3915 vis,

479 3951 518 4011 et
541 3924 766 4012 calumniose
783 3926 934 4042 collegit
952 3927 1056 4013 Pius.
1085 3928 1148 4012 Sin
1166 3927 1298 4031 aliter,
1326 3930 1436 4043 quod
1449 3953 1592 4016 certum
1609 3927 1767 4033 habeo,
1796 3959 1845 4016 ne
1859 3957 1930 4016 ter-

479 4043 721 4160 giversemur,
739 4049 914 4149 Erasme,
930 4044 995 4130 sed
1012 4043 1260 4131 confiteamur
1275 4076 1424 4131 summo
1442 4075 1512 4132 nos
1524 4048 1602 4161 jure
1620 4046 1844 4135 abAlberto
1854 4048 1930 4152 Pio,

480 4164 587 4274 quod
613 4191 738 4278 neque
758 4163 920 4278 graviter
950 4162 1071 4266 haec,
1101 4192 1225 4281 neque
1253 4163 1337 4250 satis
1362 4165 1421 4280 pie
1450 4164 1566 4252 locuti
1597 4160 1805 4271 fuerimus,
1830 4167 1932 4252 incu-

482 4279 572 4370 sari:
605 4281 818 4392 praesertim
844 4310 1027 4367 memores
1044 4282 1137 4395 quid
1164 4285 1301 4368 doceat
1324 4281 1493 4367 Christus
1518 4283 1557 4369 in
1573 4279 1822 4400 Evangelio:
1848 4315 1932 4369 nam

483 4403 546 4502 qui
561 4413 689 4500 amat,
710 4397 857 4512 inquit,
883 4414 1031 4507 patrem
1065 4417 1130 4483 aut
1166 4417 1322 4483 matrem
1350 4408 1440 4510 plus
1456 4427 1565 4508 quam
1580 4426 1667 4506 me,
1693 4428 1766 4486 nort
1801 4424 1860 4490 est
1879 4429 1932 4486 nte

482 4518 629 4621 dignus.
660 4521 772 4608 Quae
787 4517 902 4602 verba
917 4515 1026 4630 plane
1048 4518 1269 4604 sententiam
1294 4516 1402 4603 isram
1417 4521 1675 4638 redarguunt,
1693 4549 1777 4634 qua
1794 4517 1929 4608 factum

482 4631 622 4715 horum
647 4633 905 4737 condemnas,
930 4664 975 4718 ea
991 4634 1221 4747 potissimum
1240 4636 1416 4742 ratione,
1443 4642 1552 4751 quod
1567 4637 1681 4753 patris
1706 4664 1779 4726 aut
1812 4640 1923 4727 matris

481 4748 717 4835 voluntatem
750 4749 877 4863 pietati
901 4750 939 4834 in
963 4752 1153 4838 Christum
1185 4782 1263 4838 non
1293 4780 1540 4868 anteponant.
1570 4755 1714 4841 Merito
1733 4757 1852 4876 igitur
1874 4758 1922 4841 in·

482 4869 658 4982 creparis,
680 4869 789 4985 quod
806 4897 850 4956 ca
867 4869 915 4958 de
933 4869 1030 4959 votis
1046 4873 1251 4989 prodideris
1269 4873 1429 4990 ,quibus
1443 4875 1572 4963 omnia
1594 4899 1692 4965 vota
1705 4875 1847 4966 videris
1858 4875 1922 4961 im·

1849 5022 1926 5113 pro
