4034 5858
531 393 725 470 ounmo
751 393 820 463 no
845 393 1022 464 ennon.
1049 391 1095 459 v.
1221 404 1224 411 ·
1459 395 1524 481 363
1589 459 1638 474 Δ,

32 572 35 575 -
89 524 157 613 sed
172 525 221 611 ab
237 523 397 610 auctoris
414 521 548 608 scelere
565 546 604 606 et
632 517 808 604 insidioso
825 517 1014 634 sacrilegio
1031 577 1044 623 ,
1074 517 1140 633 qui
1168 515 1384 604 muneribus
1399 545 1443 602 ac
1458 523 1539 635 pol-

88 645 193 731 licitis
215 650 426 730 Turcarum
460 664 695 753 corruptus,
723 635 902 723 nefandas
932 636 1077 722 insidias
1104 634 1226 720 tendit
1241 635 1396 724 libertati
1425 642 1538 726 Chri·

86 764 319 867 stianorum,
345 762 481 877 quibus
507 759 658 843 insitum
690 781 776 864 est,
799 783 838 842 et
867 754 1051 866 maiorum
1083 753 1260 869 sapientia
1285 784 1329 838 ac
1361 758 1539 877 religione

85 881 296 987 traditum,
314 906 357 966 ut
373 904 496 964 cetera
525 877 653 980 bella,
679 905 778 989 quae
800 875 897 961 inter
913 876 994 989 pios
1011 900 1221 990 geruntur,
1250 874 1368 958 civilia
1399 904 1438 963 er
1463 882 1539 966 do·

70 1003 238 1087 ‘mestica
257 1030 268 1104 3
286 1028 385 1116 quae
402 1027 496 1087 vero
522 1025 610 1082 cum
628 994 760 1080 Turcis
776 1020 815 1083 et
830 995 957 1080 ceteris
975 992 1122 1109 impiis,
1152 991 1345 1106 justissima
1360 1021 1399 1081 et
1428 999 1538 1114 plena

83 1120 232 1236 pietatis
246 1148 324 1206 esse
340 1141 500 1234 putent.

146 1241 245 1325 Vlll.
310 1244 394 1323 Nec
411 1236 509 1322 enim
527 1264 616 1350 quta
636 1261 844 1350 numquam
863 1231 1033 1318 Christus
1048 1238 1181 1339 Deus,
1212 1256 1251 1317 et
1269 1233 1368 1320 idem
1387 1237 1537 1351 homo,

85 1383 236 1446 nostrae
253 1355 437 1472 religionis
470 1380 635 1460 auctor,
666 1382 792 1468 neque
820 1353 898 1466 'ejus
930 1351 1142 1465 Apostoli,
1172 1381 1338 1465 quorum
1367 1355 1538 1448 doctrina

82 1500 123 1561 et
140 1474 321 1562 miraculis
348 1474 481 1560 eadem
514 1498 570 1557 est
599 1471 851 1586 amplificata,
884 1499 972 1555 cum
1000 1471 1039 1555 iis
1070 1471 1210 1555 bellum
1238 1500 1460 1586 gesserunt,
1487 1484 1538 1568 ad

81 1623 181 1711 quos
213 1625 237 1680 a
262 1593 449 1680 veteribus
479 1591 739 1695 caerimoniis,
770 1612 837 1675 aut
864 1617 966 1674 vano
997 1590 1342 1676 commentitiorum
1376 1597 1538 1687 deorum

81 1712 186 1800 cultu
203 1712 468 1815 revocandos,
501 1736 540 1798 et
559 1738 648 1796 vera
663 1707 950 1824 Christianaque
967 1707 1144 1826 religione
1157 1709 1382 1799 imbuendos
1398 1776 1411 1820 ,
1428 1719 1538 1832 quod

81 1860 164 1917 non
183 1833 248 1937 vi,
282 1833 347 1918 sed
364 1827 665 1943 persuasionibus
683 1825 760 1911 lieri
777 1829 890 1914 debet
907 1889 919 1933 ,
948 1827 1193 1914 mittebantur
1210 1858 1221 1933 3
1237 1831 1407 1945 protinus
1420 1835 1539 1950 ipsam

81 1973 357 2036 sacrosanctam
376 1949 595 2064 religionem
625 1972 870 2063 nostramque
899 1945 1108 2031 libertatem
1139 1947 1277 2062 posteri
1309 1951 1539 2065 Christiani,

80 2098 325 2185 quacumque
342 2066 486 2153 ratione
504 2067 644 2171 detur,
679 2065 792 2151 etiam
815 2063 924 2150 armis
948 2064 1043 2150 tueri
1064 2092 1109 2149 ac
1124 2096 1364 2185 propugnate
1391 2072 1539 2161 dubita·

83 2186 206 2275 bimus
240 2189 419 2276 adversus
450 2215 584 2272 eorum
617 2185 810 2271 avaritiam
832 2209 871 2269 et
900 2182 1090 2268 crudelem
1108 2182 1336 2299 impietatem
1356 2251 1368 2294 ,
1385 2193 1453 2307 qui
1468 2225 1539 2283 nos

81 2306 219 2421 opibus
230 2332 277 2392 'et
306 2304 462 2420 imperio
479 2302 694 2418 exspoliare,
710 2303 801 2388 etin
818 2301 1049 2387 durissimam
1064 2303 1280 2390 servitutem
1302 2308 1473 2398 redactos
1490 2346 1539 2420 ,a

86 2425 168 2510 veri
184 2424 258 2508 Dei
273 2424 379 2509 cultu
407 2424 445 2506 iu
473 2437 559 2507 suos
585 2418 769 2507 nefandos
786 2449 928 2507 errores
955 2419 1150 2507 traducere
1167 2426 1307 2510 cunctis
1335 2427 1540 2521 rationibus

76 2542 296 2628 moliuntur
315 2567 432 2658 atque
448 2564 657 2626 conantur.
687 2538 725 2625 Si
736 2537 836 2624 enim
852 2538 1036 2654 quoniam
1052 2568 1178 2656 neque
1199 2541 1367 2630 Christus
1385 2608 1396 2653 ,
1414 2578 1539 2667 neque

84 2660 264 2778 Apostoli
278 2661 537 2763 bellaverunt,
555 2687 604 2744 ne
621 2657 728 2744 nobis
744 2656 899 2773 quidem
916 2656 990 2743 ulla
1005 2659 1149 2747 ratione
1176 2661 1315 2748 bellum
1330 2671 1538 2780 gerendum
1581 2683 1660 2749 roar-
1670 2687 1695 2736 8·

83 2805 166 2887 est,
195 2804 395 2895 propterea
424 2777 534 2893 quod
559 2776 708 2862 illorum
724 2777 802 2863 vita
818 2805 857 2863 et
873 2777 1038 2863 actiones
1055 2779 1195 2866 debent
1221 2810 1298 2868 esse
1314 2811 1442 2873 nostra
1469 2791 1539 2879 do»

80 2898 230 2985 ctrina:
257 2928 387 2985 nonne
418 2898 554 2983 eadem
580 2896 726 2982 rarione
749 2958 762 3002 ,
785 2896 874 3012 quia
898 2896 1073 2994 Christus
1096 2898 1305 2987 adulteram
1328 2900 1435 2992 ream
1457 2938 1539 2998 non

80 3018 386 3124 condemnavit,
411 3015 550 3102 idcirco
562 3015 742 3103 adulteria
768 3015 984 3101 Christianis
1006 3018 1180 3131 permissa
1196 3048 1273 3107 esse
1289 3027 1538 3139 putabuntur,

79 3161 122 3223 et
138 3136 295 3223 vicissim
323 3160 462 3254 negata
478 3135 682 3252 conjugia,
712 3133 895 3251 quoniam
911 3164 1037 3251 neque
1063 3136 1232 3224 Christus
1250 3204 1262 3249 ,
1287 3170 1412 3260 neque
1428 3149 1540 3264 Apo·
1578 3207 1581 3211 -

20 3301 29 3307 2
80 3255 197 3363 stoli,
219 3282 424 3372 postquam
453 3254 652 3341 adhaesere
680 3254 859 3371 magistro
885 3317 897 3360 ,
920 3283 1054 3340 uxores
1083 3257 1226 3344 duxisse
1255 3279 1540 3356 memorantur?

83 3373 121 3460 Si
138 3404 219 3460 non
236 3398 291 3461 est
308 3375 349 3461 iis
365 3373 619 3461 obsistendum
638 3436 650 3481 ,
672 3373 740 3489 qui
756 3404 827 3458 nos
848 3373 1064 3490 plusquam
1080 3375 1262 3465 hostiliter
1288 3381 1539 3498 insectantur,

16 3513 29 3529 ‘
79 3521 130 3578 ne
156 3494 227 3579 Dei
251 3492 403 3612 flagello
428 3493 664 3580 resistamus:
692 3520 758 3577 cur
785 3491 978 3598 latrones,
1009 3494 1154 3583 sicarios
1182 3521 1220 3582 et
1235 3498 1440 3590 homicidas
1456 3534 1539 3593 non

79 3610 264 3725 patienter
284 3609 527 3728 perferimus?
559 3640 625 3696 cur
642 3608 831 3698 veneficos
848 3609 943 3724 justa
959 3640 1085 3701 morte
1100 3613 1348 3705 mulctamus?
1373 3649 1440 3706 cur
1455 3654 1538 3737 par·

27 3730 29 3734 ⁸
82 3727 214 3817 ricidas
230 3732 445 3847 conjicimus
460 3731 498 3816 in
523 3731 701 3838 culeum,
727 3758 892 3846 quorum
916 3733 1089 3820 omnium
1110 3733 1258 3849 flagitiis
1289 3762 1328 3824 et
1343 3743 1538 3831 sceleribus
1600 3831 1601 3834 t

80 3872 281 3966 tamquam
298 3851 501 3937 durissimis.
522 3846 673 3967 flagellis
691 3911 704 3956 ,
730 3854 818 3935 Deo
834 3851 1088 3967 permittente,
1106 3853 1276 3969 quotidie
1292 3873 1535 3974 torquemur?

79 3973 184 4054 Nam
202 3968 359 4056 istorum
389 3969 639 4088 pulcherrimo
655 3968 809 4055 decreto
825 3970 1044 4088 religionem
1061 3973 1201 4060 violare
1223 3974 1340 4062 videri
1366 3978 1534 4086 debent,

82 4086 148 4200 qui
163 4089 358 4176 sceleratos
386 4115 426 4176 et
453 4087 586 4204 impios
611 4087 781 4205 legitimis
796 4090 928 4206 poenis
952 4118 1257 4208 prosequuntur:
1285 4096 1394 4211 quod
1411 4098 1534 4213 ipsum

81 4228 239 4316 putate,
269 4207 551 4323 impiumestet
578 4208 822 4295 sceleratum.
1276 4260 1279 4268 ·

144 4325 210 4408 lX.
271 4332 325 4414 Ar
339 4327 440 4413 enim
457 4327 627 4413 Christus
643 4352 749 4416 vetat
763 4329 935 4416 violentis
954 4327 1154 4437 reluctari,
1182 4336 1250 4450 qui
1277 4338 1443 4422 tunicam
1471 4369 1537 4425 au·
1595 4388 1689 4442 [Μ

79 4437 215 4526 ferenti
254 4445 404 4557 pallium
440 4475 599 4563 quoque
631 4447 732 4558 jubet
770 4448 1007 4564 relinquere,
1032 4475 1072 4534 et
1096 4479 1212 4537 unam
1245 4455 1430 4541 maxillam
1456 4488 1537 4572 per·

79 4560 235 4646 cutienri
262 4562 415 4650 alteram
442 4563 647 4651 feriendam
664 4565 849 4650 exhibere.
879 4573 933 4652 At
951 4567 1087 4651 Paulus
1107 4573 1335 4684 Apostolus,
1359 4575 1536 4692 idemque

81 4678 221 4773 doctor
250 4683 419 4798 gentium
450 4682 684 4800 appellatus,
715 4713 839 4801 neque
874 4713 919 4771 ea
949 4685 1087 4772 Christi
1116 4692 1231 4778 verba
1263 4692 1429 4800 obliuts,
1463 4723 1534 4780 nec

76 4825 197 4912 quam
217 4798 295 4886 vim
321 4801 487 4888 habeant
501 4803 679 4920 ignarus,
707 4833 795 4889 cum
825 4803 978 4890 eiesset
1009 4805 1109 4919 jussu
1140 4808 1329 4896 Pontificis
1360 4814 1535 4899 Ananiae

78 4916 261 5036 colaphus
277 4921 442 5012 incussus
457 4985 470 5032 ,
495 4947 646 5011 tantum
662 4919 807 5034 abluit,
838 4949 882 5012 ut
897 4926 1205 5041 genamaltetam
1221 4929 1387 5018 ministro
1403 4927 1534 5016 ferien-

973 5049 1070 5132 Zzz
1443 5050 1534 5137 dam
1620 5133 1625 5141 ,
