<?xml version="1.0" encoding="UTF-8"?>
<!DOCTYPE html PUBLIC "-//W3C//DTD XHTML 1.0 Transitional//EN"
    "http://www.w3.org/TR/xhtml1/DTD/xhtml1-transitional.dtd">
<html xmlns="http://www.w3.org/1999/xhtml" xml:lang="en" lang="en">
 <head>
  <title>
</title>
<meta http-equiv="Content-Type" content="text/html;charset=utf-8" />
  <meta name='ocr-system' content='tesseract 3.04.00' />
  <meta name='ocr-capabilities' content='ocr_page ocr_carea ocr_par ocr_line ocrx_word'/>
</head>
<body>
  <div class='ocr_page' id='page_1' title='image "./joannisgenesiis01sepgoog/joannisgenesiis01sepgoog_0210.png"; bbox 0 0 4050 5858; ppageno 0'>
   <div class='ocr_carea' id='block_1_1' title="bbox 93 385 1558 665">
    <p class='ocr_par' dir='ltr' id='par_1_1' title="bbox 93 385 1558 665">
     <span class='ocr_line' id='line_1_1' title="bbox 255 385 1530 495; baseline 0.002 -26"><span class='ocrx_word' id='word_1_1' title='bbox 255 394 257 399; x_wconf 87' lang='grc'><strong><em>·</em></strong></span> <span class='ocrx_word' id='word_1_2' title='bbox 356 394 464 470; x_wconf 74' lang='lat' dir='ltr'>SEU</span> <span class='ocrx_word' id='word_1_3' title='bbox 505 394 581 468; x_wconf 71' lang='lat' dir='ltr'>Da</span> <span class='ocrx_word' id='word_1_4' title='bbox 620 388 1000 467; x_wconf 68' lang='lat' dir='ltr'>artusartus</span> <span class='ocrx_word' id='word_1_5' title='bbox 1039 395 1295 472; x_wconf 75' lang='lat' dir='ltr'>ctorem.</span> <span class='ocrx_word' id='word_1_6' title='bbox 1458 385 1530 495; x_wconf 74' lang='lat'>&#39;215</span> 
     </span>
     <span class='ocr_line' id='line_1_2' title="bbox 93 513 1558 665; baseline 0.001 -55"><span class='ocrx_word' id='word_1_7' title='bbox 93 558 136 620; x_wconf 72' lang='lat' dir='ltr'>se</span> <span class='ocrx_word' id='word_1_8' title='bbox 153 521 494 627; x_wconf 67' lang='lat' dir='ltr'>adnofabdicavit,</span> <span class='ocrx_word' id='word_1_9' title='bbox 523 541 563 605; x_wconf 91' lang='lat' dir='ltr'>et</span> <span class='ocrx_word' id='word_1_10' title='bbox 589 515 738 634; x_wconf 87' lang='lat' dir='ltr'>magnis</span> <span class='ocrx_word' id='word_1_11' title='bbox 764 515 901 633; x_wconf 89' lang='lat' dir='ltr'>opibus</span> <span class='ocrx_word' id='word_1_12' title='bbox 929 513 1141 625; x_wconf 70' lang='lat' dir='ltr'>iuridicis,</span> <span class='ocrx_word' id='word_1_13' title='bbox 1159 515 1352 659; x_wconf 63' lang='lat' dir='ltr'>se&#39;totum</span> <span class='ocrx_word' id='word_1_14' title='bbox 1381 521 1558 665; x_wconf 74' lang='lat' dir='ltr'>religioni</span> 
     </span>
    </p>
   </div>
   <div class='ocr_carea' id='block_1_2' title="bbox 18 635 1563 1940">
    <p class='ocr_par' dir='ltr' id='par_1_2' title="bbox 18 635 1563 1940">
     <span class='ocr_line' id='line_1_3' title="bbox 99 635 1558 752; baseline -0.003 -14"><span class='ocrx_word' id='word_1_15' title='bbox 99 646 287 752; x_wconf 90' lang='lat' dir='ltr'>devovit,</span> <span class='ocrx_word' id='word_1_16' title='bbox 309 640 434 731; x_wconf 87' lang='lat' dir='ltr'>Sancti</span> <span class='ocrx_word' id='word_1_17' title='bbox 463 636 693 752; x_wconf 82' lang='lat' dir='ltr'><strong>Hieronymi</strong></span> <span class='ocrx_word' id='word_1_18' title='bbox 722 635 823 751; x_wconf 86' lang='lat' dir='ltr'>prius</span> <span class='ocrx_word' id='word_1_19' title='bbox 832 696 850 742; x_wconf 92' lang='lat'>.,</span> <span class='ocrx_word' id='word_1_20' title='bbox 871 637 1010 724; x_wconf 89' lang='lat' dir='ltr'>deinde</span> <span class='ocrx_word' id='word_1_21' title='bbox 1036 636 1215 724; x_wconf 74' lang='lat' dir='ltr'>francisci</span> <span class='ocrx_word' id='word_1_22' title='bbox 1245 669 1352 728; x_wconf 89' lang='lat' dir='ltr'>sacns</span> <span class='ocrx_word' id='word_1_23' title='bbox 1380 669 1558 733; x_wconf 85' lang='lat' dir='ltr'>mstrturrs</span> 
     </span>
     <span class='ocr_line' id='line_1_4' title="bbox 31 753 1557 880; baseline -0.003 -25"><span class='ocrx_word' id='word_1_24' title='bbox 31 804 34 808; x_wconf 90' lang='lat'>·</span> <span class='ocrx_word' id='word_1_25' title='bbox 101 767 290 870; x_wconf 89' lang='lat' dir='ltr'>initiatus,</span> <span class='ocrx_word' id='word_1_26' title='bbox 311 791 431 880; x_wconf 85' lang='lat' dir='ltr'>quam</span> <span class='ocrx_word' id='word_1_27' title='bbox 459 755 579 854; x_wconf 85' lang='lat' dir='ltr'>multa</span> <span class='ocrx_word' id='word_1_28' title='bbox 608 753 795 849; x_wconf 88' lang='lat' dir='ltr'>credimus</span> <span class='ocrx_word' id='word_1_29' title='bbox 825 754 864 844; x_wconf 89' lang='lat' dir='ltr'>iu</span> <span class='ocrx_word' id='word_1_30' title='bbox 893 784 943 843; x_wconf 93' lang='lat' dir='ltr'>eo</span> <span class='ocrx_word' id='word_1_31' title='bbox 973 757 1162 873; x_wconf 79' lang='lat' dir='ltr'>squallore</span> <span class='ocrx_word' id='word_1_32' title='bbox 1185 782 1224 843; x_wconf 91' lang='lat' dir='ltr'>et</span> <span class='ocrx_word' id='word_1_33' title='bbox 1252 784 1464 875; x_wconf 86' lang='lat' dir='ltr'>spontanea</span> <span class='ocrx_word' id='word_1_34' title='bbox 1493 764 1557 851; x_wconf 77' lang='lat' dir='ltr'>si-</span> 
     </span>
     <span class='ocr_line' id='line_1_5' title="bbox 100 874 1559 996; baseline -0.001 -24"><span class='ocrx_word' id='word_1_35' title='bbox 100 883 202 972; x_wconf 89' lang='lat' dir='ltr'>litate</span> <span class='ocrx_word' id='word_1_36' title='bbox 224 880 341 971; x_wconf 75' lang='lat' dir='ltr'>luisse</span> <span class='ocrx_word' id='word_1_37' title='bbox 370 903 613 996; x_wconf 83' lang='lat' dir='ltr'>perpessum,</span> <span class='ocrx_word' id='word_1_38' title='bbox 629 902 730 990; x_wconf 86' lang='lat' dir='ltr'>quae</span> <span class='ocrx_word' id='word_1_39' title='bbox 745 874 868 979; x_wconf 79' lang='lat' dir='ltr'>„dum</span> <span class='ocrx_word' id='word_1_40' title='bbox 895 885 1095 989; x_wconf 73' lang='lat' dir='ltr'>personam</span> <span class='ocrx_word' id='word_1_41' title='bbox 1123 875 1295 993; x_wconf 88' lang='lat' dir='ltr'>principis</span> <span class='ocrx_word' id='word_1_42' title='bbox 1327 880 1559 990; x_wconf 72' lang='lat' dir='ltr'>manebat,</span> 
     </span>
     <span class='ocr_line' id='line_1_6' title="bbox 98 991 1557 1118; baseline 0 -30"><span class='ocrx_word' id='word_1_43' title='bbox 98 1000 262 1118; x_wconf 89' lang='lat' dir='ltr'>perferre</span> <span class='ocrx_word' id='word_1_44' title='bbox 286 1001 389 1088; x_wconf 90' lang='lat' dir='ltr'>idem</span> <span class='ocrx_word' id='word_1_45' title='bbox 411 1020 521 1112; x_wconf 87' lang='lat' dir='ltr'>turpe</span> <span class='ocrx_word' id='word_1_46' title='bbox 543 992 677 1090; x_wconf 87' lang='lat' dir='ltr'>sibiet</span> <span class='ocrx_word' id='word_1_47' title='bbox 702 991 998 1109; x_wconf 87' lang='lat' dir='ltr'>ignominiosum</span> <span class='ocrx_word' id='word_1_48' title='bbox 1021 1005 1216 1109; x_wconf 82' lang='lat' dir='ltr'>putasset?</span> <span class='ocrx_word' id='word_1_49' title='bbox 1248 1000 1305 1084; x_wconf 92' lang='lat' dir='ltr'>Ut</span> <span class='ocrx_word' id='word_1_50' title='bbox 1328 997 1557 1117; x_wconf 83' lang='lat' dir='ltr'>intelligatur</span> 
     </span>
     <span class='ocr_line' id='line_1_7' title="bbox 98 1111 1563 1228; baseline -0.002 -19"><span class='ocrx_word' id='word_1_51' title='bbox 98 1121 139 1209; x_wconf 90' lang='lat' dir='ltr'>id</span> <span class='ocrx_word' id='word_1_52' title='bbox 169 1122 325 1209; x_wconf 90' lang='lat' dir='ltr'>demum</span> <span class='ocrx_word' id='word_1_53' title='bbox 355 1143 433 1211; x_wconf 89' lang='lat' dir='ltr'>esse</span> <span class='ocrx_word' id='word_1_54' title='bbox 463 1141 600 1202; x_wconf 87' lang='lat' dir='ltr'>veram</span> <span class='ocrx_word' id='word_1_55' title='bbox 621 1111 810 1228; x_wconf 83' lang='lat' dir='ltr'>gloriam,</span> <span class='ocrx_word' id='word_1_56' title='bbox 831 1111 1011 1225; x_wconf 90' lang='lat' dir='ltr'>pietatem</span> <span class='ocrx_word' id='word_1_57' title='bbox 1041 1136 1080 1198; x_wconf 91' lang='lat' dir='ltr'>et</span> <span class='ocrx_word' id='word_1_58' title='bbox 1109 1114 1264 1203; x_wconf 90' lang='lat' dir='ltr'>virtutes</span> <span class='ocrx_word' id='word_1_59' title='bbox 1290 1116 1441 1203; x_wconf 90' lang='lat' dir='ltr'>colere.</span> <span class='ocrx_word' id='word_1_60' title='bbox 1473 1122 1563 1206; x_wconf 87' lang='lat' dir='ltr'>Has</span> 
     </span>
     <span class='ocr_line' id='line_1_8' title="bbox 30 1223 1558 1355; baseline 0.001 -31"><span class='ocrx_word' id='word_1_61' title='bbox 30 1235 36 1242; x_wconf 77' lang='grc'><strong>’</strong></span> <span class='ocrx_word' id='word_1_62' title='bbox 97 1268 219 1355; x_wconf 87' lang='lat' dir='ltr'>porro</span> <span class='ocrx_word' id='word_1_63' title='bbox 247 1263 337 1327; x_wconf 24' lang='lat' dir='ltr'>tum,</span> <span class='ocrx_word' id='word_1_64' title='bbox 357 1232 516 1322; x_wconf 86' lang='lat' dir='ltr'>maxime</span> <span class='ocrx_word' id='word_1_65' title='bbox 539 1228 616 1318; x_wconf 89' lang='lat' dir='ltr'>coli</span> <span class='ocrx_word' id='word_1_66' title='bbox 631 1258 759 1335; x_wconf 9' lang='lat' dir='ltr'>,tcum</span> <span class='ocrx_word' id='word_1_67' title='bbox 784 1223 908 1316; x_wconf 87' lang='lat' dir='ltr'>officia</span> <span class='ocrx_word' id='word_1_68' title='bbox 933 1229 1118 1337; x_wconf 88' lang='lat' dir='ltr'>colimus,</span> <span class='ocrx_word' id='word_1_69' title='bbox 1154 1261 1255 1349; x_wconf 80' lang='lat' dir='ltr'>quae</span> <span class='ocrx_word' id='word_1_70' title='bbox 1275 1264 1346 1320; x_wconf 92' lang='lat' dir='ltr'>suo</span> <span class='ocrx_word' id='word_1_71' title='bbox 1375 1235 1558 1353; x_wconf 79' lang='lat' dir='ltr'>cujmque</span> 
     </span>
     <span class='ocr_line' id='line_1_9' title="bbox 96 1346 1559 1472; baseline -0.001 -28"><span class='ocrx_word' id='word_1_72' title='bbox 96 1357 226 1445; x_wconf 91' lang='lat' dir='ltr'>ordini</span> <span class='ocrx_word' id='word_1_73' title='bbox 246 1383 285 1444; x_wconf 92' lang='lat' dir='ltr'>et</span> <span class='ocrx_word' id='word_1_74' title='bbox 311 1350 484 1471; x_wconf 81' lang='lat' dir='ltr'>dignitati</span> <span class='ocrx_word' id='word_1_75' title='bbox 504 1349 664 1438; x_wconf 83' lang='lat' dir='ltr'>maxime</span> <span class='ocrx_word' id='word_1_76' title='bbox 689 1346 947 1436; x_wconf 87' lang='lat' dir='ltr'>conveniunt.</span> <span class='ocrx_word' id='word_1_77' title='bbox 974 1351 1123 1465; x_wconf 88' lang='lat' dir='ltr'>Nequis</span> <span class='ocrx_word' id='word_1_78' title='bbox 1138 1380 1220 1437; x_wconf 63' lang='lat' dir='ltr'>‚eos</span> <span class='ocrx_word' id='word_1_79' title='bbox 1239 1377 1389 1439; x_wconf 73' lang='lat' dir='ltr'>monuo</span> <span class='ocrx_word' id='word_1_80' title='bbox 1415 1355 1559 1472; x_wconf 81' lang='lat' dir='ltr'>religio</span> 
     </span>
     <span class='ocr_line' id='line_1_10' title="bbox 18 1467 1560 1587; baseline 0.003 -27"><span class='ocrx_word' id='word_1_81' title='bbox 18 1493 22 1496; x_wconf 77' lang='grc'><strong>’</strong></span> <span class='ocrx_word' id='word_1_82' title='bbox 95 1503 189 1561; x_wconf 86' lang='lat' dir='ltr'>nem</span> <span class='ocrx_word' id='word_1_83' title='bbox 213 1475 337 1560; x_wconf 89' lang='lat' dir='ltr'>colere</span> <span class='ocrx_word' id='word_1_84' title='bbox 351 1493 459 1587; x_wconf 89' lang='lat' dir='ltr'>putet</span> <span class='ocrx_word' id='word_1_85' title='bbox 476 1529 490 1577; x_wconf 91' lang='lat'>,</span> <span class='ocrx_word' id='word_1_86' title='bbox 511 1467 578 1584; x_wconf 92' lang='lat' dir='ltr'>qui</span> <span class='ocrx_word' id='word_1_87' title='bbox 594 1468 795 1558; x_wconf 82' lang='lat' dir='ltr'>beatorum</span> <span class='ocrx_word' id='word_1_88' title='bbox 818 1468 998 1552; x_wconf 87' lang='lat' dir='ltr'>Francisci</span> <span class='ocrx_word' id='word_1_89' title='bbox 1015 1529 1027 1568; x_wconf 96' lang='lat'>,</span> <span class='ocrx_word' id='word_1_90' title='bbox 1044 1468 1237 1555; x_wconf 89' lang='lat' dir='ltr'>Dominici</span> <span class='ocrx_word' id='word_1_91' title='bbox 1253 1531 1265 1576; x_wconf 92' lang='lat'>,</span> <span class='ocrx_word' id='word_1_92' title='bbox 1281 1472 1500 1582; x_wconf 86' lang='lat' dir='ltr'>Benedicti,</span> <span class='ocrx_word' id='word_1_93' title='bbox 1518 1499 1560 1564; x_wconf 89' lang='lat' dir='ltr'>et</span> 
     </span>
     <span class='ocr_line' id='line_1_11' title="bbox 96 1584 1558 1707; baseline 0 -27"><span class='ocrx_word' id='word_1_94' title='bbox 96 1616 311 1683; x_wconf 87' lang='lat' dir='ltr'>ceterorum</span> <span class='ocrx_word' id='word_1_95' title='bbox 328 1651 343 1701; x_wconf 93' lang='lat'>,</span> <span class='ocrx_word' id='word_1_96' title='bbox 360 1616 536 1707; x_wconf 81' lang='lat' dir='ltr'>,quorum</span> <span class='ocrx_word' id='word_1_97' title='bbox 563 1584 739 1682; x_wconf 83' lang='lat' dir='ltr'>sanctitas</span> <span class='ocrx_word' id='word_1_98' title='bbox 763 1607 819 1673; x_wconf 90' lang='lat' dir='ltr'>est</span> <span class='ocrx_word' id='word_1_99' title='bbox 845 1586 1073 1693; x_wconf 89' lang='lat' dir='ltr'>nobilitata,</span> <span class='ocrx_word' id='word_1_100' title='bbox 1099 1587 1261 1703; x_wconf 88' lang='lat' dir='ltr'>vestigiis</span> <span class='ocrx_word' id='word_1_101' title='bbox 1281 1590 1481 1698; x_wconf 89' lang='lat' dir='ltr'>insistunt,</span> <span class='ocrx_word' id='word_1_102' title='bbox 1502 1589 1558 1679; x_wconf 81' lang='lat' dir='ltr'>fa·</span> 
     </span>
     <span class='ocr_line' id='line_1_12' title="bbox 96 1702 1558 1824; baseline 0 -27"><span class='ocrx_word' id='word_1_103' title='bbox 96 1734 159 1797; x_wconf 86' lang='lat' dir='ltr'>cta</span> <span class='ocrx_word' id='word_1_104' title='bbox 180 1735 219 1798; x_wconf 93' lang='lat' dir='ltr'>et</span> <span class='ocrx_word' id='word_1_105' title='bbox 245 1711 368 1801; x_wconf 79' lang='lat' dir='ltr'>vitam</span> <span class='ocrx_word' id='word_1_106' title='bbox 396 1705 507 1797; x_wconf 92' lang='lat' dir='ltr'>velut·</span> <span class='ocrx_word' id='word_1_107' title='bbox 533 1704 586 1792; x_wconf 88' lang='lat' dir='ltr'>ad</span> <span class='ocrx_word' id='word_1_108' title='bbox 615 1702 885 1819; x_wconf 87' lang='lat' dir='ltr'>praescriptum</span> <span class='ocrx_word' id='word_1_109' title='bbox 910 1704 1165 1792; x_wconf 69' lang='lat' dir='ltr'>aemulanter.</span> <span class='ocrx_word' id='word_1_110' title='bbox 1186 1706 1278 1802; x_wconf 57' lang='lat' dir='ltr'>‚Qui</span> <span class='ocrx_word' id='word_1_111' title='bbox 1309 1707 1558 1824; x_wconf 68' lang='lat' dir='ltr'>etiamsi&#39;jure</span> 
     </span>
     <span class='ocr_line' id='line_1_13' title="bbox 96 1820 1559 1940; baseline 0.001 -26"><span class='ocrx_word' id='word_1_112' title='bbox 96 1826 334 1935; x_wconf 87' lang='lat' dir='ltr'>laudantur,</span> <span class='ocrx_word' id='word_1_113' title='bbox 360 1849 401 1912; x_wconf 92' lang='lat' dir='ltr'>ct</span> <span class='ocrx_word' id='word_1_114' title='bbox 425 1820 560 1910; x_wconf 91' lang='lat' dir='ltr'>merito</span> <span class='ocrx_word' id='word_1_115' title='bbox 584 1846 772 1910; x_wconf 89' lang='lat' dir='ltr'>vocantur</span> <span class='ocrx_word' id='word_1_116' title='bbox 801 1822 987 1940; x_wconf 86' lang='lat' dir='ltr'>religiosi:</span> <span class='ocrx_word' id='word_1_117' title='bbox 1019 1824 1146 1910; x_wconf 90' lang='lat' dir='ltr'>nescio</span> <span class='ocrx_word' id='word_1_118' title='bbox 1173 1828 1303 1911; x_wconf 86' lang='lat' dir='ltr'>tamen</span> <span class='ocrx_word' id='word_1_119' title='bbox 1320 1885 1332 1931; x_wconf 96' lang='lat'>,</span> <span class='ocrx_word' id='word_1_120' title='bbox 1348 1855 1400 1923; x_wconf 81' lang='lat' dir='ltr'>an</span> <span class='ocrx_word' id='word_1_121' title='bbox 1426 1828 1559 1916; x_wconf 88' lang='lat' dir='ltr'>melius</span> 
     </span>
    </p>
   </div>
   <div class='ocr_carea' id='block_1_3' title="bbox 95 1941 1701 2059">
    <p class='ocr_par' dir='ltr' id='par_1_3' title="bbox 95 1941 1701 2059">
     <span class='ocr_line' id='line_1_14' title="bbox 95 1941 1701 2059; baseline -0.002 -26"><span class='ocrx_word' id='word_1_122' title='bbox 95 1947 148 2034; x_wconf 90' lang='lat' dir='ltr'>de</span> <span class='ocrx_word' id='word_1_123' title='bbox 173 1947 387 2039; x_wconf 81' lang='lat' dir='ltr'>Christiana</span> <span class='ocrx_word' id='word_1_124' title='bbox 414 1941 594 2058; x_wconf 87' lang='lat' dir='ltr'>religione</span> <span class='ocrx_word' id='word_1_125' title='bbox 617 1964 832 2027; x_wconf 87' lang='lat' dir='ltr'>mereantur</span> <span class='ocrx_word' id='word_1_126' title='bbox 849 1999 864 2047; x_wconf 97' lang='lat'>,</span> <span class='ocrx_word' id='word_1_127' title='bbox 881 1971 999 2057; x_wconf 90' lang='lat' dir='ltr'>quam</span> <span class='ocrx_word' id='word_1_128' title='bbox 1015 1944 1083 2059; x_wconf 91' lang='lat' dir='ltr'>qui</span> <span class='ocrx_word' id='word_1_129' title='bbox 1107 1942 1278 2029; x_wconf 87' lang='lat' dir='ltr'>liberiore</span> <span class='ocrx_word' id='word_1_130' title='bbox 1303 1943 1342 2028; x_wconf 90' lang='lat' dir='ltr'>in</span> <span class='ocrx_word' id='word_1_131' title='bbox 1357 1946 1437 2032; x_wconf 90' lang='lat' dir='ltr'>vita</span> <span class='ocrx_word' id='word_1_132' title='bbox 1458 1974 1557 2033; x_wconf 90' lang='lat' dir='ltr'>rem·</span> <span class='ocrx_word' id='word_1_133' title='bbox 1695 1978 1701 1982; x_wconf 90' lang='lat'><em>·</em></span> 
     </span>
    </p>
   </div>
   <div class='ocr_carea' id='block_1_4' title="bbox 87 2058 1674 5100">
    <p class='ocr_par' dir='ltr' id='par_1_4' title="bbox 87 2058 1674 5100">
     <span class='ocr_line' id='line_1_15' title="bbox 95 2058 1557 2180; baseline -0.001 -27"><span class='ocrx_word' id='word_1_134' title='bbox 95 2064 291 2180; x_wconf 84' lang='lat' dir='ltr'>publicam</span> <span class='ocrx_word' id='word_1_135' title='bbox 302 2062 487 2178; x_wconf 78' lang='lat' dir='ltr'>sapienter</span> <span class='ocrx_word' id='word_1_136' title='bbox 508 2087 554 2143; x_wconf 88' lang='lat' dir='ltr'>ae</span> <span class='ocrx_word' id='word_1_137' title='bbox 578 2058 674 2171; x_wconf 83' lang='lat' dir='ltr'>juste</span> <span class='ocrx_word' id='word_1_138' title='bbox 696 2060 945 2149; x_wconf 80' lang='lat' dir='ltr'>moderantur</span> <span class='ocrx_word' id='word_1_139' title='bbox 961 2121 975 2166; x_wconf 94' lang='lat'>,</span> <span class='ocrx_word' id='word_1_140' title='bbox 992 2086 1062 2147; x_wconf 89' lang='lat' dir='ltr'>aut</span> <span class='ocrx_word' id='word_1_141' title='bbox 1075 2061 1143 2178; x_wconf 90' lang='lat' dir='ltr'>qui</span> <span class='ocrx_word' id='word_1_142' title='bbox 1167 2060 1260 2173; x_wconf 76' lang='lat' dir='ltr'>justa</span> <span class='ocrx_word' id='word_1_143' title='bbox 1288 2063 1385 2150; x_wconf 82' lang='lat' dir='ltr'>bella</span> <span class='ocrx_word' id='word_1_144' title='bbox 1406 2092 1479 2179; x_wconf 92' lang='lat' dir='ltr'>pro</span> <span class='ocrx_word' id='word_1_145' title='bbox 1493 2094 1557 2180; x_wconf 84' lang='lat' dir='ltr'>pa·</span> 
     </span>
     <span class='ocr_line' id='line_1_16' title="bbox 93 2175 1559 2298; baseline 0.001 -28"><span class='ocrx_word' id='word_1_146' title='bbox 93 2182 192 2288; x_wconf 91' lang='lat' dir='ltr'>tria,</span> <span class='ocrx_word' id='word_1_147' title='bbox 221 2198 294 2298; x_wconf 85' lang='lat' dir='ltr'>pro</span> <span class='ocrx_word' id='word_1_148' title='bbox 324 2208 446 2298; x_wconf 84' lang='lat' dir='ltr'>regno</span> <span class='ocrx_word' id='word_1_149' title='bbox 459 2239 473 2284; x_wconf 96' lang='lat'>,</span> <span class='ocrx_word' id='word_1_150' title='bbox 488 2205 637 2293; x_wconf 87' lang='lat' dir='ltr'>proque</span> <span class='ocrx_word' id='word_1_151' title='bbox 661 2175 741 2292; x_wconf 91' lang='lat' dir='ltr'>ipsa</span> <span class='ocrx_word' id='word_1_152' title='bbox 761 2176 942 2294; x_wconf 87' lang='lat' dir='ltr'>religione</span> <span class='ocrx_word' id='word_1_153' title='bbox 972 2185 1112 2294; x_wconf 87' lang='lat' dir='ltr'>gerunt</span> <span class='ocrx_word' id='word_1_154' title='bbox 1142 2203 1317 2265; x_wconf 79' lang='lat' dir='ltr'>menne.</span> <span class='ocrx_word' id='word_1_155' title='bbox 1341 2180 1423 2268; x_wconf 84' lang='lat' dir='ltr'>Nisi</span> <span class='ocrx_word' id='word_1_156' title='bbox 1454 2179 1559 2271; x_wconf 82' lang='lat' dir='ltr'>forte</span> 
     </span>
     <span class='ocr_line' id='line_1_17' title="bbox 96 2295 1559 2415; baseline 0.002 -30"><span class='ocrx_word' id='word_1_157' title='bbox 96 2299 258 2405; x_wconf 87' lang='lat' dir='ltr'>Moses,</span> <span class='ocrx_word' id='word_1_158' title='bbox 274 2298 404 2389; x_wconf 91' lang='lat' dir='ltr'>David</span> <span class='ocrx_word' id='word_1_159' title='bbox 421 2358 435 2404; x_wconf 95' lang='lat'>,</span> <span class='ocrx_word' id='word_1_160' title='bbox 451 2295 678 2382; x_wconf 87' lang='lat' dir='ltr'>Machabaci</span> <span class='ocrx_word' id='word_1_161' title='bbox 693 2356 706 2400; x_wconf 95' lang='lat'>,</span> <span class='ocrx_word' id='word_1_162' title='bbox 722 2319 767 2381; x_wconf 91' lang='lat' dir='ltr'>et·</span> <span class='ocrx_word' id='word_1_163' title='bbox 777 2295 891 2383; x_wconf 86' lang='lat' dir='ltr'>ceteri</span> <span class='ocrx_word' id='word_1_164' title='bbox 908 2357 921 2401; x_wconf 96' lang='lat'>,</span> <span class='ocrx_word' id='word_1_165' title='bbox 936 2296 1006 2411; x_wconf 92' lang='lat' dir='ltr'>qui</span> <span class='ocrx_word' id='word_1_166' title='bbox 1020 2298 1257 2411; x_wconf 89' lang='lat' dir='ltr'>Judaeorum</span> <span class='ocrx_word' id='word_1_167' title='bbox 1280 2326 1444 2415; x_wconf 88' lang='lat' dir='ltr'>regnum</span> <span class='ocrx_word' id='word_1_168' title='bbox 1467 2318 1559 2414; x_wconf 57' lang='lat' dir='ltr'>proi</span> 
     </span>
     <span class='ocr_line' id='line_1_18' title="bbox 95 2411 1558 2534; baseline 0.004 -34"><span class='ocrx_word' id='word_1_169' title='bbox 95 2417 320 2534; x_wconf 85' lang='lat' dir='ltr'>pagabant,</span> <span class='ocrx_word' id='word_1_170' title='bbox 343 2416 553 2504; x_wconf 86' lang='lat' dir='ltr'>libertatem</span> <span class='ocrx_word' id='word_1_171' title='bbox 573 2411 831 2516; x_wconf 88' lang='lat' dir='ltr'>stabiliebant,</span> <span class='ocrx_word' id='word_1_172' title='bbox 850 2413 973 2500; x_wconf 88' lang='lat' dir='ltr'>minus</span> <span class='ocrx_word' id='word_1_173' title='bbox 992 2412 1215 2531; x_wconf 88' lang='lat' dir='ltr'>religionem</span> <span class='ocrx_word' id='word_1_174' title='bbox 1232 2437 1271 2499; x_wconf 91' lang='lat' dir='ltr'>et</span> <span class='ocrx_word' id='word_1_175' title='bbox 1293 2416 1471 2529; x_wconf 86' lang='lat' dir='ltr'>pietatem</span> <span class='ocrx_word' id='word_1_176' title='bbox 1494 2447 1558 2506; x_wconf 89' lang='lat' dir='ltr'>co-</span> 
     </span>
     <span class='ocr_line' id='line_1_19' title="bbox 98 2529 1559 2653; baseline 0.003 -34"><span class='ocrx_word' id='word_1_177' title='bbox 98 2532 230 2627; x_wconf 86' lang='lat' dir='ltr'>lebant</span> <span class='ocrx_word' id='word_1_178' title='bbox 245 2565 390 2653; x_wconf 91' lang='lat' dir='ltr'>,quam</span> <span class='ocrx_word' id='word_1_179' title='bbox 411 2558 478 2620; x_wconf 90' lang='lat' dir='ltr'>aur</span> <span class='ocrx_word' id='word_1_180' title='bbox 493 2530 645 2618; x_wconf 79' lang='lat' dir='ltr'>Samuel</span> <span class='ocrx_word' id='word_1_181' title='bbox 660 2591 674 2636; x_wconf 96' lang='lat'>,</span> <span class='ocrx_word' id='word_1_182' title='bbox 692 2554 758 2619; x_wconf 88' lang='lat' dir='ltr'>aut</span> <span class='ocrx_word' id='word_1_183' title='bbox 773 2529 909 2617; x_wconf 70' lang='lat' dir='ltr'>&#39;Helias</span> <span class='ocrx_word' id='word_1_184' title='bbox 930 2592 943 2635; x_wconf 93' lang='lat'>,</span> <span class='ocrx_word' id='word_1_185' title='bbox 961 2558 1006 2616; x_wconf 87' lang='lat' dir='ltr'>ac</span> <span class='ocrx_word' id='word_1_186' title='bbox 1033 2533 1145 2618; x_wconf 88' lang='lat' dir='ltr'>ceteri</span> <span class='ocrx_word' id='word_1_187' title='bbox 1167 2533 1376 2621; x_wconf 88' lang='lat' dir='ltr'>sacerdotes</span> <span class='ocrx_word' id='word_1_188' title='bbox 1391 2534 1454 2622; x_wconf 88' lang='lat' dir='ltr'>vel</span> <span class='ocrx_word' id='word_1_189' title='bbox 1471 2565 1559 2651; x_wconf 41' lang='lat' dir='ltr'>prox</span> 
     </span>
     <span class='ocr_line' id='line_1_20' title="bbox 94 2647 1556 2771; baseline 0.003 -33"><span class='ocrx_word' id='word_1_190' title='bbox 94 2651 236 2768; x_wconf 82' lang='lat' dir='ltr'>phetae</span> <span class='ocrx_word' id='word_1_191' title='bbox 249 2717 265 2764; x_wconf 87' lang='lat'>,</span> <span class='ocrx_word' id='word_1_192' title='bbox 283 2654 349 2771; x_wconf 88' lang='lat' dir='ltr'>qui</span> <span class='ocrx_word' id='word_1_193' title='bbox 367 2648 522 2766; x_wconf 75' lang='lat' dir='ltr'>,templo</span> <span class='ocrx_word' id='word_1_194' title='bbox 548 2672 587 2734; x_wconf 91' lang='lat' dir='ltr'>et</span> <span class='ocrx_word' id='word_1_195' title='bbox 611 2647 834 2754; x_wconf 73' lang='lat' dir='ltr'>sacrisolm</span> <span class='ocrx_word' id='word_1_196' title='bbox 850 2648 1123 2737; x_wconf 88' lang='lat' dir='ltr'>inserviebant.</span> <span class='ocrx_word' id='word_1_197' title='bbox 1152 2653 1350 2750; x_wconf 89' lang='lat' dir='ltr'>Quorsum</span> <span class='ocrx_word' id='word_1_198' title='bbox 1366 2651 1461 2739; x_wconf 86' lang='lat' dir='ltr'>haec</span> <span class='ocrx_word' id='word_1_199' title='bbox 1475 2678 1556 2743; x_wconf 89' lang='lat' dir='ltr'>tam</span> 
     </span>
     <span class='ocr_line' id='line_1_21' title="bbox 94 2763 1556 2887; baseline 0 -31"><span class='ocrx_word' id='word_1_200' title='bbox 94 2766 243 2864; x_wconf 83' lang='lat' dir='ltr'>multa?</span> <span class='ocrx_word' id='word_1_201' title='bbox 272 2778 424 2887; x_wconf 90' lang='lat' dir='ltr'>Nempe</span> <span class='ocrx_word' id='word_1_202' title='bbox 440 2794 485 2857; x_wconf 89' lang='lat' dir='ltr'>ut</span> <span class='ocrx_word' id='word_1_203' title='bbox 501 2790 680 2884; x_wconf 87' lang='lat' dir='ltr'>appareat</span> <span class='ocrx_word' id='word_1_204' title='bbox 696 2827 710 2873; x_wconf 95' lang='lat'>,</span> <span class='ocrx_word' id='word_1_205' title='bbox 725 2763 913 2883; x_wconf 90' lang='lat' dir='ltr'>religionis</span> <span class='ocrx_word' id='word_1_206' title='bbox 927 2767 1074 2854; x_wconf 89' lang='lat' dir='ltr'>cultum</span> <span class='ocrx_word' id='word_1_207' title='bbox 1101 2797 1183 2855; x_wconf 88' lang='lat' dir='ltr'>non</span> <span class='ocrx_word' id='word_1_208' title='bbox 1207 2768 1387 2884; x_wconf 86' lang='lat' dir='ltr'>angustiis</span> <span class='ocrx_word' id='word_1_209' title='bbox 1400 2770 1556 2887; x_wconf 54' lang='lat' dir='ltr'>quibus*</span> 
     </span>
     <span class='ocr_line' id='line_1_22' title="bbox 94 2883 1554 3006; baseline 0.003 -33"><span class='ocrx_word' id='word_1_210' title='bbox 94 2885 186 2974; x_wconf 86' lang='lat' dir='ltr'>dam</span> <span class='ocrx_word' id='word_1_211' title='bbox 210 2889 457 3006; x_wconf 87' lang='lat' dir='ltr'>iniquioribus</span> <span class='ocrx_word' id='word_1_212' title='bbox 482 2883 667 2978; x_wconf 84' lang='lat' dir='ltr'>contineri</span> <span class='ocrx_word' id='word_1_213' title='bbox 683 2946 698 2991; x_wconf 94' lang='lat'>,</span> <span class='ocrx_word' id='word_1_214' title='bbox 712 2884 887 2999; x_wconf 83' lang='lat' dir='ltr'>aquibus</span> <span class='ocrx_word' id='word_1_215' title='bbox 903 2885 971 3000; x_wconf 91' lang='lat' dir='ltr'>qui</span> <span class='ocrx_word' id='word_1_216' title='bbox 986 2884 1104 2972; x_wconf 78' lang='lat' dir='ltr'>latum</span> <span class='ocrx_word' id='word_1_217' title='bbox 1120 2948 1135 2993; x_wconf 96' lang='lat'>,</span> <span class='ocrx_word' id='word_1_218' title='bbox 1152 2910 1196 2972; x_wconf 89' lang='lat' dir='ltr'>ur</span> <span class='ocrx_word' id='word_1_219' title='bbox 1220 2886 1356 3000; x_wconf 82' lang='lat' dir='ltr'>ajtun,</span> <span class='ocrx_word' id='word_1_220' title='bbox 1382 2917 1554 3005; x_wconf 90' lang='lat' dir='ltr'>unguem</span> 
     </span>
     <span class='ocr_line' id='line_1_23' title="bbox 91 3000 1554 3122; baseline 0.003 -30"><span class='ocrx_word' id='word_1_221' title='bbox 91 3000 330 3114; x_wconf 70' lang='lat' dir='ltr'>discesserit,</span> <span class='ocrx_word' id='word_1_222' title='bbox 357 3005 542 3094; x_wconf 87' lang='lat' dir='ltr'>continuo</span> <span class='ocrx_word' id='word_1_223' title='bbox 569 3003 688 3092; x_wconf 90' lang='lat' dir='ltr'>violet</span> <span class='ocrx_word' id='word_1_224' title='bbox 715 3002 936 3118; x_wconf 88' lang='lat' dir='ltr'>religionem</span> <span class='ocrx_word' id='word_1_225' title='bbox 953 3029 1052 3108; x_wconf 17' lang='lat' dir='ltr'>,aaut</span> <span class='ocrx_word' id='word_1_226' title='bbox 1077 3032 1116 3089; x_wconf 93' lang='lat' dir='ltr'>se</span> <span class='ocrx_word' id='word_1_227' title='bbox 1140 3003 1351 3122; x_wconf 77' lang='lat' dir='ltr'>obntingat</span> <span class='ocrx_word' id='word_1_228' title='bbox 1374 3006 1554 3096; x_wconf 82' lang='lat' dir='ltr'>crimine:</span> 
     </span>
     <span class='ocr_line' id='line_1_24' title="bbox 93 3118 1558 3240; baseline 0.004 -30"><span class='ocrx_word' id='word_1_229' title='bbox 93 3122 163 3222; x_wconf 80' lang='lat' dir='ltr'>sed</span> <span class='ocrx_word' id='word_1_230' title='bbox 194 3143 325 3240; x_wconf 84' lang='lat' dir='ltr'>patere</span> <span class='ocrx_word' id='word_1_231' title='bbox 355 3123 526 3215; x_wconf 73' lang='lat' dir='ltr'>latiuime</span> <span class='ocrx_word' id='word_1_232' title='bbox 542 3183 556 3236; x_wconf 90' lang='lat'>,</span> <span class='ocrx_word' id='word_1_233' title='bbox 572 3146 612 3211; x_wconf 90' lang='lat' dir='ltr'>et</span> <span class='ocrx_word' id='word_1_234' title='bbox 643 3119 754 3210; x_wconf 86' lang='lat' dir='ltr'>aliam</span> <span class='ocrx_word' id='word_1_235' title='bbox 784 3118 845 3204; x_wconf 87' lang='lat' dir='ltr'>alii</span> <span class='ocrx_word' id='word_1_236' title='bbox 878 3119 1030 3206; x_wconf 92' lang='lat' dir='ltr'>colendi</span> <span class='ocrx_word' id='word_1_237' title='bbox 1062 3126 1191 3207; x_wconf 88' lang='lat' dir='ltr'>Deum</span> <span class='ocrx_word' id='word_1_238' title='bbox 1219 3123 1558 3216; x_wconf 64' lang='lat' dir='ltr'>honestandam</span> 
     </span>
     <span class='ocr_line' id='line_1_25' title="bbox 90 3236 1552 3362; baseline -0.001 -27"><span class='ocrx_word' id='word_1_239' title='bbox 90 3242 336 3348; x_wconf 82' lang='lat' dir='ltr'>ostendere,</span> <span class='ocrx_word' id='word_1_240' title='bbox 356 3268 396 3330; x_wconf 92' lang='lat' dir='ltr'>et</span> <span class='ocrx_word' id='word_1_241' title='bbox 413 3241 542 3331; x_wconf 88' lang='lat' dir='ltr'>multa</span> <span class='ocrx_word' id='word_1_242' title='bbox 567 3239 662 3332; x_wconf 79' lang='lat' dir='ltr'>huic</span> <span class='ocrx_word' id='word_1_243' title='bbox 688 3237 925 3345; x_wconf 89' lang='lat' dir='ltr'>concedere,</span> <span class='ocrx_word' id='word_1_244' title='bbox 943 3268 1044 3356; x_wconf 90' lang='lat' dir='ltr'>quae</span> <span class='ocrx_word' id='word_1_245' title='bbox 1074 3238 1125 3324; x_wconf 93' lang='lat' dir='ltr'>illi</span> <span class='ocrx_word' id='word_1_246' title='bbox 1148 3236 1304 3328; x_wconf 68' lang='lat' dir='ltr'>somne</span> <span class='ocrx_word' id='word_1_247' title='bbox 1335 3245 1552 3362; x_wconf 61' lang='lat' dir='ltr'>negantur,</span> 
     </span>
     <span class='ocr_line' id='line_1_26' title="bbox 94 3353 1554 3475; baseline 0 -24"><span class='ocrx_word' id='word_1_248' title='bbox 94 3359 200 3451; x_wconf 88' lang='lat' dir='ltr'>Nam</span> <span class='ocrx_word' id='word_1_249' title='bbox 222 3359 334 3475; x_wconf 90' lang='lat' dir='ltr'>quod</span> <span class='ocrx_word' id='word_1_250' title='bbox 357 3361 518 3446; x_wconf 87' lang='lat' dir='ltr'>alterum</span> <span class='ocrx_word' id='word_1_251' title='bbox 544 3385 626 3443; x_wconf 92' lang='lat' dir='ltr'>non</span> <span class='ocrx_word' id='word_1_252' title='bbox 654 3355 763 3443; x_wconf 89' lang='lat' dir='ltr'>decet</span> <span class='ocrx_word' id='word_1_253' title='bbox 791 3353 947 3443; x_wconf 88' lang='lat' dir='ltr'>forsitan</span> <span class='ocrx_word' id='word_1_254' title='bbox 963 3415 978 3462; x_wconf 95' lang='lat'>,</span> <span class='ocrx_word' id='word_1_255' title='bbox 997 3356 1036 3443; x_wconf 93' lang='lat' dir='ltr'>id</span> <span class='ocrx_word' id='word_1_256' title='bbox 1052 3356 1091 3443; x_wconf 90' lang='lat' dir='ltr'>in</span> <span class='ocrx_word' id='word_1_257' title='bbox 1106 3356 1225 3447; x_wconf 84' lang='lat' dir='ltr'>altero</span> <span class='ocrx_word' id='word_1_258' title='bbox 1249 3356 1554 3474; x_wconf 68' lang='lat' dir='ltr'>jucundatam</span> 
     </span>
     <span class='ocr_line' id='line_1_27' title="bbox 92 3470 1551 3593; baseline 0 -26"><span class='ocrx_word' id='word_1_259' title='bbox 92 3470 441 3593; x_wconf 71' lang='lat' dir='ltr'>Iraqueappetitus&#39;</span> <span class='ocrx_word' id='word_1_260' title='bbox 469 3474 613 3593; x_wconf 87' lang='lat' dir='ltr'>gloriae</span> <span class='ocrx_word' id='word_1_261' title='bbox 639 3473 751 3590; x_wconf 88' lang='lat' dir='ltr'>siquis</span> <span class='ocrx_word' id='word_1_262' title='bbox 785 3475 1092 3582; x_wconf 86' lang='lat' dir='ltr'>monachorum,</span> <span class='ocrx_word' id='word_1_263' title='bbox 1107 3501 1148 3562; x_wconf 91' lang='lat' dir='ltr'>et</span> <span class='ocrx_word' id='word_1_264' title='bbox 1162 3478 1322 3565; x_wconf 91' lang='lat' dir='ltr'>omnino</span> <span class='ocrx_word' id='word_1_265' title='bbox 1338 3508 1472 3566; x_wconf 90' lang='lat' dir='ltr'>eorum</span> <span class='ocrx_word' id='word_1_266' title='bbox 1488 3509 1551 3566; x_wconf 93' lang='lat' dir='ltr'>or·</span> 
     </span>
     <span class='ocr_line' id='line_1_28' title="bbox 89 3589 1552 3712; baseline 0.002 -33"><span class='ocrx_word' id='word_1_267' title='bbox 89 3589 175 3679; x_wconf 78' lang='lat' dir='ltr'>&#39;diri</span> <span class='ocrx_word' id='word_1_268' title='bbox 189 3653 203 3699; x_wconf 92' lang='lat'>,</span> <span class='ocrx_word' id='word_1_269' title='bbox 217 3596 286 3710; x_wconf 90' lang='lat' dir='ltr'>qui</span> <span class='ocrx_word' id='word_1_270' title='bbox 312 3623 352 3682; x_wconf 89' lang='lat' dir='ltr'>se</span> <span class='ocrx_word' id='word_1_271' title='bbox 375 3593 465 3680; x_wconf 90' lang='lat' dir='ltr'>huic</span> <span class='ocrx_word' id='word_1_272' title='bbox 500 3591 651 3680; x_wconf 60' lang='lat' dir='ltr'>merulo</span> <span class='ocrx_word' id='word_1_273' title='bbox 668 3653 681 3699; x_wconf 96' lang='lat'>,</span> <span class='ocrx_word' id='word_1_274' title='bbox 697 3618 741 3681; x_wconf 88' lang='lat' dir='ltr'>ut</span> <span class='ocrx_word' id='word_1_275' title='bbox 766 3592 835 3709; x_wconf 89' lang='lat' dir='ltr'>ipsi</span> <span class='ocrx_word' id='word_1_276' title='bbox 854 3592 1066 3709; x_wconf 88' lang='lat' dir='ltr'>loquuntur</span> <span class='ocrx_word' id='word_1_277' title='bbox 1080 3654 1095 3698; x_wconf 96' lang='lat'>,</span> <span class='ocrx_word' id='word_1_278' title='bbox 1109 3595 1339 3681; x_wconf 88' lang='lat' dir='ltr'>renuntiasse</span> <span class='ocrx_word' id='word_1_279' title='bbox 1368 3594 1552 3712; x_wconf 85' lang='lat' dir='ltr'>profiten-</span> 
     </span>
     <span class='ocr_line' id='line_1_29' title="bbox 92 3709 1674 3831; baseline 0.004 -34"><span class='ocrx_word' id='word_1_280' title='bbox 92 3731 159 3797; x_wconf 88' lang='lat' dir='ltr'>tur</span> <span class='ocrx_word' id='word_1_281' title='bbox 175 3766 191 3815; x_wconf 90' lang='lat'>,</span> <span class='ocrx_word' id='word_1_282' title='bbox 206 3740 340 3826; x_wconf 88' lang='lat' dir='ltr'>parum</span> <span class='ocrx_word' id='word_1_283' title='bbox 364 3711 571 3802; x_wconf 76' lang='lat' dir='ltr'>convenire</span> <span class='ocrx_word' id='word_1_284' title='bbox 595 3711 805 3807; x_wconf 83' lang='lat' dir='ltr'>contendat</span> <span class='ocrx_word' id='word_1_285' title='bbox 822 3709 957 3816; x_wconf 87' lang='lat' dir='ltr'>,haud</span> <span class='ocrx_word' id='word_1_286' title='bbox 977 3711 1154 3828; x_wconf 89' lang='lat' dir='ltr'>equidem</span> <span class='ocrx_word' id='word_1_287' title='bbox 1180 3741 1325 3830; x_wconf 86' lang='lat' dir='ltr'>ponam</span> <span class='ocrx_word' id='word_1_288' title='bbox 1348 3714 1551 3831; x_wconf 86' lang='lat' dir='ltr'>inmagno</span> <span class='ocrx_word' id='word_1_289' title='bbox 1672 3787 1674 3790; x_wconf 15' lang='lat' dir='ltr'>a</span> 
     </span>
     <span class='ocr_line' id='line_1_30' title="bbox 95 3826 1555 3949; baseline -0.001 -27"><span class='ocrx_word' id='word_1_290' title='bbox 95 3826 308 3922; x_wconf 75' lang='lat' dir='ltr'>discrimine</span> <span class='ocrx_word' id='word_1_291' title='bbox 319 3848 336 3917; x_wconf 70' lang='grc' dir='ltr'>ι</span> <span class='ocrx_word' id='word_1_292' title='bbox 357 3828 594 3947; x_wconf 86' lang='lat' dir='ltr'>quamquam</span> <span class='ocrx_word' id='word_1_293' title='bbox 619 3827 777 3949; x_wconf 73' lang='lat' dir='ltr'>solidam</span> <span class='ocrx_word' id='word_1_294' title='bbox 792 3827 950 3946; x_wconf 77' lang='lat' dir='ltr'>gloriam</span> <span class='ocrx_word' id='word_1_295' title='bbox 963 3836 1091 3948; x_wconf 86' lang='lat' dir='ltr'>,quae</span> <span class='ocrx_word' id='word_1_296' title='bbox 1104 3892 1120 3938; x_wconf 90' lang='lat'>,</span> <span class='ocrx_word' id='word_1_297' title='bbox 1132 3854 1177 3916; x_wconf 87' lang='lat' dir='ltr'>ut</span> <span class='ocrx_word' id='word_1_298' title='bbox 1196 3831 1457 3947; x_wconf 78' lang='lat' dir='ltr'>exposuimus,</span> <span class='ocrx_word' id='word_1_299' title='bbox 1473 3833 1555 3922; x_wconf 54' lang='lat' dir='ltr'>vir*</span> 
     </span>
     <span class='ocr_line' id='line_1_31' title="bbox 91 3946 1552 4064; baseline -0.001 -27"><span class='ocrx_word' id='word_1_300' title='bbox 91 3947 353 4052; x_wconf 75' lang='lat' dir='ltr'>terteniritur,</span> <span class='ocrx_word' id='word_1_301' title='bbox 375 3960 551 4063; x_wconf 82' lang='lat' dir='ltr'>appetere</span> <span class='ocrx_word' id='word_1_302' title='bbox 571 3946 791 4038; x_wconf 83' lang='lat' dir='ltr'>nulibono</span> <span class='ocrx_word' id='word_1_303' title='bbox 819 3946 1285 4064; x_wconf 55' lang='lat' dir='ltr'>viromanpetmtnimra</span> <span class='ocrx_word' id='word_1_304' title='bbox 1312 3946 1384 4051; x_wconf 82' lang='lat' dir='ltr'>llis</span> <span class='ocrx_word' id='word_1_305' title='bbox 1402 3968 1552 4058; x_wconf 70' lang='lat' dir='ltr'>autem,</span> 
     </span>
     <span class='ocr_line' id='line_1_32' title="bbox 92 4057 1552 4191; baseline 0.002 -39"><span class='ocrx_word' id='word_1_306' title='bbox 92 4065 160 4176; x_wconf 85' lang='lat' dir='ltr'>qui</span> <span class='ocrx_word' id='word_1_307' title='bbox 177 4057 225 4153; x_wconf 61' lang='lat' dir='ltr'>⁴&#39;se</span> <span class='ocrx_word' id='word_1_308' title='bbox 239 4067 305 4157; x_wconf 80' lang='lat' dir='ltr'>,ad</span> <span class='ocrx_word' id='word_1_309' title='bbox 332 4066 546 4186; x_wconf 87' lang='lat' dir='ltr'>litterarum.</span> <span class='ocrx_word' id='word_1_310' title='bbox 572 4063 695 4156; x_wconf 76' lang='lat' dir='ltr'>studia</span> <span class='ocrx_word' id='word_1_311' title='bbox 723 4063 968 4172; x_wconf 77' lang='lat' dir='ltr'>excolenda,</span> <span class='ocrx_word' id='word_1_312' title='bbox 981 4066 1057 4154; x_wconf 86' lang='lat' dir='ltr'>v&#39;el.</span> <span class='ocrx_word' id='word_1_313' title='bbox 1073 4065 1427 4191; x_wconf 63' lang='lat' dir='ltr'>adfrempublicam&#39;</span> <span class='ocrx_word' id='word_1_314' title='bbox 1451 4087 1552 4183; x_wconf 84' lang='lat' dir='ltr'>pace&#39;</span> 
     </span>
     <span class='ocr_line' id='line_1_33' title="bbox 92 4181 1547 4300; baseline 0.008 -39"><span class='ocrx_word' id='word_1_315' title='bbox 92 4203 161 4264; x_wconf 87' lang='lat' dir='ltr'>aut</span> <span class='ocrx_word' id='word_1_316' title='bbox 181 4182 284 4271; x_wconf 90' lang='lat' dir='ltr'>bello</span> <span class='ocrx_word' id='word_1_317' title='bbox 309 4182 645 4275; x_wconf 68' lang='lat' dir='ltr'>ambutrmdam</span> <span class='ocrx_word' id='word_1_318' title='bbox 671 4181 896 4290; x_wconf 88' lang='lat' dir='ltr'>contulere,</span> <span class='ocrx_word' id='word_1_319' title='bbox 912 4184 981 4300; x_wconf 90' lang='lat' dir='ltr'>qui</span> <span class='ocrx_word' id='word_1_320' title='bbox 1005 4212 1089 4271; x_wconf 88' lang='lat' dir='ltr'>non</span> <span class='ocrx_word' id='word_1_321' title='bbox 1110 4181 1234 4269; x_wconf 87' lang='lat' dir='ltr'>solum</span> <span class='ocrx_word' id='word_1_322' title='bbox 1256 4209 1465 4271; x_wconf 84' lang='lat' dir='ltr'>ceterarum</span> <span class='ocrx_word' id='word_1_323' title='bbox 1489 4215 1547 4273; x_wconf 90' lang='lat' dir='ltr'>re·</span> 
     </span>
     <span class='ocr_line' id='line_1_34' title="bbox 91 4299 1548 4435; baseline 0.006 -54"><span class='ocrx_word' id='word_1_324' title='bbox 91 4321 180 4382; x_wconf 86' lang='lat' dir='ltr'>rum</span> <span class='ocrx_word' id='word_1_325' title='bbox 202 4300 445 4414; x_wconf 86' lang='lat' dir='ltr'>cupiditatem</span> <span class='ocrx_word' id='word_1_326' title='bbox 469 4299 600 4389; x_wconf 88' lang='lat' dir='ltr'>adirnit</span> <span class='ocrx_word' id='word_1_327' title='bbox 617 4361 630 4407; x_wconf 96' lang='lat'>,</span> <span class='ocrx_word' id='word_1_328' title='bbox 646 4301 712 4388; x_wconf 87' lang='lat' dir='ltr'>sed</span> <span class='ocrx_word' id='word_1_329' title='bbox 729 4301 852 4388; x_wconf 61' lang='lat' dir='ltr'>veriam</span> <span class='ocrx_word' id='word_1_330' title='bbox 877 4301 956 4389; x_wconf 88' lang='lat' dir='ltr'>sine</span> <span class='ocrx_word' id='word_1_331' title='bbox 980 4332 1058 4418; x_wconf 89' lang='lat' dir='ltr'>spe·</span> <span class='ocrx_word' id='word_1_332' title='bbox 1075 4299 1229 4435; x_wconf 86' lang='lat' dir='ltr'>gloriae·</span> <span class='ocrx_word' id='word_1_333' title='bbox 1245 4326 1286 4409; x_wconf 81' lang='lat' dir='ltr'>et</span> <span class='ocrx_word' id='word_1_334' title='bbox 1315 4300 1548 4428; x_wconf 88' lang='lat' dir='ltr'>appetitione</span> 
     </span>
     <span class='ocr_line' id='line_1_35' title="bbox 89 4416 1547 4537; baseline 0.005 -37"><span class='ocrx_word' id='word_1_335' title='bbox 89 4436 151 4500; x_wconf 85' lang='lat' dir='ltr'>res</span> <span class='ocrx_word' id='word_1_336' title='bbox 171 4416 378 4530; x_wconf 64' lang='lat' dir='ltr'>praeclaras</span> <span class='ocrx_word' id='word_1_337' title='bbox 398 4419 743 4537; x_wconf 66' lang='lat' dir='ltr'>agereszpraecipit,</span> <span class='ocrx_word' id='word_1_338' title='bbox 759 4419 787 4506; x_wconf 92' lang='lat' dir='ltr'>is</span> <span class='ocrx_word' id='word_1_339' title='bbox 803 4418 894 4508; x_wconf 80' lang='lat' dir='ltr'>milui</span> <span class='ocrx_word' id='word_1_340' title='bbox 909 4419 1046 4533; x_wconf 74' lang='lat' dir='ltr'>pubere</span> <span class='ocrx_word' id='word_1_341' title='bbox 1057 4418 1209 4507; x_wconf 75' lang='lat' dir='ltr'>videtur</span> <span class='ocrx_word' id='word_1_342' title='bbox 1223 4479 1237 4528; x_wconf 91' lang='lat'>,</span> <span class='ocrx_word' id='word_1_343' title='bbox 1253 4423 1468 4508; x_wconf 82' lang='lat' dir='ltr'>onerariam·</span> <span class='ocrx_word' id='word_1_344' title='bbox 1479 4451 1547 4508; x_wconf 88' lang='lat' dir='ltr'>na-</span> 
     </span>
     <span class='ocr_line' id='line_1_36' title="bbox 90 4530 1549 4659; baseline 0.002 -36"><span class='ocrx_word' id='word_1_345' title='bbox 90 4530 172 4623; x_wconf 85' lang='lat' dir='ltr'>vim</span> <span class='ocrx_word' id='word_1_346' title='bbox 199 4535 475 4629; x_wconf 78' lang='lat' dir='ltr'>remistanum</span> <span class='ocrx_word' id='word_1_347' title='bbox 499 4537 687 4654; x_wconf 72' lang='lat' dir='ltr'>impellere</span> <span class='ocrx_word' id='word_1_348' title='bbox 703 4598 717 4647; x_wconf 97' lang='lat'>,</span> <span class='ocrx_word' id='word_1_349' title='bbox 733 4536 830 4624; x_wconf 88' lang='lat' dir='ltr'>etin</span> <span class='ocrx_word' id='word_1_350' title='bbox 852 4537 1029 4624; x_wconf 77' lang='lat' dir='ltr'>alto&#39;sine</span> <span class='ocrx_word' id='word_1_351' title='bbox 1052 4538 1175 4625; x_wconf 76' lang='lat' dir='ltr'>vetris</span> <span class='ocrx_word' id='word_1_352' title='bbox 1207 4541 1409 4659; x_wconf 85' lang='lat' dir='ltr'>navigare.</span> <span class='ocrx_word' id='word_1_353' title='bbox 1433 4534 1549 4626; x_wconf 53' lang='lat' dir='ltr'>Prae*</span> 
     </span>
     <span class='ocr_line' id='line_1_37' title="bbox 88 4654 1483 4775; baseline 0.007 -39"><span class='ocrx_word' id='word_1_354' title='bbox 88 4670 243 4766; x_wconf 88' lang='lat' dir='ltr'>ceptum</span> <span class='ocrx_word' id='word_1_355' title='bbox 268 4682 331 4745; x_wconf 88' lang='lat' dir='ltr'>me</span> <span class='ocrx_word' id='word_1_356' title='bbox 363 4654 514 4745; x_wconf 88' lang='lat' dir='ltr'>hercule</span> <span class='ocrx_word' id='word_1_357' title='bbox 544 4655 683 4769; x_wconf 84' lang='lat' dir='ltr'>durum</span> <span class='ocrx_word' id='word_1_358' title='bbox 701 4656 975 4772; x_wconf 75' lang='lat' dir='ltr'>,imperiosum</span> <span class='ocrx_word' id='word_1_359' title='bbox 1004 4680 1121 4775; x_wconf 88' lang='lat' dir='ltr'>atque</span> <span class='ocrx_word' id='word_1_360' title='bbox 1144 4654 1313 4746; x_wconf 84' lang='lat' dir='ltr'>difficile.</span> <span class='ocrx_word' id='word_1_361' title='bbox 1479 4723 1483 4727; x_wconf 56' lang='lat'><em>„</em></span> 
     </span>
     <span class='ocr_line' id='line_1_38' title="bbox 112 4772 1547 4893; baseline 0.001 -33"><span class='ocrx_word' id='word_1_362' title='bbox 112 4772 339 4864; x_wconf 64' lang='lat' dir='ltr'>-fflru,</span> <span class='ocrx_word' id='word_1_363' title='bbox 396 4780 451 4864; x_wconf 87' lang='lat' dir='ltr'>At</span> <span class='ocrx_word' id='word_1_364' title='bbox 466 4774 586 4893; x_wconf 86' lang='lat' dir='ltr'>gloria</span> <span class='ocrx_word' id='word_1_365' title='bbox 600 4775 707 4892; x_wconf 89' lang='lat' dir='ltr'>sequi</span> <span class='ocrx_word' id='word_1_366' title='bbox 720 4775 838 4863; x_wconf 86' lang='lat' dir='ltr'>debet</span> <span class='ocrx_word' id='word_1_367' title='bbox 851 4775 1030 4871; x_wconf 74' lang='grc' dir='ltr'>νίιιιιιειιι</span> <span class='ocrx_word' id='word_1_368' title='bbox 1046 4838 1058 4884; x_wconf 86' lang='grc'><em>,</em></span> <span class='ocrx_word' id='word_1_369' title='bbox 1074 4805 1155 4863; x_wconf 92' lang='lat' dir='ltr'>non</span> <span class='ocrx_word' id='word_1_370' title='bbox 1169 4775 1314 4892; x_wconf 85' lang='lat' dir='ltr'>appeti·</span> <span class='ocrx_word' id='word_1_371' title='bbox 1339 4773 1461 4871; x_wconf 90' lang='lat' dir='ltr'>Quasi</span> <span class='ocrx_word' id='word_1_372' title='bbox 1484 4804 1547 4863; x_wconf 70' lang='lat' dir='ltr'>vo</span> 
     </span>
     <span class='ocr_line' id='line_1_39' title="bbox 87 4891 1545 5014; baseline -0.002 -34"><span class='ocrx_word' id='word_1_373' title='bbox 87 4913 135 4980; x_wconf 82' lang='lat' dir='ltr'>to</span> <span class='ocrx_word' id='word_1_374' title='bbox 149 4917 222 4981; x_wconf 87' lang='lat' dir='ltr'>nos</span> <span class='ocrx_word' id='word_1_375' title='bbox 243 4891 404 5012; x_wconf 78' lang='lat' dir='ltr'>gloriam</span> <span class='ocrx_word' id='word_1_376' title='bbox 428 4920 530 4986; x_wconf 83' lang='lat' dir='ltr'>aute</span> <span class='ocrx_word' id='word_1_377' title='bbox 543 4891 955 5012; x_wconf 69' lang='lat' dir='ltr'>vuuroempouamus,</span> <span class='ocrx_word' id='word_1_378' title='bbox 971 4919 1014 4988; x_wconf 90' lang='lat' dir='ltr'>et</span> <span class='ocrx_word' id='word_1_379' title='bbox 1030 4895 1193 5005; x_wconf 60' lang='lat' dir='ltr'>¹uirtutes</span> <span class='ocrx_word' id='word_1_380' title='bbox 1210 4917 1368 5014; x_wconf 86' lang='lat' dir='ltr'>propter</span> <span class='ocrx_word' id='word_1_381' title='bbox 1385 4892 1545 5012; x_wconf 84' lang='lat' dir='ltr'>gloriam</span> 
     </span>
     <span class='ocr_line' id='line_1_40' title="bbox 116 5037 1546 5100; baseline 0.007 -12"><span class='ocrx_word' id='word_1_382' title='bbox 116 5069 120 5074; x_wconf 83' lang='lat'><em>·</em></span> <span class='ocrx_word' id='word_1_383' title='bbox 207 5042 211 5088; x_wconf 73' lang='lat' dir='ltr'>t</span> <span class='ocrx_word' id='word_1_384' title='bbox 1481 5037 1546 5100; x_wconf 82' lang='lat' dir='ltr'>co·</span> 
     </span>
    </p>
   </div>
   <div class='ocr_carea' id='block_1_5' title="bbox 0 0 2030 5858">
    <p class='ocr_par' dir='ltr' id='par_1_5' title="bbox 0 0 2030 5858">
     <span class='ocr_line' id='line_1_41' title="bbox 0 0 2030 5858; baseline 0 5"><span class='ocrx_word' id='word_1_385' title='bbox 0 0 2030 5858; x_wconf 95' lang='lat' dir='ltr'> </span> 
     </span>
    </p>
   </div>
  </div>
 </body>
</html>
