4006 5850
371 331 374 333 ’
504 342 578 441 456
845 345 1057 424 nunno
1081 346 1221 420 uuor.
1246 347 1533 420 annicetus.

480 481 563 560 dico
578 482 805 581 communis,
835 502 903 562 non
915 483 1105 592 propria:
1140 500 1225 558 nom
1240 504 1322 559 cnm
1336 477 1570 558 nihilhornm
1590 485 1676 575 est,
1702 468 1789 557 *non
1816 478 1925 583 plane

469 590 601 692 fidelis
616 599 842 702 dispensatio
860 651 874 698 ,
906 600 975 676 sed
988 597 1152 676 modalis
1167 599 1370 702 dissipatio
1386 609 1458 676 est.
1491 592 1572 689 Qui
1586 590 1702 704 paulo
1719 613 1812 674 ante
1828 592 1928 677 dixe·

480 735 555 796 rat:
565 721 719 821 praesis
735 771 750 816 ,
766 727 808 794 ut
817 720 949 821 prosis
966 719 1144 819 ,praesis
1167 727 1209 794 ut
1222 711 1354 810 fidelis
1392 737 1534 794 servus
1559 727 1597 792 et
1607 711 1780 817 pudens
1797 766 1812 811 ,
1828 737 1928 816 quem

406 888 408 895 «
480 837 674 912 constitnit
689 840 795 933 Deus
810 848 924 937 snper
936 827 1131 934 familiam
1146 855 1265 912 suam.
1296 832 1367 911 Ad
1384 832 1475 935 quid
1486 828 1507 909 ‘i
1534 843 1577 909 ut
1605 831 1673 909 des
1698 830 1782 907 illis
1808 851 1926 910 escam

480 953 521 1028 in
545 961 735 1056 tempore,
769 949 836 1030 hoc
854 963 947 1050 est,
975 962 1017 1028 nt
1034 950 1258 1054 dispenses,
1282 973 1351 1030 non
1383 961 1426 1028 ut
1446 953 1624 1053 imperes.
1657 944 1777 1037 Quae
1806 946 1929 1059 nequis

480 1087 589 1176 putet
606 1066 654 1149 de
670 1063 813 1180 legibus
828 1087 979 1149 tantum
1008 1087 1166 1148 naturae
1182 1063 1243 1151 vel
1260 1062 1392 1148 divinis
1408 1091 1485 1147 esse
1514 1062 1639 1166 dicta,
1674 1061 1835 1144 Damasi
1860 1068 1931 1146 Pa·

482 1210 553 1295 pae
575 1181 769 1266 decretum
786 1204 912 1266 mente
929 1180 1161 1295 perpendat,
1190 1178 1293 1292 cujus
1320 1180 1379 1264 illa
1405 1178 1520 1268 verba
1542 1201 1660 1263 sunt:
1688 1176 1928 1284 Blasphema·

291 1292 468 1403 tigilli·
481 1326 553 1402 re,
578 1299 728 1413 inquit,
755 1299 949 1407 Spiritum
972 1313 1141 1399 sanctum
1169 1325 1237 1383 non
1261 1307 1460 1405 incongrue
1475 1299 1685 1398 videntur,
1717 1304 1789 1399 qui
1805 1322 1929 1380 sacros

482 1441 638 1500 canones
652 1441 719 1499 non
735 1422 955 1498 necessitate
970 1421 1148 1524 compulsi
1167 1472 1181 1519 ,
1214 1420 1283 1498 sed
1295 1418 1451 1497 libenter
1467 1418 1639 1519 aliquid,
1670 1428 1740 1493 aot
1747 1427 1927 1520 proterve

481 1550 628 1642 agunt,
651 1547 716 1616 aut
732 1540 831 1639 loqui
848 1549 1123 1641 praesumunt,
1150 1547 1216 1615 aut
1230 1531 1370 1637 fhcere
1384 1534 1594 1616 volemibus
1619 1544 1755 1636 sponte
1784 1556 1930 1614 conun-

343 1691 352 1698 ·
378 1642 382 1649 *
481 1659 607 1735 tinnt:
640 1657 730 1733 talis
746 1658 840 1734 enim
852 1659 1082 1759 praesumtio
1100 1647 1295 1752 manifeste
1324 1676 1434 1732 unum
1452 1673 1570 1755 genus
1594 1662 1653 1728 est
1683 1648 1928 1754 blasphema·

481 1795 564 1853 rum
579 1775 619 1850 in
634 1768 822 1876 Spiritum
836 1783 1014 1851 sanctum.
1047 1769 1157 1853 Haec
1172 1775 1295 1874 igitur
1310 1774 1455 1850 scelera
1469 1773 1597 1848 vitare
1621 1769 1687 1869 qui
1703 1772 1810 1848 volet
1825 1823 1839 1868 ,
1855 1774 1926 1848 vel

483 1893 517 1967 le
531 1901 651 1968 antem
668 1913 749 1968 cnm
765 1910 884 1969 omnes
900 1885 1116 1967 Christiani
1133 1940 1147 1987 ,
1163 1898 1239 1966 tum
1252 1891 1285 1966 ii
1299 1891 1459 1967 maxime
1474 1884 1653 1964 debebam
1667 1939 1683 1986 ,
1710 1885 1851 1987 quibus
1874 1898 1928 1966 est

484 2011 681 2087 commissa
698 2009 897 2110 religionis
915 2006 1140 2104 moderatio,
1156 2002 1219 2086 hic
1234 2004 1339 2085 nobis
1356 2001 1571 2086 auctoribus
1587 2025 1788 2105 numquam
1802 2027 1928 2108 argue-

484 2136 577 2222 tur,
601 2126 735 2201 ineam
753 2127 959 2222 licentiam,
975 2143 1067 2224 quae
1081 2121 1171 2226 jore
1197 2126 1441 2228 vituperatur
1458 2118 1686 2222 ,deflexisse
1703 2174 1720 2218 ,
1752 2132 1791 2198 et
1805 2143 1929 2200 munus

484 2237 561 2319 sili
576 2240 776 2346 injunctum
790 2265 813 2322 a
827 2239 909 2318 Deo
925 2293 940 2338 ,
956 2238 1207 2341 traditamque
1218 2251 1442 2344 potestatem
1458 2251 1588 2318 sancte
1603 2261 1650 2317 ac
1666 2240 1839 2341 religiose
1856 2261 1928 2317 ma·

485 2355 691 2438 deraditur.
725 2355 783 2437 At
797 2361 834 2435 si
850 2351 935 2459 quis
967 2377 1036 2436 non
1058 2357 1155 2457 quod
1182 2362 1360 2462 optimum
1378 2351 1496 2458 factu
1525 2360 1616 2455 sit,
1643 2368 1805 2457 onomat
1833 2410 1847 2456 ,
1872 2355 1934 2434 sel

486 2475 649 2556 mudiose
673 2486 799 2580 captet
815 2478 1024 2554 occasiones
1040 2473 1228 2573 errandi,
1256 2475 1362 2581 cujus
1390 2479 1467 2554 erit
1491 2476 1699 2576 deputatis
1713 2496 1785 2552 non
1802 2477 1926 2577 potins

486 2592 567 2695 ejus
578 2597 828 2696 perniciosam
845 2595 1025 2669 malitiam
1040 2594 1219 2673 inscctari
1228 2644 1244 2691 ,
1256 2615 1364 2695 quam
1381 2590 1486 2671 nobis
1503 2612 1722 2670 succensere
1738 2642 1754 2690 ‚
1769 2592 1821 2691 si,
1837 2590 1929 2703 qood

487 2731 620 2788 nerum
637 2711 825 2787 credimus
842 2763 853 2806 ,
873 2729 940 2788 non
959 2709 1239 2790 dissimulanter
1254 2703 1515 2813 explicamus?

561 2824 706 2905 XXIX.
777 2821 850 2904 Sed
871 2847 1104 2934 quamquam
1129 2822 1179 2905 ad
1198 2851 1353 2906 omnem
1387 2820 1700 2934 dispensationem
1737 2822 1927 2906 necessitas

488 2936 551 3024 vel
565 2936 699 3022 utilitas
712 2935 936 3021 desideretur
953 2998 966 3042 ,
983 2965 1027 3022 ut
1044 2937 1152 3055 ipsius
1169 2935 1336 3022 definitio
1353 2995 1367 3040 ,
1391 2965 1508 3052 quam
1534 2936 1778 3050 explicuimus
1810 2968 1928 3052 supra,

489 3054 681 3158 declarat,
701 3077 924 3138 nontamen
952 3054 1091 3168 ubique
1123 3055 1220 3166 paria
1240 3056 1458 3141 necessitatis
1481 3054 1813 3141 commoditatisve
1851 3086 1928 3139 mo·

490 3190 619 3255 menta
641 3171 909 3286 requiruntur:
940 3172 1005 3255 sed
1021 3200 1103 3284 quo
1117 3170 1176 3255 lex
1191 3200 1365 3287 quaeque
1395 3172 1477 3287 plus
1501 3172 1617 3257 habet
1632 3171 1865 3257 rectitudinis
1890 3196 1929 3256 et

491 3288 756 3393 auctoritatis,
777 3289 853 3372 hoc
875 3286 1055 3399 majorem
1080 3316 1229 3371 cauum
1255 3288 1585 3401 indispensatione
1613 3288 1784 3403 requirit
1817 3292 1925 3383 Quae

490 3403 603 3520 igitur
627 3405 729 3520 leges
755 3432 879 3518 neque
894 3431 1028 3490 natura
1052 3405 1167 3514 justae
1183 3430 1296 3511 sunt,
1323 3433 1393 3490 nec
1419 3406 1590 3496 instituto
1602 3406 1771 3510 divino,
1804 3406 1869 3491 sed
1883 3405 1930 3489 le·

490 3521 673 3656 gislatoris
705 3520 925 3625 voluntate,
951 3521 1159 3632 cujusmodi
1188 3546 1279 3628 est,
1307 3552 1356 3608 ne
1386 3518 1545 3607 feminae
1574 3521 1734 3635 aliquod
1760 3523 1930 3607 sacellum

490 3639 776 3754 ingrediantur,
805 3664 844 3722 et
859 3666 957 3751 quae
973 3638 1082 3749 hujus
1114 3639 1258 3752 generis
1283 3664 1401 3744 sunta
1428 3641 1494 3724 has
1518 3668 1634 3753 parva
1657 3667 1771 3724 causa
1794 3668 1930 3752 suppe-

489 3777 594 3841 rente
610 3816 623 3859 ,
650 3754 843 3840 autetiam
867 3754 945 3837 sola
960 3752 1147 3840 Pontificis
1170 3755 1365 3840 voluntate
1380 3754 1507 3841 licebit
1525 3756 1780 3868 dispensando
1797 3757 1930 3841 rela'xa·

490 3897 558 3977 re,
582 3900 670 3956 cum
687 3872 829 3985 possint
844 3870 955 3962 etiam
971 3873 1049 3955 sine
1070 3870 1254 3965 mediocri
1276 3873 1339 3959 vel
1352 3900 1502 3958 morum
1519 3872 1580 3958 vel
1605 3872 1794 3988 religionis
1812 3873 1926 3958 discri·

457 4076 460 4082 ,
491 3989 595 4074 mine
610 3989 754 4103 penitus
772 3986 959 4103 abrogari.
989 3994 1108 4101 Leges
1131 4016 1224 4074 vero
1243 3987 1389 4074 divinae
1413 3989 1528 4106 longe
1554 3987 1609 4073 his
1642 3991 1821 4101 majorem
1844 4018 1931 4075 cau·

491 4135 570 4190 sam
589 4130 780 4219 poscunt·,
809 4104 995 4189 naturales
1020 4132 1137 4218 porro
1160 4106 1215 4189 his
1243 4107 1356 4191 etiam
1381 4107 1703 4193 vehementiorem
1742 4171 1756 4214 ,
1785 4132 1826 4193 et
1855 4137 1935 4222 quo

490 4224 644 4336 propiu's
659 4225 708 4306 ab
723 4221 787 4305 illis
803 4222 927 4335 primis
954 4219 1166 4335 principiis,
1192 4222 1390 4337 dequibus
1415 4251 1525 4336 supra
1551 4223 1742 4330 diximus,
1766 4227 1932 4330 absunt,

491 4336 568 4422 hoc
591 4340 701 4423 etiam
725 4335 986 4425 efficaciorem.
1016 4339 1152 4422 Omnis
1168 4337 1269 4423 enim
1291 4340 1349 4426 lex
1372 4366 1529 4425 naturae
1555 4366 1610 4427 est
1634 4343 1748 4426 etiam
1780 4343 1931 4448 divina,

489 4482 571 4538 non
588 4454 678 4538 item
706 4456 827 4539 omnis
855 4456 981 4540 divina
997 4455 1172 4540 naturalis
1188 4481 1258 4541 est.
1286 4460 1399 4555 Quae
1427 4457 1538 4573 igitur
1554 4458 1663 4541 simul
1689 4485 1852 4546 naturae
1880 4461 1930 4545 lex

489 4595 573 4676 est,
599 4571 706 4656 simul
721 4574 942 4658 auctoritate
963 4571 1090 4657 divina
1106 4570 1281 4678 firmata,
1302 4576 1340 4657 in
1357 4575 1429 4658 hac
1445 4575 1521 4661 sine
1546 4604 1692 4659 summa
1710 4602 1750 4661 et
1774 4578 1929 4663 manile·

488 4713 545 4772 sta
561 4687 779 4775 necessitatis
803 4715 871 4773 aut
893 4688 1170 4775 commoditatis
1195 4717 1306 4774 causa
1338 4691 1561 4805 dispensatio
1591 4722 1672 4793 non
1702 4693 1800 4780 erit.
1838 4700 1929 4792 Quo

490 4807 588 4894 enim
606 4806 770 4925 pluribus
787 4806 1072 4924 ¹majoribusque
1089 4806 1241 4900 vinculs
1267 4836 1323 4897 res
1339 4839 1514 4927 quaeque
1530 4810 1798 4929 constringitur
1815 4876 1829 4923 ,
1859 4818 1931 4900 hoc

1847 4932 1929 5052 plu·
