4034 5858
540 386 736 461 ORATIO
754 389 827 458 'AD
849 389 1029 462 CAROL.
1054 387 1100 459 V.
1448 387 1514 483 369

84 523 347 621 memoratur,
373 541 530 600 suorum
545 539 627 599 non
644 510 727 628 plus
752 542 894 602 novem
916 507 1134 629 peditibus,
1155 531 1196 599 et
1218 532 1373 598 centum
1402 509 1535 627 viginti

83 637 268 752 equitibus
292 633 519 719 desideratis.
1325 738 1329 743 g

141 758 246 840 XVI.
309 753 431 848 Quod
455 752 483 837 si
511 751 601 838 libet
625 749 676 838 ad
693 781 739 838 ea
754 776 926 867 tempora
942 750 1165 838 descendere
1182 811 1196 858 ,
1212 750 1350 866 quibus
1366 753 1531 840 Romani

78 900 177 966 cum¹
189 871 329 959 Asianis
346 870 559 956 nationibus
575 869 715 956 bellum
738 899 911 987 gessere,
937 871 1026 955 nihil
1055 869 1229 977 fortiter,
1253 868 1343 953 nihil
1359 893 1532 979 strenue,

78 991 168 1075 nihil
182 992 345 1103 denique
361 991 438 1075 sine
454 987 578 1104 turpii
607 989 718 1076 navia
730 1018 796 1075 eos
811 985 936 1076 fecisse
950 990 1187 1105 reperiemus.
1205 992 1307 1073 Cum
1328 989 1428 1075 enim
1445 991 1530 1077 Aci·

77 1108 147 1193 lius
162 1114 358 1195 Romanus
375 1107 521 1192 Consul
540 1019 717 1197 atfversus
747 1109 981 1193 Antiochum
1014 1107 1141 1222 Syriae
1169 1132 1209 1192 et
1238 1106 1390 1203 minoris
1414 1107 1531 1195 Asiae

77 1229 225 1344 Regem
243 1225 370 1312 missus
386 1252 469 1331 est,
493 1225 532 1309 in
549 1226 670 1340 prima
692 1225 778 1312 belli
800 1225 1064 1344 congressione
1081 1227 1205 1311 hostes
1228 1220 1365 1342 fugisse
1392 1250 1529 1312 castra·

77 1373 156 1460 que
172 1344 262 1430 ditia
277 1344 476 1432 victoribus
497 1345 685 1460 reliquisse
700 1371 959 1431 memoranntr
982 1405 995 1450 ,
1024 1344 1179 1460 ipseque
1193 1348 1275 1429 Rex
1298 1340 1528 1460 fugientibus

64 1475 157 1548 'sese
175 1463 310 1549 ducem
340 1463 574 1576 praebuisse:
599 1463 666 1580 qui
691 1462 1002 1581 redintegratoin
1030 1462 1117 1548 Asia
1147 1462 1280 1567 bello,
1311 1461 1445 1548 iterum
1475 1465 1527 1549 ab

77 1581 238 1668 Aemilio
254 1607 292 1667 et
305 1581 476 1697 Scipione
491 1612 613 1696 parvo
629 1582 786 1697 negotio
798 1607 1014 1697 superatur,
1030 1579 1142 1666 caesis
1157 1580 1322 1665 hostium
1337 1582 1524 1698 quinqua-

77 1698 182 1815 ginta
198 1700 383 1805 millibus,
409 1699 524 1815 captis
553 1700 749 1785 undecim.
783 1704 887 1785 Nam
903 1699 1044 1813 Julium
1061 1702 1288 1802 Caesarem,
1310 1701 1392 1813 quis
1409 1701 1523 1817 igno·

77 1843 136 1904 rat
152 1880 165 1925 ,
192 1846 281 1903 cum
295 1819 332 1904 in
349 1817 497 1932 Syriam
520 1845 559 1904 et
575 1818 663 1904 inde
679 1822 845 1904 Pontum
862 1814 1070 1904 ferocientis
1084 1815 1283 1902 Pharnacis
1300 1817 1429 1934 magni
1444 1819 1520 1904 Mi·

54 1994 57 2003 ι
77 1935 247 2023 thridatis
262 1933 324 2021 lilii
341 1937 477 2023 nuntio
492 1961 708 2024 commotus
721 1937 973 2043 transivisset,
1004 1936 1104 2022 intra
1117 1935 1296 2050 quintum
1312 1965 1453 2053 ,quam
1469 1933 1525 2021 af·

76 2048 200 2142 fuerat
217 2114 230 2160 ,
247 2054 347 2142 diem
365 2081 584 2171 ,quantor,
608 2056 744 2172 quibus
758 2055 798 2141 in
811 2079 1056 2172 conspectum
1085 2054 1220 2160 venit,
1244 2053 1344 2140 horis
1370 2056 1523 2143 hostem

74 2197 165 2259 cum
182 2173 343 2261 exercitu
359 2176 437 2260 acie
456 2204 533 2260 una
548 2172 773 2292 profligasse.
807 2176 922 2261 Unde
939 2168 1069 2260 titulus
1082 2172 1141 2258 ille
1152 2173 1192 2257 in
1210 2171 1373 2259 Pontico
1389 2174 1523 2262 trium·

75 2290 183 2404 pho:
211 2295 304 2376 Veni
321 2354 334 2399 ‚
351 2298 437 2377 vidi
453 2353 466 2398 ,
490 2302 573 2377 vici
589 2356 600 2378 .
631 2299 763 2407 ltaque
779 2292 910 2378 crebro
927 2291 1095 2408 Pompeii
1109 2286 1320 2376 felicitatem
1347 2319 1527 2380 comme-·

76 2408 277 2516 monebat,
302 2410 363 2497 cui
385 2410 583 2525 praecipua
611 2410 760 2496 militiae
784 2409 863 2496 laus
891 2412 1034 2497 detam
1047 2408 1183 2495 imbelli
1201 2436 1338 2526 genere
1353 2409 1521 2496 hostium

75 2527 302 2643 contigisset.
335 2530 467 2643 Usque
481 2530 580 2615 adeo
598 2529 755 2623 Asianos
769 2527 940 2614 homines
956 2590 969 2635 ,
984 2556 1071 2614 cum
1086 2527 1125 2612 in
1141 2528 1258 2613 aciem
1281 2554 1325 2611 ac
1339 2528 1520 2641 praelium

74 2644 253 2731 adversus
268 2645 367 2731 orbis
386 2646 503 2732 nostri
530 2647 631 2733 viros
646 2647 887 2754 educuntur,
913 2675 993 2734 non
1008 2676 1054 2732 ea
1069 2674 1159 2731 cura
1171 2643 1328 2732 solicitat
1343 2705 1356 2751 ,
1371 2673 1448 2761 qua
1462 2676 1521 2732 ra·

74 2763 180 2862 tione
216 2790 364 2849 strenue
386 2765 596 2882 pugnando
623 2793 700 2871 ,ac
719 2766 868 2851 hostem
898 2761 1068 2853 feriendo
1112 2762 1269 2850 victoria
1298 2764 1520 2878 potiantur,

75 2881 142 2968 sed
164 2911 241 2997 qua
259 2881 320 2969 via
335 2877 520 2999 fugientes
543 2908 758 2969 nostrorum
775 2883 941 2970 victrices
957 2913 1089 2969 manus
1106 2880 1298 2968 evadant:
1328 2883 1437 2997 quod
1466 2884 1519 2967 al·

74 3021 160 3083 tero
176 3023 214 3084 et
243 3001 354 3086 tertio
369 3000 510 3116 praelio
532 2998 673 3113 (toties
692 3031 857 3116 namque
886 3001 1026 3087 bellum
1056 3001 1191 3086 Darius
1206 3028 1272 3114 per
1302 2997 1520 3087 latissimum

74 3123 236 3233 regnum
250 3112 413 3234 fugitans
428 3119 724 3236 redintegravit)
750 3120 1044 3206 constantissime
1059 3119 1308 3204 declararunt.
1340 3122 1384 3203 In
1409 3144 1521 3209 utro·

72 3262 151 3350 que
166 3233 280 3338 enim,
298 3236 359 3323 vix
374 3235 496 3351 primo
510 3237 654 3351 impetu
682 3238 943 3327 Macedonum
958 3238 1121 3324 tolerato
1139 3295 1153 3340 ‚
1169 3266 1207 3321 se
1227 3231 1340 3352 litgac
1357 3239 1520 3325 manda-

18 3423 37 3438 .
74 3379 190 3456 runt,
218 3379 258 3438 et
272 3353 384 3470 impia
399 3356 645 3470 trepidatione
671 3355 820 3468 abjectis
835 3356 945 3441 armis
967 3384 1087 3472 usque
1102 3354 1152 3440 ad
1169 3354 1356 3441 victorum
1371 3355 1518 3442 lassitu-

74 3469 201 3557 dinem
217 3501 324 3558 more
341 3473 530 3589 pecudum
556 3473 862 3561 trucidabanntr:
888 3499 931 3560 ut
950 3504 1031 3559 non
1057 3473 1163 3559 abre
1186 3470 1390 3559 Alexandri
1420 3473 1519 3559 Mo·

73 3588 160 3674 lossi
184 3590 388 3676 celebretur
403 3591 600 3710 elogium,
628 3593 694 3707 qui
702 3621 932 3708 comparans
960 3593 1035 3679 hoc
1053 3589 1258 3678 Alexandri
1273 3588 1413 3676 bellum
1430 3618 1520 3677 curn

73 3706 168 3812 illo,
185 3709 292 3822 quod
318 3710 395 3823 ipse
418 3710 599 3796 Romanis
616 3711 834 3796 illaturusin
859 3711 1000 3798 ltaliam
1018 3733 1203 3817 venerat,
1227 3737 1266 3795 se
1281 3706 1445 3797 dictabat
1468 3709 1520 3799 ad

74 3824 272 3931 virorum,
298 3825 399 3912 illum
418 3828 467 3914 ad
483 3824 705 3914 feminarum
731 3829 914 3917 conclave
936 3828 1166 3946 processisse.
1627 3936 1629 3938 v

132 3946 256 4030 XVll.
314 3949 373 4030 Ex
388 3945 441 4030 his
456 3946 805 4062 gentibus‚Caesar
820 3948 1053 4035 invictissime
1071 4010 1084 4051 ,
1105 3971 1193 4034 sunt
1205 3948 1338 4064 copiae
1355 4009 1368 4054 ‚
1383 3947 1520 4065 quibus
1627 3939 1629 3944 ’

71 4059 237 4176 ingentia
266 4066 474 4148 Turcarum
498 4091 616 4152 castra
640 4065 904 4153 distenduntur
932 4126 946 4173 ,
976 4094 1152 4183 quaeque
1184 4096 1251 4152 sua
1280 4067 1521 4155 multitudine

72 4180 261 4264 nonnullis
277 4204 355 4266 tam
369 4181 606 4300 profligatam
618 4183 807 4299 ignaviam
823 4186 1082 4301 ignorantibus
1098 4182 1274 4271 terribiles
1289 4214 1366 4272 esse
1388 4186 1521 4274 viden·

74 4320 139 4380 tur
157 4357 169 4398 ‚
187 4324 273 4381 cum
298 4302 343 4385 sit
369 4330 409 4386 re
440 4329 529 4388 vera
545 4305 667 4388 omnis
684 4307 893 4388 Turcarum
920 4300 1177 4402 exercitusvel
1195 4302 1336 4416 majore
1359 4332 1521 4391 numero

71 4417 402 4525 contemnendus,
437 4445 582 4533 praeter
608 4419 738 4506 milites
755 4420 1016 4508 Praetorianos
1041 4420 1248 4505 Gertizaros
1282 4422 1519 4537 appellatos,

73 4531 114 4615 in
135 4530 271 4644 quibus
286 4543 410 4621 totum
436 4538 613 4624 exercitus
628 4540 744 4624 robur
760 4538 952 4645 consistit,
978 4568 1077 4654 quos
1092 4569 1139 4626 ex
1166 4539 1328 4626 Thracia
1351 4566 1390 4628 et
1403 4547 1525 4628 Grae·

72 4648 133 4734 cia
145 4649 360 4738 Christianis
378 4715 390 4761 ‚
415 4680 458 4741 ut
474 4655 591 4772 paulo
603 4685 692 4742 ante
713 4656 814 4762 dixi,
843 4657 1049 4744 abstractos
1066 4657 1238 4765 habent,
1269 4688 1348 4745 non
1365 4656 1526 4775 ignavos

73 4765 157 4854 illos
173 4768 362 4882 quidem,
390 4774 458 4861 sed
473 4788 635 4864 numero
649 4801 777 4865 tamen
790 4805 1025 4895 perpaucos,
1051 4806 1096 4864 ac
1112 4806 1161 4866 ne
1174 4774 1424 4867 mediocribus
1439 4775 1529 4894 qui·

137 4885 244 4974 Tom.
261 4885 332 4978 IV.
918 4970 923 4976 .
991 4900 1075 4992 Asa
1445 4896 1533 4983 dem
