4034 5858
575 382 577 390 ’
641 375 841 446 trualt
888 375 952 442 111.
995 381 1001 403 ⁶
1427 381 1492 472 ξος

73 503 280 592 Aristotelis
305 502 508 619 exemplo)
536 503 608 590 alia
626 528 755 589 tamen
782 504 1059 611 desideramus3
1080 497 1303 614 si‘feliciras,
1335 507 1407 594 hac
1440 541 1520 598 una

71 623 239 709 contenti
269 651 424 707 sumus:
449 652 531 737 quo
555 623 746 739 perspicue
776 621 990 741 intelligitur
1021 620 1171 711 felicitas
1197 623 1380 736 justitiae,
1412 629 1516 741 cujus

69 740 222 826 nomine
238 740 395 828 virtutes
416 768 548 826 omnes
572 741 835 849 continentur,
852 766 1047 856 praestare.
1069 744 1172 826 Cum
1194 742 1307 858 igitur
1330 743 1428 830 duae
1442 749 1516 833 sint

67 859 239 973 propriae
271 857 434 944 hominis
466 861 631 945 actiones
660 884 699 945 et
728 857 820 944 lines
851 858 941 945 citra
972 861 1174 965 ultimum,
1207 862 1304 946 bene
1333 862 1454 970 velle,
1475 889 1516 951 et

67 976 166 1068 bene
192 1005 333 1093 agere,
362 1000 401 1063 et
422 975 525 1060 bona
548 976 747 1064 voluntate
770 1002 991 1092 suppetente
1007 1039 1020 1083 ,
1036 977 1135 1063 actio
1160 1005 1318 1094 quoque
1334 978 1515 1066 desidere·

66 1116 155 1200 tur,
180 1118 267 1207 post
294 1094 436 1179 bonam
464 1095 651 1181 actionem
692 1122 774 1199 non
814 1097 904 1179 item
934 1096 1037 1180 bona
1067 1093 1244 1183 voluntas
1275 1097 1514 1212 requiratur,

64 1211 207 1326 quippe
234 1240 334 1326 quae
363 1213 466 1297 bona
487 1213 635 1298 actione
664 1210 909 1318 continetur,
931 1237 974 1297 ut
1001 1208 1229 1298 infelicitate
1254 1212 1391 1326 justitia
1406 1244 1421 1324 3
1439 1217 1514 1304 du-

66 1327 175 1414 bitati
198 1356 278 1414 non
303 1329 441 1433 debet,
465 1329 559 1443 quin
574 1333 680 1415 bene
706 1357 818 1447 agere
834 1390 846 1434 ,
862 1359 978 1444 quam
1003 1331 1100 1414 bene
1125 1329 1221 1416 velle
1247 1328 1443 1444 perfectior
1464 1335 1513 1421 fi-

66 1446 149 1550 nis,
173 1472 217 1528 ac
240 1447 398 1560 proinde
421 1450 666 1560 praestantior
696 1473 735 1535 et
764 1446 957 1533 honestior
985 1447 1193 1533 habeantet
1214 1475 1314 1563 quae
1336 1449 1432 1537 tatio
1458 1483 1513 1540 ea·

66 1563 157 1649 dem
183 1587 238 1648 est
266 1565 305 1649 in
334 1563 512 1678 peccatis.
1014 1670 1017 1675 ἱ
1503 1602 1507 1620 ’»

126 1681 264 1767 ΧΧΙΗ.
324 1688 409 1797 Age
435 1711 529 1769 veto
545 1742 558 1786 ,
574 1708 619 1769 ut
642 1711 722 1770 rem
749 1679 952 1767 accuratius
984 1680 1242 1796 perquiramus
1257 1682 1314 1790 ,si
1330 1681 1420 1772 linis
1447 1712 1514 1772 cua

64 1794 271 1914 jusquerei
302 1823 359 1883 est
377 1861 389 1901 ,
406 1828 488 1914 quo
520 1795 636 1885 fertur
665 1800 799 1885 eadem
828 1828 873 1884 ac
895 1799 1061 1885 intuetur
1079 1862 1091 1904 ,
1110 1829 1239 1886 nonne
1271 1800 1399 1907 actio,
1428 1799 1511 1918 quo

66 1909 91 1996 f
164 1917 173 1934 ’
196 1915 279 2002 vult
293 1915 474 2031 quisque,
493 1915 697 2002 voluntatis
718 1915 796 2028 ejus
820 1916 1009 2032 proximus
1032 1918 1100 2002 erit
1122 1915 1226 2002 linis?
1252 1916 1360 2003 Nam
1376 1949 1511 2008 verum
1525 1944 1691 2010 aarum.

66 2054 107 2116 et
143 2033 286 2138 alsum,
311 2063 410 2148 quae
440 2057 582 2145 spectat
602 2034 833 2140 intellectus,
854 2061 897 2120 ut
920 2033 1132 2150 philosophi
1155 2033 1322 2141 docent,
1348 2037 1388 2121 in
1404 2057 1511 2126 men-

65 2170 107 2233 te
128 2175 244 2252 sunt,
263 2150 410 2235 bonum
441 2175 480 2235 et
502 2151 643 2237 malum
661 2210 674 2257 ,
690 2181 790 2267 quae
816 2154 991 2238 voluntas
1024 2154 1217 2259 intuetur,
1239 2151 1279 2236 in
1304 2153 1414 2241 rebus
1438 2155 1512 2242 ha·

66 2265 202 2352 betur:
228 2265 350 2358 linem⁸
365 2297 481 2384 porro
507 2269 546 2352 in
573 2271 685 2355 rebus
710 2270 864 2386 agendis
887 2269 1096 2385 principem
1122 2275 1226 2374 esse,
1243 2298 1324 2355 non
1350 2298 1406 2359 est
1434 2274 1517 2388 phi·¹

65 2381 213 2498 losophi
238 2384 430 2471 dubitare.
456 2390 589 2503 Itaque
608 2446 622 2493 ,
638 2388 666 2472 si
680 2417 813 2474 verum
838 2388 1076 2502 quaerimus,
1094 2385 1231 2473 idcirco
1248 2387 1424 2475 voluntas
1442 2391 1511 2476 bo·

67 2527 118 2585 na
143 2527 199 2589 est
223 2527 261 2587 et
284 2502 464 2609 honesta,
481 2505 663 2618 quoniam
681 2535 777 2620 opus
801 2505 943 2617 ipsum,
960 2506 1071 2619 quod
1095 2504 1246 2591 molitur
1264 2565 1276 2609 ,
1291 2531 1347 2590 est
1362 2507 1510 2592 bonum

65 2643 108 2703 et
133 2620 359 2706 honesturn.
388 2627 480 2714 Huc
502 2623 602 2707 enirn
624 2622 748 2726 valet,
764 2622 874 2737 quod
900 2621 1050 2706 tradidit
1076 2622 1318 2726 Aristoteles,
1337 2623 1508 2709 honesta·
1524 2660 1608 2708 asara.
1625 2672 1665 2710 ω.

67 2764 154 2821 tum
179 2767 311 2826 rerum
331 2740 551 2855 cupiditates
577 2738 781 2825 laudandas
812 2767 919 2844 esse,
949 2739 1116 2853 turpium
1141 2738 1431 2855 vituperandas,
1466 2767 1511 2830 ut

67 2852 228 2942 dubium
254 2858 430 2964 nonsit,
454 2859 546 2972 quin
570 2857 736 2943 actiones
760 2855 948 2942 voluntati
979 2853 1260 2972 praeferantur.
1295 2859 1398 2943 Nam
1423 2887 1511 2972 pto·

65 2995 152 3085 pter
177 2975 284 3089 quod
308 2977 613 3097 unumquodque
637 2975 711 3061 tale
737 2998 820 3070 est,
843 2973 882 3059 id
905 2976 1022 3091 magis
1042 3003 1124 3058 essex
1141 2974 1215 3060 tale
1233 3035 1245 3079 ,
1262 2998 1342 3060 rata
1367 3001 1511 3063 senten·

66 3088 121 3175 tia
145 3115 202 3177 est
225 3091 551 3209 philosophorum.
587 3099 700 3177 [εον.
731 3089 980 3176 Voluntatem
1010 3091 1121 3207 igitur
1145 3094 1288 3177 bonam
1310 3093 1631 3200 essedicis,rm.1.
1657 3141 1662 3148 ,

66 3207 252 3321 quoniam
267 3239 392 3324 opus,
412 3211 521 3325 quod
548 3209 670 3296 editur
685 3271 697 3315 ,
714 3232 769 3293 est
784 3208 961 3293 bonum?
989 3214 1090 3293 Dsu.
1111 3215 1219 3293 Num
1240 3207 1404 3317 mitaris,
1421 3209 1448 3297 si
1465 3238 1509 3299 ut
1522 3255 1546 3302 s·
1559 3219 1659 3291 estse?
1701 3310 1707 3321 ,

50 3349 275 3428 ¹ceterarum
298 3355 450 3435 rerum,
474 3328 525 3414 sic
547 3328 660 3412 animi
681 3328 917 3412 honestatem
945 3354 991 3410 ex
1020 3325 1131 3441 ipsius
1161 3324 1237 3411 fine
1261 3326 1397 3413 metior
1415 3388 1428 3433 ,
1444 3357 1506 3414 aua
1520 3302 1703 3420 0ξὲἒέμῖῗῖ

67 3466 173 3527 ctote
202 3444 430 3561 philosopho
461 3507 473 3551 ,
506 3445 572 3561 qui
603 3476 673 3531 suo
703 3474 783 3531 rem
814 3471 1007 3561 quamque
1037 3442 1112 3529 fine
1144 3441 1293 3530 decerni
1323 3469 1478 3531 testamr
1492 3447 1505 3529 l
1518 3418 1704 3535 ilidii&

67 3563 176 3644 Laos.
196 3568 314 3649 Actus
335 3589 532 3669 externus,
548 3565 578 3649 si
593 3563 768 3649 voluntas
787 3559 883 3647 absit
898 3623 911 3668 ,
926 3588 1026 3677 quae
1052 3585 1107 3647 est
1130 3561 1317 3677 appetitus
1336 3591 1425 3647 cum
1447 3592 1506 3649 ra·

67 3675 174 3762 tione
190 3740 202 3783 ,
219 3710 287 3766 nec
302 3683 482 3768 honestus
497 3680 656 3768 habetur
674 3739 689 3787 ,
706 3709 777 3766 nec
791 3679 931 3794 turpis.
962 3683 1066 3762 Nam
1089 3677 1189 3765 idem
1213 3677 1431 3766 Aristoteles
1445 3709 1507 3769 ne·
1521 3721 1582 3782 aa
1594 3724 1669 3772 aar..

65 3819 164 3910 gat,
189 3797 302 3883 ullam
329 3829 406 3884 esse
431 3798 492 3887 vel
516 3799 656 3884 bonam
671 3860 683 3904 ,
701 3796 761 3884 vel
788 3796 926 3882 malam
948 3797 1136 3883 actionem
1164 3797 1242 3882 sine
1268 3797 1508 3935 intelligentia

65 3935 105 3996 et
130 3943 266 4022 more,
284 3916 391 4032 quod
416 3916 574 4029 pertinet
594 3915 644 4001 ad
675 3914 921 4002 electionem.
951 3921 1084 4029 Itaque
1112 3942 1182 3998 nec
1210 3917 1333 4031 turpia
1357 3941 1509 4031 vttupe·
1554 3961 1559 3972 ·
1584 3953 1586 3960 2

67 4032 186 4117 tanda
212 4061 290 4119 esse
315 4034 455 4139 tradit,
483 4062 553 4119 nec
575 4035 734 4120 honesta
756 4031 977 4135 laudanda,
1005 4031 1071 4116 nisi
1100 4026 1239 4123 fuerint
1269 4032 1508 4120 voluntarias

61 4147 200 4236 scilicet
213 4151 303 4266 quia
326 4151 412 4236 ralia
436 4154 590 4239 nomine
616 4176 751 4257 tenus,
769 4179 850 4236 non
879 4150 992 4236 etiam
1015 4177 1055 4235 re
1083 4147 1144 4237 vel
1170 4147 1293 4264 turpia
1309 4210 1322 4257 ,
1338 4148 1401 4242 vel
1430 4151 1508 4237 hos

59 4288 175 4347 nesta
199 4295 277 4353 esse
305 4269 578 4385 intelliguntur.
1496 4331 1500 4343 ι
1546 4377 1550 4379 g

127 4381 273 4466 XXIV.
334 4392 436 4471 Dant
464 4394 553 4504 Ego
570 4448 582 4492 ,
598 4384 794 4500 Leopolde
811 4446 823 4490 ,
839 4414 926 4471 cum
942 4380 1136 4470 hominem
1158 4382 1328 4498 appello,
1344 4412 1425 4472 non
1440 4410 1510 4474 sta·

56 4518 174 4581 >tuam
192 4499 278 4584 dico
303 4532 550 4598 marmoream
565 4565 577 4609 ,
594 4528 662 4590 aut
677 4503 863 4608 cadaver,
879 4503 944 4587 sed
959 4530 1097 4617 corpus
1123 4501 1247 4587 anima
1262 4502 1507 4702 rationisfpat·

65 4612 177 4729 ticipe
209 4613 415 4705 formatum
433 4653 445 4707 ι
462 4622 511 4709 sic
534 4650 622 4706 cum
649 4646 776 4707 actum
805 4644 999 4705 externum
1030 4647 1119 4703 curn
1142 4619 1315 4705 interiore
1336 4649 1509 4728 coneto,

63 4734 324 4824 voluntarium
351 4740 478 4826 act'um
500 4738 653 4854 intelligi
670 4737 792 4842 volo,
814 4765 894 4822 non
922 4739 961 4823 vi
990 4766 1202 4852 expressum
1221 4760 1316 4841 ,aut
1341 4737 1516 4853 ignotam
1632 4795 1636 4799 -

65 4845 121 4935 tia
134 4876 326 4964 naturave
340 4856 506 4971 editum,
521 4886 603 4975 quo
627 4857 676 4943 in.
692 4882 830 4974 genere
852 4848 981 4940 fateor·
998 4883 1069 4945 nec
1088 4852 1357 4971 turpitudinem
1381 4855 1513 4961 inesse,

115 4970 220 5056 Tum.
238 4972 320 5062 W.
527 5084 529 5087 ι
911 4975 984 5090 Qq
1443 4998 1516 5059 nec
