4192 5880
480 411 617 484 ABG·
653 410 1061 484 ALBORNOTII
1096 407 1201 482 LIB·
1236 408 1266 480 1.
1530 428 1573 478 21

157 541 370 662 promovit.
410 544 465 628 At
491 569 538 626 ex
560 540 691 626 itinere
716 564 804 623 cum
832 537 979 625 Urbem
994 562 1161 627 veterem
1184 545 1409 658 oppugnare
1424 597 1438 647 ,
1453 535 1482 624 si
1510 532 1611 626 forte

131 658 133 661 ’
159 663 367 765 resisteret,
389 660 581 768 moliretur
600 658 750 776 ,portis
778 654 996 772 patefactis,
1021 687 1156 744 omnes
1180 657 1359 774 oppidani
1391 657 1547 747 obviarn
1577 656 1613 744 ei

156 780 395 896 procedunt,
412 779 636 894 Urbemque
669 775 846 863 tradunt.
879 782 1115 892 Ingressum,
1132 805 1221 862 cum
1243 778 1427 894 oppidum
1446 806 1615 866 vacuum

158 897 431 986 habitatoribus
451 896 667 1012 reperisset,
684 921 823 1012 magna
846 895 923 1009 ejus
937 895 1095 983 civitatis
1124 896 1308 981 miseratio
1324 896 1508 982 incessisse
1536 891 1612 981 fer·

156 1030 239 1106 t'ur.
272 1023 377 1102 Nam
393 1047 439 1103 ex
455 1042 656 1102 numerosa
672 1013 935 1121 multitudine,
952 1044 1030 1131 qua
1057 1014 1243 1131 oppidum
1258 1014 1349 1101 illud
1357 1072 1364 1093 f
1372 1044 1452 1100 non
1469 1015 1613 1130 pridem

158 1137 406 1242 abundabat,
422 1135 486 1225 vix
506 1133 662 1220 trecenti
678 1132 880 1238 homines,
897 1135 964 1249 qui
995 1163 1100 1219 arma
1116 1131 1211 1219 ferre
1240 1159 1415 1249 possent,
1434 1161 1616 1219 numera-

159 1257 321 1343 bantur.
354 1252 535 1340 Postridie
549 1281 590 1337 re
610 1249 737 1340 divina
752 1251 821 1340 rite
841 1278 1080 1368 perpetrata,
1097 1282 1184 1337 cum
1205 1254 1380 1339 omnibus
1407 1250 1615 1339 benedixis->

158 1399 242 1481 set,
262 1402 392 1491 pacem
416 1395 636 1489 perpetuam
664 1370 759 1457 inter
787 1367 973 1456 Muffatos
997 1397 1035 1458 et
1064 1371 1297 1457 Marcolinos
1314 1433 1326 1478 ,
1343 1368 1614 1473 fictiones-,ut

155 1493 315 1580 diximus
342 1553 354 1598 ,
370 1490 594 1598 contrarias,
611 1484 697 1576 fecit
713 1521 723 1574 :
740 1488 920 1605 iubetque
934 1520 1068 1584 omnes
1085 1488 1206 1596 cives,
1225 1490 1292 1604 qui
1308 1521 1331 1573 a
1350 1490 1499 1603 Joanne
1515 1488 1615 1575 Vico

157 1610 262 1724 ejecti
302 1606 486 1717 fucrant,
516 1638 613 1696 suae
638 1608 778 1696 civitati
814 1608 975 1695 restitui.
1024 1607 1362 1697 Urbevetanorum
1401 1605 1614 1723 exemplum

155 1727 360 1815 Tusculani
386 1728 502 1814 secuti
517 1791 530 1834 ,
545 1757 637 1813 mox
658 1726 845 1844 legatione
856 1728 963 1812 missa
976 1787 990 1833 ,
1005 1755 1044 1812 se
1059 1727 1222 1844 Aegidio
1239 1727 1487 1814 dediderunt.

215 1849 394 1934 XXXIII.
455 1848 622 1960 Joannes
638 1846 832 1932 Alerianus
849 1844 1021 1932 Ameriae
1052 1870 1134 1931 tum
1156 1845 1338 1962 temporis·
1365 1869 1549 1960 tyrannus
1575 1875 1609 1932 e·
1627 1870 1810 1942 ramanus

1630 1939 1744 1989 Ameriae
1770 1952 1808 1999 ty·

155 1991 214 2053 rat
231 2029 244 2074 ,
260 1967 352 2082 qui,
370 1946 463 2053 licei
470 1963 668 2050 amicitiam
696 1993 783 2050 cum
801 1964 952 2077 Joanne
965 1964 1063 2048 Vico
1075 1962 1330 2051 confirmasset
1350 1995 1461 2070 ,non
1485 1991 1615 2052 tamen
1629 2009 1729 2050 rannus.

157 2086 206 2170 ab
222 2084 386 2201 Aegidio
411 2083 536 2199 palam
577 2082 742 2170 audebat
755 2082 973 2169 desciscere.
1008 2081 1111 2167 Huic
1138 2082 1250 2200 igitur
1269 2084 1446 2201 Aegidius
1476 2084 1614 2199 paulis-

156 2233 223 2318 per
251 2204 289 2287 in
324 2204 429 2287 Urbe
457 2201 577 2290 vereri
602 2204 858 2288 commoratus
897 2200 1162 2289 denuntiatum
1190 2203 1331 2307 mittit,
1358 2202 1471 2289 adse
1496 2232 1615 2320 quarn

155 2322 318 2436 primum
334 2320 460 2408 venire
490 2344 735 2437 properaret:
755 2320 1035 2436 habere,quae
1067 2348 1155 2406 cum
1181 2350 1230 2406 eo
1265 2320 1315 2406 de
1343 2350 1388 2406 re
1415 2323 1610 2408 communi

157 2440 324 2557 colloqui
339 2439 451 2529 vellet
467 2471 476 2523 :
494 2441 561 2555 qui
575 2439 612 2525 rsi
631 2439 808 2525 renuisset
825 2499 840 2545 ,
857 2439 924 2525 sibi
952 2438 1090 2526 eodem
1106 2437 1192 2522 loco
1209 2500 1221 2545 ,
1237 2469 1318 2554 quo
1334 2440 1523 2551 Joannem
1541 2441 1614 2525 Vi-

156 2586 245 2644 cum
263 2555 475 2663 ,futurum
509 2558 575 2642 llle
590 2587 711 2660 vero,
731 2586 817 2642 cum
834 2587 873 2643 se
891 2556 1124 2643 humiliorem
1141 2556 1274 2662 sciret,
1292 2586 1408 2672 quam
1434 2584 1478 2645 ut
1494 2558 1614 2677 Aegi-

158 2677 225 2764 dio
250 2676 410 2763 resistere
442 2699 567 2791 posset
586 2736 597 2779 ,
616 2701 654 2760 et
669 2675 827 2788 Joannis
840 2676 925 2761 Vici
940 2705 1031 2790 opes
1055 2670 1208 2760 afflictas
1237 2675 1384 2762 videret
1397 2736 1414 2781 ,.
1428 2677 1530 2762 dicto
1545 2708 1612 2763 au-

161 2795 270 2881 diens
283 2796 426 2880 Urbem
444 2819 610 2881 veterem
634 2794 830 2908 pervenit,
846 2792 965 2907 muita
992 2793 1219 2898 meditatus,
1234 2793 1370 2910 quibus
1387 2793 1480 2881 dum
1498 2797 1611 2913 Aegi·

162 2914 226 2999 dio
254 2910 389 2999 frmtra
404 2914 626 3031 persuadere
658 2937 842 3016 conatur,
867 2937 910 2998 ur
937 2941 977 2997 se
1009 2911 1177 2999 ministro
1207 2913 1257 3007 in,
1270 2911 1415 3027 populo
1432 2915 1619 3010 Amerino-

161 3033 414 3149 gubernando
440 3057 635 3134 uteretur,
650 3030 819 3143 ‚Joannes
836 3031 1040 3135 ,tubertus
1064 3055 1104 3116 et
1130 3033 1297 3148 Magnus
1314 3028 1524 3123 Praefectus
1556 3033 1620 3125 le·-

157 3151 237 3266 gati
266 3151 360 3236 elam
377 3151 473 3236 missi
488 3147 677 3238 Ameriam
695 3149 918 3262 perveniunt
934 3212 945 3255 ,
964 3150 1034 3263 qui
1057 3148 1247 3264 populum·
1262 3151 1442 3238 omnibus-
1461 3152 1616 3239 rationi-

160 3268 231 3354 bus
260 3269 401 3357 hortati
418 3332 429 3375 ,
447 3293 490 3354 ut
513 3297 551 3354 se
566 3265 754 3352 Pontificis
781 3266 937 3381 imperio
964 3267 1191 3370 redderent,
1210 3268 1469 3361 adduxerunt.
1500 3276 1621 3358 Tunc
1671 3310 1672 3314 ¹

159 3387 362 3504 Aegidius,
385 3415 523 3504 magna
537 3383 729 3499 proposita
755 3413 904 3498 poena,
923 3384 1106 3480 interdicit
1118 3384 1261 3497 Joanni
1273 3387 1474 3495 Aleriano,
1492 3388 1614 3504 impe4

161 3529 293 3639 ratque
311 3568 324 3613 ,
341 3536 391 3593 ne
414 3504 511 3611 mille
526 3502 686 3593 omnino
699 3503 866 3622 passibus·
877 3505 1032 3621 propius
1048 3503 1238 3591 Ameriam
1266 3504 1314 3592 de
1329 3534 1456 3594 cetero
1476 3534 1612 3623 appro-

164 3651 384 3739 pinquaret.
721 3640 777 3715 ’,·
1257 3694 1263 3698 a
1329 3690 1336 3694 -

220 3744 403 3831 XXXIV.
465 3751 611 3833 Interea
637 3747 847 3837 societasin
873 3780 966 3868 agro
982 3748 1344 3867 Tudertinouagari
1370 3749 1423 3834 ab
1448 3744 1614 3862 explora·

158 3861 302 3948 toribus
317 3865 561 3951 renuntiatur.
583 3869 713 3961 Quam
729 3898 809 3954 rem
824 3898 934 3987 aegre
952 3868 1071 3955 ferens
1088 3868 1267 3988 Aegidius
1283 3868 1425 3984 legatos
1445 3866 1496 3952 ad
1512 3868 1611 3981 ptin-

156 3977 254 4093 cipes
282 3981 360 4094 ejus
377 3983 488 4070 mittit
506 4017 516 4069 :
534 3987 702 4089 „Quod
726 3986 867 4073 ineum
897 3987 1023 4072 locum
1050 3989 1176 4102 copias
1209 4016 1297 4071 cum
1329 4012 1473 4101 rmgna
1497 3983 1614 4068 eccle·

155 4154 187 4202 ‚,
197 4097 270 4183 siae
299 4100 477 4187 clientum
494 4101 635 4216 jactura
668 4105 905 4191 deduxissent
918 4166 937 4210 ,2
947 4101 1071 4223 inique
1096 4134 1162 4191 eos
1177 4133 1312 4221 agere.
1342 4107 1434 4198 Qua
1447 4101 1485 4186 id
1501 4096 1614 4186 ratio·¹

155 4272 185 4320 „v
202 4244 251 4301 ne
272 4212 439 4306 fecissent
456 4281 468 4326 ,
484 4223 606 4307 mirati
626 4252 723 4313 sese.
753 4229 948 4312 Postremo
961 4254 1094 4343 rogare
1108 4285 1120 4330 ,
1136 4251 1273 4340 agmen
1301 4221 1388 4309 inde
1414 4222 1491 4306 sine
1519 4218 1607 4306 civi·
1716 4243 1718 4245 ’

156 4391 185 4437 „
201 4357 323 4420 tatum
347 4338 496 4426 ditionis
511 4340 774 4428 ecclesiasticae
805 4342 935 4456 injuria
966 4346 1233 4430 submoverent
1242 4347 1293 4423 .,,“
1328 4341 1392 4427 Ad
1411 4340 1502 4425 haec
1515 4342 1613 4423 Ger·

158 4451 265 4533 mani
287 4483 428 4565 pauca,
445 4459 510 4545 sed
536 4458 737 4547 insolenter
762 4460 1039 4577 responderunt
1055 4492 1071 4546 ιλ
1092 4459 1285 4566 „Nemini
1303 4488 1391 4544 suae
1419 4458 1519 4545 vitae
1550 4485 1608 4540 ra,-

157 4568 342 4672 „tionem
366 4575 403 4656 in
426 4576 533 4661 ltalia
555 4577 726 4693 ignotam
764 4608 841 4667 esse
868 4580 1032 4686 debere,
1057 4580 1192 4695 quibus
1220 4607 1308 4663 cum
1336 4601 1458 4662 cetera
1487 4573 1609 4660 desint

155 4744 181 4788 „
203 4689 398 4806 vectigalia
415 4753 428 4797 ,
444 4695 583 4807 praeda
611 4725 659 4780 ac
685 4696 794 4786 rebus
822 4698 923 4785 bello
938 4700 1048 4812 partis
1062 4698 1180 4787 vitam
1204 4697 1341 4782 ducere
1373 4723 1520 4780 necesse
1549 4722 1611 4780 es·
1662 4794 1663 4809 Ν

155 4856 183 4908 ,·,
198 4797 272 4890 fer.
301 4810 443 4895 Multas
475 4810 640 4899 civitates
666 4844 797 4929 pacem
827 4845 872 4902 ac
906 4834 1069 4904 suorum
1104 4845 1281 4934 agrorum
1314 4813 1608 4901 incolumitatem
1685 4868 1806 4918 om,

154 4980 183 5028 ,Α
194 4954 335 5046 magna
362 4932 400 5019 vi
422 4930 666 5054 pecuniarum
683 4963 759 5027 asc
778 4937 977 5025 redemisse
989 5001 1004 5024 ,Δ
1034 4936 1223 5060 Proinde,
1241 4935 1270 5023 si
1291 4933 1404 5025 vellet
1428 4932 1610 5048 Aegidius,
1624 4936 1805 5037 {ffffigss‘m

1530 5110 1557 5160 „
1571 5078 1610 5136 se
