4034 5858
517 359 584 456 376
1024 358 1423 432 PRAEFATIO.

486 486 557 574 fuit
576 486 685 575 vobis
701 509 740 573 et
755 485 971 573 dissentiens
1000 486 1221 596 altercatio,
1258 488 1426 576 dumille
1443 490 1602 578 caritatis
1630 488 1710 604 jura
1738 517 1860 610 atque
1876 492 1943 582 hu·

487 607 672 711 munitatis
689 632 867 723 urgeret,
883 632 927 692 tu
945 605 1163 724 religionem
1180 638 1391 722 opponeres
1409 634 1447 696 et
1465 638 1741 698 sacramentum
1765 616 1942 702 veritatis

487 732 580 837 Qua
597 728 644 812 de
657 755 697 811 re
712 755 800 810 cum
817 756 949 841 parurn
961 727 1071 814 vobis
1096 727 1332 815 convenisset
1351 790 1364 833 ,
1387 754 1427 815 et
1440 732 1737 817 controversiam
1774 732 1855 846 ipse
1874 764 1944 820 cu·

487 876 594 966 peres
610 845 812 931 accuratius
834 874 1025 945 excussam
1040 870 1141 932 certa
1160 846 1304 933 rarione
1324 846 1467 933 definiri
1491 911 1503 954 ,
1529 879 1615 953 me,
1641 853 1709 965 qui
1735 876 1829 935 tunc
1854 857 1941 938 Ro·

489 997 574 1053 mae
591 967 748 1082 agebam
767 1025 779 1070 ,
797 989 882 1078 post
899 993 1038 1079 paucos
1057 965 1162 1068 dies,
1189 965 1282 1080 quid
1308 991 1401 1052 esset
1427 967 1500 1052 mei
1523 966 1672 1076 judicii,
1700 970 1865 1085 rogasti,
1892 1000 1941 1057 ac

489 1087 556 1172 tibi
574 1115 619 1170 ex
634 1083 746 1168 animi
763 1083 945 1169 sententia
970 1080 1238 1200 suffragantem
1266 1083 1470 1170 rationibus
1502 1085 1697 1172 adversarii
1717 1087 1937 1196 doctissimi,

489 1198 557 1322 qui
573 1200 671 1289 forte
688 1202 816 1288 aderat
835 1203 1083 1316 ,respondere
1111 1201 1249 1314 iussisti.
1280 1204 1451 1300 Instituta
1468 1203 1578 1320 igitur
1597 1205 1753 1290 hortatu
1783 1231 1878 1310 tuo,
1901 1206 1937 1292 in

490 1327 725 1442 longumque
743 1347 928 1436 protracta
958 1321 1245 1437 disputatione,
1277 1320 1371 1406 dum
1403 1347 1563 1437 uterque
1587 1353 1692 1407 suam
1722 1325 1942 1411 sententiam

490 1444 684 1562 diligenter
700 1465 896 1547 tueretur,
928 1439 1018 1525 nihil
1032 1465 1159 1525 tamen
1177 1439 1265 1525 certi
1283 1438 1479 1526 definitum
1498 1466 1552 1526 est
1570 1466 1678 1545 ,tum
1704 1468 1861 1557 propter
1878 1473 1943 1527 va·

490 1564 563 1648 rios
578 1588 617 1647 et
630 1555 805 1644 difficiles
838 1558 1065 1673 quaestionis
1098 1557 1328 1672 explicatus,
1357 1582 1440 1643 tum
1457 1559 1549 1674 quia
1564 1557 1608 1644 fit
1632 1561 1860 1676 nescioquo
1878 1591 1944 1677 pa·

489 1707 584 1786 cto,
605 1706 780 1794 utquam
796 1677 956 1793 quisque
973 1677 1197 1763 sententiam
1219 1700 1375 1793 rogatus
1390 1676 1538 1782 dixerit,
1554 1677 1666 1782 hanc,
1683 1677 1770 1763 licet
1789 1680 1943 1765 incom-

490 1829 604 1885 mune
620 1797 878 1899 consultetur,
902 1824 981 1879 non
998 1797 1118 1881 modo
1137 1793 1225 1881 velit
1240 1822 1318 1879 esse
1342 1794 1560 1908 potiorem,
1584 1797 1650 1882 sed
1676 1795 1941 1883 interdumet·

488 1919 564 2004 iam
582 1915 703 2001 minus
719 1913 969 2029 probabilibus
988 1913 1224 2016 rationibus,
1250 1939 1366 2027 quarn
1390 1913 1527 2028 quibus
1556 1913 1623 1997 niti
1654 1913 1784 2000 videat
1812 1914 1945 2000 dissen-

489 2039 674 2140 tientem,
697 2034 762 2120 sibi
786 2028 1064 2149 propemodum
1085 2032 1340 2147 persuadeat,
1366 2058 1436 2116 nec
1460 2057 1605 2147 praeter
1637 2027 1806 2116 officium
1824 2057 1944 2147 putet,

487 2153 753 2261 omnes'animi
779 2153 993 2269 ingeniique
1022 2152 1117 2242 vires
1141 2151 1180 2235 in
1209 2145 1465 2234 defensionem
1488 2148 1565 2262 ejus
1589 2149 1793 2234 intendere.
1826 2156 1884 2235 lta
1901 2149 1946 2237 fit

488 2305 627 2391 saepe,
653 2297 697 2357 ut
712 2271 991 2388 ingeniosorum
1009 2271 1208 2357 hominum
1224 2267 1534 2356 contentionibus
1551 2267 1716 2359 veritatis
1738 2266 1864 2354 lumen
1879 2266 1947 2356 of-

488 2394 577 2480 fusis
606 2391 766 2478 tenebris
793 2391 995 2477 delitescat.

577 2510 650 2597 Sed
667 2540 753 2595 eam
769 2510 1032 2625 quaestionem
1050 2510 1141 2595 mihi
1157 2534 1287 2626 postea
1313 2507 1517 2615 recolenti,
1540 2533 1580 2595 et
1618 2508 1815 2625 utriusque
1837 2507 1945 2622 patris

489 2655 685 2718 momenta
701 2629 891 2730 rationum
909 2629 1115 2715 accuratius
1133 2629 1407 2744 perpendenti,
1433 2658 1490 2714 res
1506 2627 1584 2716 visa
1610 2653 1666 2713 est
1685 2627 1724 2711 in
1752 2627 1878 2742 primis
1898 2625 1945 2710 di·

489 2781 593 2867 gna,
620 2778 719 2863 quae
736 2778 816 2833 non
836 2778 933 2836 voce
952 2771 1129 2852 tanturn,
1158 2747 1223 2832 sed
1248 2745 1385 2859 scripto
1401 2748 1516 2831 etiarn
1536 2745 1607 2853 ribi
1633 2774 1677 2830 ac
1706 2745 1838 2831 ceteris
1864 2773 1946 2858 ptu-

471 2868 664 2954 ‘dentibus
680 2893 718 2950 et
746 2867 812 2980 piis
838 2866 1054 2954 hominibus
1085 2865 1339 2978 explicaretur.
1371 2869 1456 2949 Nec
1492 2863 1592 2949 enim
1625 2894 1761 2979 patum
1792 2862 1945 2977 pertinet

490 2987 540 3072 ad
559 2985 829 3070 moderandam
854 2985 1099 3102 religionem,
1126 3008 1164 3066 et
1187 3010 1295 3097 saepe
1321 3006 1475 3096 potest,
1501 2983 1569 3067 nisi
1596 2977 1707 3067 fuerit
1739 2979 1945 3095 dijudicata,

489 3105 681 3188 bonorum
698 3130 742 3185 ac
759 3101 1015 3218 religiosorum
1041 3101 1186 3186 animos
1213 3099 1361 3214 ancipiti
1391 3099 1545 3185 consilio
1578 3098 1780 3185 distractos
1803 3125 1946 3213 pertur-

492 3223 594 3307 bare.
627 3227 757 3337 ltaque
772 3219 964 3338 dialogum
989 3248 1094 3305 more
1110 3244 1282 3309 veterum
1309 3217 1608 3334 theologorum,
1641 3244 1680 3304 et
1707 3246 1878 3333 quorum
1891 3239 1941 3300 est

491 3320 630 3456 htagna
645 3340 683 3424 in
700 3339 823 3454 primis
838 3337 1063 3443 auctoritas,
1091 3333 1236 3423 confeci
1255 3336 1416 3422 duarum
1436 3335 1607 3422 fictarum
1637 3364 1660 3419 a
1694 3365 1759 3421 me
1776 3359 1946 3449 persona·

408 3500 410 3503 ·
490 3488 606 3563 tum,
634 3487 796 3574 quarum
827 3464 997 3544 Prinna-us
1026 3457 1395 3561 contradicentium,
1422 3462 1651 3540 Tutonmtus
1670 3479 1840 3540 nostram
1868 3482 1947 3537 sen·

490 3577 674 3681 tentiam,
705 3602 743 3662 et
760 3578 941 3664 sentiendi
957 3577 1342 3691 rationesexplicabit·
1377 3576 1511 3670 Quem
1529 3575 1667 3660 librum
1684 3574 1736 3659 ad
1766 3598 1805 3658 te
1830 3570 1947 3675 mino,

492 3695 568 3781 hoc
584 3695 761 3810 equidem
776 3695 946 3782 libentius
966 3755 979 3799 ,
997 3695 1180 3809 quoniam
1197 3693 1325 3799 video,
1342 3722 1458 3808 quam
1479 3717 1522 3777 tu
1543 3691 1767 3778 sententiam
1792 3720 1865 3804 pro
1881 3689 1947 3773 sin·

410 3834 422 3851 ‘
492 3814 613 3930 gulari
627 3812 827 3927 prudentia
851 3840 917 3900 tua
936 3813 1153 3929 probabas,
1180 3811 1446 3930 ingenioseque
1470 3808 1660 3912 tuebaris,
1687 3809 1790 3894 hanc
1819 3807 1946 3896 veteri·

493 3931 565 4018 bus
580 3957 620 4018 et
637 3930 813 4046 primariis
834 3930 1019 4047 theologis
1036 3929 1232 4044 placuisse.
1265 3936 1327 4015 De
1342 3959 1423 4045 quo
1452 3927 1605 4014 edendo
1629 3927 1758 4013 libello
1785 3957 1866 4040 quo
1881 3925 1947 4007 mi·

493 4078 566 4136 nus
579 4049 803 4154 dubitarem,
821 4079 866 4135 ea
883 4080 939 4136 res
957 4047 1076 4134 effecit
1089 4106 1104 4151 ‚
1117 4047 1325 4163 quodcum
1343 4048 1379 4133 in
1403 4046 1624 4163 Hispaniam
1640 4069 1728 4160 post
1751 4044 1945 4129 continen-

493 4193 574 4253 tem
602 4168 732 4285 viginti
764 4168 931 4255 duorum
968 4195 1157 4251 annorum
1186 4165 1349 4251 Italicam
1384 4163 1722 4283 peregrinationem
1765 4161 1945 4248 Catulum

496 4289 695 4371 Caesarem
712 4283 864 4402 ejusque
881 4287 1120 4373 voluntatem
1136 4311 1281 4370 secutus
1304 4280 1647 4388 rediissem,olfendi
1666 4306 1817 4396 praeter
1835 4310 1946 4398 spem,

496 4402 597 4488 illam
615 4428 784 4488 veterum
801 4433 845 4488 ac
873 4433 1106 4496 summotum
1125 4403 1393 4519 theologorum
1421 4429 1605 4488 consensu
1633 4401 1859 4485 damnatam
1875 4399 1946 4515 opi·

491 4521 678 4627 nionem,
706 4521 958 4633 quorumdam
980 4520 1279 4608 doctissimorum
1302 4520 1467 4635 alioquin
1484 4546 1523 4607 et
1540 4524 1679 4633 primae
1694 4518 1818 4604 classis
1846 4519 1946 4604 theo

488 4640 677 4758 rogorum
693 4637 837 4752 publice
855 4640 1069 4726 docentium
1095 4640 1227 4725 animis
1248 4640 1394 4755 penitus
1410 4638 1666 4724 inhaerentem
1683 4697 1694 4741 ,
1720 4663 1760 4724 et
1777 4633 1859 4724 fere
1875 4661 1948 4723 stu·

496 4759 690 4845 diosorum
706 4757 857 4844 auribus
874 4784 912 4844 et
932 4758 1115 4842 mentibus
1139 4758 1383 4845 inculcatam:
1412 4785 1456 4844 ut
1484 4758 1512 4842 si
1539 4755 1673 4842 veritas
1691 4755 1731 4839 in
1761 4754 1839 4840 hac
1863 4785 1949 4842 con·

495 4877 674 4970 troversia
690 4901 819 4987 tecte,
843 4876 1171 4996 quemadmodum
1194 4906 1304 4996 spero
1335 4938 1348 4986 ,
1378 4874 1489 4966 fuerit
1520 4900 1649 4964 nostra
1672 4871 1736 4965 vel
1768 4873 1954 5083 industriea¹

795 5050 798 5057 ,
1892 5030 1918 5085 v
