4006 5850
660 362 862 439 LIBER
903 364 951 433 Il·
1442 387 1511 457 495

155 504 256 590 VIII.
311 493 365 587 'At
380 519 437 584 est
453 557 467 600 ,
485 492 661 610 inquiunt
676 550 691 599 ,
706 519 831 579 retum
848 484 1130 577 efficiendarum
1159 489 1281 605 aliqua
1297 492 1407 575 causa
1428 521 1544 606 ,pro-

98 646 180 734 pter
197 646 312 735 quarn
329 615 495 703 mundus
510 642 608 702 unus
623 636 707 716 est,
734 634 849 724 arque
866 608 1141 722 sempiternus,
1167 632 1205 693 et
1237 638 1381 723 semper
1408 611 1544 696 eodem

96 737 216 827 modo
231 734 478 852 gubernatur.
512 736 581 818 Est
595 728 779 835 omuino,
800 751 841 812 et
856 725 955 813 hanc
972 754 1182 842 quaerere,
1216 751 1254 810 et
1282 756 1471 839 quaenam
1501 729 1547 814 sit

94 878 272 961 statuere,
287 849 500 967 philosophi
516 848 578 937 vel
591 850 631 938 in
646 846 771 965 primis
795 869 918 960 partes
934 839 1038 950 sunt,
1064 873 1144 930 nou
1162 868 1289 930 tamen
1307 843 1357 930 sic
1380 872 1436 931 est
1451 846 1546 932 acci·

95 971 264 1086 pienda,
295 993 339 1057 ut
369 966 590 1056 recentiusa
621 965 767 1053 seniore
798 989 999 1080 generetur
1026 990 1132 1048 more
1149 962 1381 1049 nascentium
1406 965 1547 1050 anima-
1669 1065 1673 1073 ,

93 1090 199 1175 hum.
232 1086 347 1176 Adde
361 1089 470 1203 quod
497 1113 577 1171 non
607 1082 728 1202 quivis
748 1080 891 1170 ordinis
906 1107 1075 1166 excessus
1094 1078 1242 1194 dissipat
1260 1081 1434 1168 ordinem
1464 1083 1577 1168 uni-2

93 1238 274 1313 versum,
291 1232 361 1292 nec
376 1234 433 1292 res
450 1203 640 1292 ordinatas
657 1197 871 1287 labefactat.
901 1198 974 1283 Sed
992 1197 1322 1312 quemadmodum
1339 1229 1419 1285 non
1435 1231 1548 1316 quae·

93 1352 258 1439 cumque
275 1321 446 1438 principis
461 1316 860 1437 imperiitransgressio
876 1344 1039 1433 regnum
1063 1312 1208 1432 affligit,
1222 1341 1414 1406 statumve
1435 1319 1547 1433 ipsius
1601 1362 1603 1367 ·

94 1443 258 1547 evertit,
278 1441 331 1527 ita
345 1441 373 1526 si
389 1439 483 1557 quid
499 1439 574 1527 tale
599 1439 637 1524 in
659 1437 742 1551 ipso
760 1434 908 1521 mundo
935 1434 1229 1540 committatur,
1254 1460 1393 1551 perstat
1415 1462 1546 1524 tamen

94 1558 256 1649 universi
271 1554 447 1664 felicitas,
464 1585 588 1674 neque
604 1554 742 1642 idcirco
758 1552 929 1639 machina
954 1551 1033 1663 ejus
1049 1552 1274 1640 dissolvitur.
1304 1559 1409 1638 Nam
1436 1556 1465 1640 si
1489 1585 1546 1645 res

2 1718 7 1727 ·
93 1678 250 1764 haberet
266 1734 280 1780 ‚
295 1675 625 1790 quemadmodum
642 1672 699 1759 isti
721 1671 946 1758 arbitrantur
967 1699 976 1755 :
1000 1669 1095 1784 quid
1123 1696 1216 1756 esset
1246 1671 1464 1758 mortalium
1492 1675 1546 1762 vi·

93 1820 163 1899 ta,
192 1793 258 1883 n'si
274 1793 385 1879 ludus
402 1792 559 1908 quidam
573 1815 729 1878 naturae
744 1789 975 1924 tragicorum
994 1813 1061 1873 aut
1083 1788 1315 1874 comicorum
1343 1787 1475 1876 fabulis
1499 1793 1546 1878 si·

94 1911 294 2014 millimus‚
324 1939 501 2026 personas
529 1908 679 2027 singulis
715 1907 959 2009 hominibus,
990 1935 1085 2022 quas
1102 1933 1291 1993 nascentes
1309 1907 1545 2017 induissent,
1576 1996 1584 2010 ,

94 2028 144 2116 sic
158 2027 356 2146 agentibus
370 2027 422 2114 ad
437 2053 592 2115 naturae
609 2025 874 2142 praescriptum
890 2024 929 2109 in
949 2019 1056 2128 vita,
1082 2049 1128 2111 ut
1150 2024 1343 2111 histriones
1370 2026 1409 2109 in
1433 2055 1544 2115 scena

95 2147 216 2235 solent
230 2147 281 2233 ad
297 2145 437 2235 dictata
453 2153 653 2261 poetarum
672 2153 685 2228 ἓ
700 2149 753 2230 Et
768 2139 942 2258 prolecto
956 2171 1038 2227 non
1054 2140 1162 2227 aliam
1180 2172 1329 2228 causam
1345 2139 1456 2231 fuisse
1472 2177 1542 2260 pu·
1557 2217 1625 2281 ona
1641 2221 1737 2275 „m

94 2289 166 2370 to,
197 2291 265 2352 cut
280 2292 427 2377 semper
453 2265 517 2352 vel
540 2261 779 2349 Democritus
803 2260 1116 2364 cachinnaretur,
1134 2261 1197 2348 vel
1222 2261 1436 2349 Heraclitus
1460 2265 1543 2379 plo·
1557 2280 1639 2329 “¹⁸¹³
1658 2289 1736 2334 sture

1556 2340 1663 2392 rideret.
1685 2346 1736 2392 He-

95 2404 195 2468 taret
212 2443 225 2485 ‚
254 2381 321 2465 nisi
337 2379 426 2495 quia
441 2407 530 2466 cum
545 2404 705 2494 uterque
722 2404 930 2465 versaretur
946 2436 959 2481 ‚
977 2400 1020 2462 ut
1037 2375 1218 2482 dixirim,
1241 2379 1281 2464 in
1313 2378 1387 2466 hoc
1404 2411 1542 2490 errore,
1556 2399 1663 2510 pppis
1678 2407 1734 2465 no·

97 2499 214 2585 vitam
241 2521 408 2585 nostram
426 2496 559 2585 ludum
581 2526 659 2585 esse
684 2495 898 2610 putabant,
916 2493 1026 2611 quod
1054 2492 1158 2579 alteri
1183 2494 1404 2604 ridiculum,
1438 2499 1545 2588 alteri
1624 2493 1633 2511 ’

97 2615 298 2708 videbatur
311 2614 591 2703 miserandum:
618 2644 706 2701 cum
720 2640 813 2700 esset
828 2613 947 2730 magis
962 2611 1114 2698 stultitia
1137 2612 1304 2728 ipsorum
1320 2614 1477 2704 ridenda
1504 2645 1544 2706 et

97 2733 337 2839 miserabilis,
364 2733 431 2848 qui
447 2732 832 2849 putarenthomiuem
848 2755 928 2818 tam
953 2726 1160 2844 perfectum
1190 2731 1354 2838 animal,
1379 2759 1418 2823 et
1447 2735 1542 2824 divi*

97 2851 221 2939 nitatis
242 2850 423 2968 particeps
440 2853 519 2958 ,ad
536 2851 735 2941 ludibrium
753 2875 792 2938 et
809 2846 936 2963 jocum
952 2854 1039 2934 Deo
1056 2874 1289 2968 naturaeque
1316 2847 1424 2939 brisse
1453 2884 1542 2970 pro

98 2994 283 3056 creatum.
994 3042 999 3053 .

158 3089 228 3174 lX·
290 3083 412 3191 Quod
444 3100 538 3175 veto
560 3084 667 3197 aiunt
689 3088 739 3174 de
753 3085 969 3174 caelestibus
984 3084 1203 3200 corporibus
1219 3146 1231 3190 ,
1248 3083 1415 3200 ipsorum
1431 3091 1541 3179 virtu-

100 3228 213 3291 teres
228 3203 374 3292 nativas
388 3229 505 3321 atque
519 3205 694 3294 mortales
710 3204 935 3321 gubernari,
959 3202 996 3289 id
1014 3203 1052 3287 in
1068 3229 1218 3289 nostrae
1232 3207 1437 3291 sententiae
1452 3234 1541 3295 con·

99 3319 311 3408 firmatione
328 3322 440 3428 satis,
464 3352 582 3438 quam
607 3324 685 3412 vim
705 3323 871 3426 habeat,
898 3322 1057 3408 arbitror
1081 3330 1165 3407 esse
1187 3319 1445 3427 declaratum,
1469 3358 1540 3442 gut.

100 3437 245 3526 bernari
269 3439 423 3555 quidem
440 3440 612 3528 mortalia
633 3469 793 3554 corpora
816 3440 878 3528 vel
900 3438 1100 3554 plurimum
1123 3437 1337 3526 caelestibus
1360 3443 1538 3552 motibus,

99 3583 180 3642 non
197 3582 327 3644 tamen
343 3556 482 3644 idcirco
497 3555 575 3642 lieri
603 3582 740 3644 cuncta
763 3557 978 3645 necessario
1006 3563 1061 3642 At
1086 3582 1174 3643 sunt
1202 3585 1334 3642 musae
1364 3558 1539 3650 caelestes

98 3673 332 3760 necessariae.
367 3679 463 3760 Sunt
478 3673 658 3760 nimirum
672 3735 685 3780 ,
701 3702 771 3761 nec
785 3674 887 3762 istud
902 3704 971 3760 nos
986 3672 1219 3781 inficiamur,
1242 3675 1273 3758 si
1300 3701 1429 3761 tamen
1460 3679 1536 3765 hoc

99 3791 217 3896 dicis,
247 3820 406 3906 corpora
422 3792 591 3878 caelestia
607 3793 852 3907 ipsorumque
886 3817 1041 3897 motus,
1063 3822 1164 3909 quae
1193 3817 1281 3878 sunt
1303 3797 1537 3885 nostratibus

97 3933 231 3995 causae
245 3968 257 4014 ,
272 3909 517 4024 sempiternae
544 3937 590 3997 ac
613 3910 831 3997 immortalis
856 3939 934 3997 esse
959 3935 1146 3996 naturae:
1180 3909 1246 3997 sed
1261 3910 1349 3996 hinc
1364 3943 1444 3999 non
1457 3913 1538 4000 effi-

98 4027 223 4133 citur,
245 4052 289 4114 ut
304 4027 470 4142 ipsorum
485 4051 621 4115 nancta
636 4058 753 4143 opera
780 4029 984 4115 necessario
999 4029 1206 4143 procedant
1222 4056 1235 4129 3
1252 4052 1344 4114 tunc
1358 4030 1463 4118 fieret
1479 4094 1491 4138 ,
1508 4034 1538 4120 si

98 4147 315 4233 necessarias
332 4146 495 4254 diceres,
509 4147 614 4264 quasi
630 4177 740 4233 suum
755 4177 852 4262 opus
867 4146 1069 4231 necessario
1085 4143 1325 4261 perficientes.
1340 4150 1415 4234 Sed
1427 4153 1536 4264 quod
1551 4158 1728 4273 “efflssggqg

99 4262 272 4368 sumitur,
290 4262 422 4353 falsum
439 4290 493 4351 est
508 4265 547 4350 in
565 4295 614 4352 eo
641 4295 779 4369 sensu,
806 4293 968 4378 corpora
981 4262 1148 4348 caelestia
1173 4291 1300 4348 causas
1313 4291 1390 4349 esse
1406 4294 1534 4355 neces·
1551 4281 1729 4393 {{},{{'·,¹;cj¹‘·

27 4429 31 4432 -
100 4377 210 4465 sarias
226 4441 239 4485 ,
256 4407 517 4497 praeterquam
533 4383 572 4468 in
586 4383 810 4498 quibusdam
834 4383 943 4467 rebus
960 4441 973 4486 ,
998 4405 1107 4477 certe„
1115 4379 1155 4464 in
1169 4379 1396 4467 caducarum
1412 4414 1538 4477 rerum

99 4493 299 4588 individuis
320 4500 409 4587 nihil
425 4499 540 4589 habet
555 4500 731 4591 veritatis.
765 4500 845 4585 Etsi
861 4498 961 4586 enim
984 4498 1041 4584 sol
1055 4523 1094 4584 et
1108 4497 1377 4611 Sophroniscus
1406 4532 1538 4592 causae

98 4610 255 4702 fuerunt
271 4619 428 4704 Socratis
450 4618 672 4732 procreandi
690 4643 847 4722 ‚tamen
862 4617 940 4702 sole
964 4641 1079 4732 atque
1101 4616 1353 4731 Sophronisco
1369 4624 1539 4710 exsisten-

99 4730 216 4839 tibus,
234 4733 311 4820 fieri
329 4759 489 4849 poterat,
509 4764 558 4822 ne
574 4739 741 4821 Socrates
757 4760 1008 4849 generaretur.
1017 4739 1119 4820 Nam
1136 4733 1258 4852 quod,
1276 4737 1387 4823 causa
1402 4739 1537 4827 eodem

97 4852 259 4944 omnino
275 4882 352 4944 sese
368 4851 535 4944 habente
548 4852 670 4944 modo
686 4913 701 4973 ,
716 4849 795 4943 fieri
809 4882 917 4970 posse
929 4879 1071 4973 negant
1086 4915 1098 4964 ,
1116 4879 1160 4944 ut
1188 4884 1245 4943 res
1261 4879 1344 4941 tum
1368 4857 1419 4946 sic
1434 4919 1445 4964 ‚
1463 4859 1538 4970 jam
1652 4961 1654 4966 .

1494 5006 1543 5063 se-
