4034 5858
493 364 769 447 DECRETUM
795 367 1077 444 ALEXANDRI
1102 367 1167 441 VI.
1463 384 1529 464 355

91 517 393 590 „nemnosttatn
413 494 505 586 n'ulli
519 500 737 591 Christiano
754 498 939 614 Principi‚
968 497 1035 614 qui
1061 493 1250 583 actualiter
1283 492 1465 614 praefatas
1494 501 1556 589 in·

93 622 216 709 „sulas
231 647 271 708 et
285 645 400 707 terras
416 617 541 706 firmas
583 619 789 733 possederit
827 647 947 735 usque
973 617 1023 703 ad
1047 616 1283 731 praedictum
1320 617 1420 704 diem
1450 621 1553 710 nati-2

50 809 54 815 .
92 740 241 830 »uitatis
256 738 400 827 domini
415 737 533 826 nostri
554 737 643 850 Jesu
660 737 829 844 Christi,
860 738 915 849 jus
940 735 1153 854 quaesitum
1175 733 1363 820 sublatum
1391 733 1551 858 intelllgi

88 889 225 973 „posse
241 883 308 946 aut
323 854 458 945 auferri
472 857 624 944 debete.
655 863 708 943 Et
724 857 872 975 insuper
886 855 1110 943 mandamus
1128 854 1237 942 vobis
1252 852 1290 936 in
1307 856 1444 941 virture
1457 887 1547 944 san·;

88 1003 198 1065 escrae
213 976 478 1082 obedientiae,
499 1001 543 1063 ut
557 977 652 1063 sicut
665 976 780 1062 etiam
800 975 1026 1093 pollicemini
1043 1035 1055 1079 ,
1071 998 1112 1059 et
1133 1002 1216 1059 non
1236 972 1451 1060 dubitamus
1468 1007 1547 1092 pro·

85 1121 243 1193 trvesrta
253 1097 413 1183 maxima
429 1095 635 1183 devotione
659 1120 698 1181 et
713 1095 814 1214 regia
840 1093 1148 1213 magnanimitate
1171 1121 1242 1178 vos
1264 1119 1342 1180 esse
1359 1087 1546 1204 facturos,

85 1215 165 1301 ‚sad
181 1240 295 1302 terras
314 1213 438 1300 firmas
458 1239 498 1299 et
516 1213 651 1301 ursulas
666 1215 871 1329 praedictas
894 1215 992 1299 viros
1014 1212 1156 1325 probos
1186 1236 1225 1296 tt
1247 1216 1375 1296 Deum
1398 1212 1542 1301 timen-¹

88 1359 195 1438 eires,
219 1333 383 1437 doctos,
399 1332 537 1448 peritos
560 1357 599 1419 et
624 1359 796 1447 expertos
812 1333 863 1419 ad
887 1331 1147 1417 instruendum
1164 1326 1302 1414 incolas
1326 1355 1365 1415 et
1393 1328 1536 1419 habita·

89 1475 218 1537 setores
238 1447 423 1564 praefatos
438 1451 478 1534 in
506 1448 581 1538 fide
602 1449 785 1536 cathohca
798 1475 837 1536 et
863 1450 972 1535 bonis
995 1447 1159 1533 motibus
1183 1446 1429 1534 imbuendum
1457 1449 1540 1537 des·

87 1568 233 1655 ‚sonare
270 1568 463 1674 debeatis,
488 1599 645 1660 omnem
661 1568 825 1655 debitam
842 1567 1070 1685 diligentiam
1087 1566 1125 1650 in
1141 1565 1343 1681 praemissis
1358 1567 1541 1657 adhiben-¹

85 1709 181 1774 vtes.
214 1691 273 1774 Ac
288 1688 591 1805 quibuscumque
613 1687 778 1803 personis
794 1685 1061 1801 cujuscumque
1093 1683 1278 1800 dignitatis
1294 1746 1306 1791 ,
1322 1684 1436 1771 etiam
1462 1687 1539 1775 im-

83 1804 255 1920 „perialis
270 1832 310 1892 er
329 1806 482 1924 regalis,
498 1831 641 1911 status,
658 1805 821 1923 gradus,
837 1805 975 1892 ordinis
990 1803 1052 1892 vel
1059 1803 1283 1890 conditionis
1291 1805 1362 1890 sub
1387 1833 1546 1915 encom-¹

83 1923 373 2010 ismunicationis
386 1925 484 2010 latae
499 1924 702 2011 sententiae
721 1953 860 2037 poena,
874 1953 991 2040 quam
1007 1951 1055 2008 eo
1072 1921 1167 2038 ipso,
1182 1921 1211 2007 si
1225 1946 1358 2007 contra
1369 1917 1537 2032 fecerint,

81 2041 329 2147 ssmcurtant,
356 2041 547 2128 districtius
561 2042 799 2150 inhibemus,
833 2072 881 2129 ne
905 2041 956 2127 ad
982 2039 1115 2126 insulas
1136 2064 1175 2126 et
1197 2066 1311 2126 terras
1341 2038 1465 2126 firmas
1480 2044 1536 2127 in·

82 2186 242 2247 arventas
267 2185 306 2246 et
323 2161 564 2251 inveniendas
581 2223 593 2267 ,
611 2161 776 2247 detectas
799 2185 838 2247 et
861 2159 1092 2277 detegendas
1106 2188 1232 2246 versus
1247 2158 1481 2246 occidentem
1496 2187 1537 2250 er

81 2279 333 2386 meridiem,
363 2277 583 2365 fabricando
600 2306 640 2365 et
662 2278 919 2365 construendo
934 2279 1069 2363 lineam
1085 2276 1214 2393 apolo
1240 2277 1377 2362 arctico
1394 2277 1443 2364 ad
1467 2311 1535 2393 po·

81 2395 479 2503 ›slumantarcticum,
510 2398 586 2485 sive
618 2421 737 2484 terrae
769 2395 926 2503 firmae,
956 2420 995 2483 et
1010 2395 1149 2482 insulae
1175 2395 1350 2484 inventae
1367 2420 1405 2482 et
1430 2396 1535 2485 inve-

81 2513 271 2600 ssniendae
295 2514 367 2600 sint
389 2543 516 2604 versus
537 2515 681 2601 Indiam
705 2539 772 2602 aut
798 2515 908 2600 aliam
928 2542 1210 2631 quamcumque
1237 2542 1410 2628 partem,
1434 2544 1536 2630 quae

82 2630 207 2718 ‚alinea
231 2633 343 2719 distet
358 2663 381 2718 a
396 2633 563 2751 qualibet
589 2633 824 2740 insularum,
851 2662 951 2750 quae
972 2633 1173 2753 vulgariter
1195 2657 1463 2746 nuncupantur
1479 2638 1536 2743 {de

81 2757 166 2835 „los
191 2752 337 2836 Aeetes
360 2777 401 2837 et
439 2752 540 2836 Cabo
570 2756 719 2858 verde,
753 2779 907 2838 centum
931 2753 1042 2838 leucis
1071 2782 1198 2841 versus
1231 2751 1466 2838 occidentem
1495 2776 1535 2841 et

79 2869 333 2977 ›smeridiem,
357 2894 402 2955 ut
417 2867 651 2985 praefertur3
676 2901 747 2987 pro
774 2871 955 2956 mercibus
976 2871 1157 2958 habendis
1184 2931 1196 2975 ,
1226 2870 1288 2958 vel
1308 2868 1441 2986 quavis
1462 2869 1533 2957 alia

79 2985 158 3070 nde
173 3015 283 3073 causa
298 2989 474 3075 accedere
498 3017 736 3104 praesumant
752 2990 894 3104 absque
910 3014 1033 3075 uestra
1049 3018 1093 3073 ac
1118 2989 1300 3075 heredum
1317 3012 1355 3074 ct
1386 3017 1534 3075 succes·

83 3133 243 3191 „sorum
272 3130 483 3193 vestrorum
507 3108 784 3221 praedictorum
813 3107 958 3194 hcenria
982 3107 1138 3222 speciali.
1172 3112 1266 3193 Non
1296 3107 1532 3196 obstantibus

79 3224 436 3312 »constitutionibus
459 3249 498 3312 et
519 3226 816 3317 ordinationibus
845 3226 1083 3340 apostolicis,
1110 3223 1315 3341 ceterisque
1340 3227 1531 3314 contrariis

82 3341 412 3460 „quibuscumque
428 3405 440 3450 ,
458 3343 578 3465 inillo
593 3407 605 3451 ,
622 3375 738 3462 aquo
753 3345 905 3460 imperia
921 3369 959 3431 et
975 3343 1251 3431 dominationes
1264 3371 1310 3429 ac
1325 3343 1430 3429 bona
1441 3373 1531 3429 cun·
1622 3352 1625 3359 ’

79 3487 169 3582 3tcta
182 3461 397 3576 procedunt
413 3524 436 3568 ,<
447 3459 705 3569 confidentes,
722 3465 852 3579 quod,
869 3463 1050 3580 dirigente
1066 3462 1237 3548 Domino
1255 3487 1358 3547 actus
1374 3487 1530 3568 vestros,

77 3578 136 3662 „si
162 3580 376 3692 hujusmodi
393 3606 564 3667 sanctum
589 3605 627 3667 et
654 3581 837 3668 laudabile
865 3583 1098 3695 propositum
1113 3579 1412 3697 prosequamini,
1440 3582 1530 3667 bre-

74 3695 147 3782 nvi
163 3720 334 3814 tempore
362 3728 451 3798 cum
475 3696 649 3786 felicitate
671 3727 711 3786 et
745 3698 862 3817 gloria
887 3700 1001 3786 torius
1025 3700 1156 3816 populi
1186 3699 1386 3785 Christiani
1418 3701 1529 3786 vestri

76 3811 305 3904 „laboreset
324 3842 483 3907 conatus
509 3818 650 3904 exitum
673 3815 917 3904 felicissimum
932 3844 1233 3935 consequentur.
1266 3819 1413 3903 Verum
1438 3818 1530 3933 quia

76 3928 254 4036 „dffficsse
270 3933 370 4023 foret
395 3961 605 4052 praesentes
621 3936 757 4024 litteras
773 3937 824 4023 ad
848 3937 992 4055 singula
1016 3967 1191 4055 quaeque
1205 3938 1289 4023 loca
1306 3994 1320 4041 ,
1337 3936 1529 4051 inquibus
1590 3959 1593 3965 ·

75 4053 302 4164 sexpediens
318 4044 452 4161 haerit,
486 4052 646 4144 deferri:
676 4054 879 4162 volumus,
910 4084 955 4140 ac
977 4082 1087 4143 motu
1113 4082 1152 4142 et
1180 4054 1330 4142 scientia
1357 4054 1530 4140 similibus

71 4165 362 4281 „decernimum
387 4174 497 4292 quod
513 4174 657 4262 illarum
672 4176 885 4262 transumtis
901 4204 1019 4261 manu
1044 4174 1182 4290 publici
1209 4173 1343 4259 notarii
1358 4173 1447 4259 inde
1462 4201 1530 4258 ro·

74 4286 184 4400 sagati
199 4291 434 4408 subscriptis,
461 4316 501 4379 ct
517 4293 635 4410 sigillo
649 4294 802 4409 alicujus
819 4297 999 4408 personae
1024 4293 1062 4377 in
1078 4291 1315 4378 ecclesiastica
1348 4290 1531 4407 dignitate

71 4406 358 4517 ‚constitutam
384 4441 451 4498 seu
475 4412 597 4498 curiae
628 4412 889 4499 ecclesiasticae
905 4411 1085 4517 munitis,
1117 4441 1163 4497 ea
1188 4439 1337 4525 prorsus
1364 4409 1457 4497 fides
1490 4411 1531 4496 in

70 4519 246 4632 „judicio
273 4556 311 4614 et
336 4554 469 4636 extra,
496 4559 540 4616 ac
566 4529 653 4616 ahas
680 4532 842 4617 ubilibet
859 4529 1081 4617 adhibeatur
1111 4591 1122 4636 ,
1152 4559 1252 4645 quae
1280 4528 1532 4645 praesentibus

72 4639 376 4752 »adhiberem
405 4649 434 4733 si
465 4673 587 4737 essent
609 4649 793 4735 exhibitae
811 4650 872 4735 vel
901 4674 1084 4736 ostensae.
1119 4649 1224 4733 Nulli
1250 4678 1342 4764 ergo
1373 4646 1533 4732 omnino

69 4755 308 4863 ¹athominum
323 4764 431 4853 liceat
447 4767 544 4853 hanc
558 4769 735 4886 paginam
750 4792 899 4853 nostrae
914 4765 1252 4854 commendationis
1269 4827 1282 4868 ,
1299 4760 1535 4867 hortationis,

76 4881 353 4996 ”requisitionis
365 4947 382 4993 ,
399 4885 614 4976 donationis
630 4949 643 4996 ,
658 4886 903 4998 concessionis
920 4952 933 4999 ,
950 4885 1229 5003 assignationis,
1247 4879 1537 5085 constitutioqrs,

981 5009 1043 5119 Yy
1063 5037 1086 5092 2
1449 5036 1477 5086 tr
1504 5024 1544 5085 ea

81 5084 93 5125 ἦ
171 5091 177 5102 ,
