<?xml version="1.0" encoding="UTF-8"?>
<!DOCTYPE html PUBLIC "-//W3C//DTD XHTML 1.0 Transitional//EN"
    "http://www.w3.org/TR/xhtml1/DTD/xhtml1-transitional.dtd">
<html xmlns="http://www.w3.org/1999/xhtml" xml:lang="en" lang="en">
 <head>
  <title>
</title>
<meta http-equiv="Content-Type" content="text/html;charset=utf-8" />
  <meta name='ocr-system' content='tesseract 3.04.00' />
  <meta name='ocr-capabilities' content='ocr_page ocr_carea ocr_par ocr_line ocrx_word'/>
</head>
<body>
  <div class='ocr_page' id='page_1' title='image "./joannisgenesiis01sepgoog/joannisgenesiis01sepgoog_0288.png"; bbox 0 0 4050 5858; ppageno 0'>
   <div class='ocr_carea' id='block_1_1' title="bbox 681 405 1537 504">
    <p class='ocr_par' dir='ltr' id='par_1_1' title="bbox 681 405 1537 504">
     <span class='ocr_line' id='line_1_1' title="bbox 681 405 1537 504; baseline 0.001 -27"><span class='ocrx_word' id='word_1_1' title='bbox 681 405 894 479; x_wconf 86' lang='lat' dir='ltr'>LIBER</span> <span class='ocrx_word' id='word_1_2' title='bbox 942 407 1006 474; x_wconf 89' lang='lat'>111.</span> <span class='ocrx_word' id='word_1_3' title='bbox 1148 409 1151 416; x_wconf 85' lang='grc'><strong>’</strong></span> <span class='ocrx_word' id='word_1_4' title='bbox 1472 432 1537 504; x_wconf 78' lang='lat'>293</span> 
     </span>
    </p>
   </div>
   <div class='ocr_carea' id='block_1_2' title="bbox 56 527 1758 5112">
    <p class='ocr_par' dir='ltr' id='par_1_2' title="bbox 97 527 1565 655">
     <span class='ocr_line' id='line_1_2' title="bbox 97 527 1565 655; baseline -0.003 -29"><span class='ocrx_word' id='word_1_5' title='bbox 97 535 254 629; x_wconf 86' lang='lat' dir='ltr'>alteram</span> <span class='ocrx_word' id='word_1_6' title='bbox 269 600 281 647; x_wconf 94' lang='lat'>,</span> <span class='ocrx_word' id='word_1_7' title='bbox 298 564 396 655; x_wconf 88' lang='lat' dir='ltr'>quae</span> <span class='ocrx_word' id='word_1_8' title='bbox 419 531 608 624; x_wconf 77' lang='lat' dir='ltr'>humilitas</span> <span class='ocrx_word' id='word_1_9' title='bbox 634 560 821 640; x_wconf 90' lang='lat' dir='ltr'>vocatur,</span> <span class='ocrx_word' id='word_1_10' title='bbox 848 531 971 649; x_wconf 89' lang='lat' dir='ltr'>regios</span> <span class='ocrx_word' id='word_1_11' title='bbox 992 527 1100 617; x_wconf 88' lang='lat' dir='ltr'>velut</span> <span class='ocrx_word' id='word_1_12' title='bbox 1123 532 1304 647; x_wconf 90' lang='lat' dir='ltr'>superbos</span> <span class='ocrx_word' id='word_1_13' title='bbox 1329 557 1367 618; x_wconf 91' lang='lat' dir='ltr'>et</span> <span class='ocrx_word' id='word_1_14' title='bbox 1392 533 1565 621; x_wconf 91' lang='lat' dir='ltr'>invidio·</span> 
     </span>
    </p>

    <p class='ocr_par' dir='ltr' id='par_1_3' title="bbox 56 648 1615 1479">
     <span class='ocr_line' id='line_1_3' title="bbox 99 648 1563 774; baseline -0.003 -30"><span class='ocrx_word' id='word_1_15' title='bbox 99 689 161 746; x_wconf 91' lang='lat' dir='ltr'>sos</span> <span class='ocrx_word' id='word_1_16' title='bbox 186 659 412 774; x_wconf 90' lang='lat' dir='ltr'>repudiavit.</span> <span class='ocrx_word' id='word_1_17' title='bbox 433 664 518 774; x_wconf 90' lang='lat' dir='ltr'>Age</span> <span class='ocrx_word' id='word_1_18' title='bbox 534 685 629 744; x_wconf 88' lang='lat' dir='ltr'>vero</span> <span class='ocrx_word' id='word_1_19' title='bbox 651 652 837 771; x_wconf 82' lang='lat' dir='ltr'>fingamus</span> <span class='ocrx_word' id='word_1_20' title='bbox 860 653 1027 767; x_wconf 80' lang='lat' dir='ltr'>aliquem</span> <span class='ocrx_word' id='word_1_21' title='bbox 1043 648 1164 734; x_wconf 91' lang='lat' dir='ltr'>choro</span> <span class='ocrx_word' id='word_1_22' title='bbox 1181 650 1364 737; x_wconf 91' lang='lat' dir='ltr'>virtutum</span> <span class='ocrx_word' id='word_1_23' title='bbox 1382 653 1563 740; x_wconf 90' lang='lat' dir='ltr'>omnium</span> 
     </span>
     <span class='ocr_line' id='line_1_4' title="bbox 100 766 1564 893; baseline -0.002 -31"><span class='ocrx_word' id='word_1_24' title='bbox 100 778 307 893; x_wconf 89' lang='lat' dir='ltr'>stipatum,</span> <span class='ocrx_word' id='word_1_25' title='bbox 326 777 583 889; x_wconf 88' lang='lat' dir='ltr'>eumdemque</span> <span class='ocrx_word' id='word_1_26' title='bbox 605 773 645 859; x_wconf 93' lang='lat' dir='ltr'>in</span> <span class='ocrx_word' id='word_1_27' title='bbox 668 801 794 859; x_wconf 90' lang='lat' dir='ltr'>rerum</span> <span class='ocrx_word' id='word_1_28' title='bbox 810 768 960 886; x_wconf 89' lang='lat' dir='ltr'>fastigio</span> <span class='ocrx_word' id='word_1_29' title='bbox 977 769 1173 884; x_wconf 93' lang='lat' dir='ltr'>positum,</span> <span class='ocrx_word' id='word_1_30' title='bbox 1191 766 1251 853; x_wconf 83' lang='lat' dir='ltr'>lac</span> <span class='ocrx_word' id='word_1_31' title='bbox 1275 798 1352 855; x_wconf 87' lang='lat' dir='ltr'>esse</span> <span class='ocrx_word' id='word_1_32' title='bbox 1368 775 1564 859; x_wconf 83' lang='lat' dir='ltr'>Romano</span> 
     </span>
     <span class='ocr_line' id='line_1_5' title="bbox 97 886 1561 1010; baseline -0.001 -32"><span class='ocrx_word' id='word_1_33' title='bbox 97 923 184 979; x_wconf 87' lang='lat' dir='ltr'>tum</span> <span class='ocrx_word' id='word_1_34' title='bbox 210 895 442 1010; x_wconf 82' lang='lat' dir='ltr'>principem,</span> <span class='ocrx_word' id='word_1_35' title='bbox 462 895 584 978; x_wconf 91' lang='lat' dir='ltr'>multo</span> <span class='ocrx_word' id='word_1_36' title='bbox 609 890 723 977; x_wconf 89' lang='lat' dir='ltr'>etiam</span> <span class='ocrx_word' id='word_1_37' title='bbox 746 889 917 1002; x_wconf 75' lang='lat' dir='ltr'>Traiano</span> <span class='ocrx_word' id='word_1_38' title='bbox 948 886 1173 992; x_wconf 92' lang='lat' dir='ltr'>meliorem,</span> <span class='ocrx_word' id='word_1_39' title='bbox 1201 887 1378 974; x_wconf 87' lang='lat' dir='ltr'>universo</span> <span class='ocrx_word' id='word_1_40' title='bbox 1402 920 1561 1006; x_wconf 89' lang='lat' dir='ltr'>quoque</span> 
     </span>
     <span class='ocr_line' id='line_1_6' title="bbox 97 1006 1615 1126; baseline -0.002 -30"><span class='ocrx_word' id='word_1_41' title='bbox 97 1013 187 1109; x_wconf 69' lang='lat' dir='ltr'>orbi,</span> <span class='ocrx_word' id='word_1_42' title='bbox 200 1012 462 1099; x_wconf 80' lang='lat' dir='ltr'>dominantem</span> <span class='ocrx_word' id='word_1_43' title='bbox 479 1043 489 1095; x_wconf 92' lang='lat'>:</span> <span class='ocrx_word' id='word_1_44' title='bbox 508 1011 815 1126; x_wconf 88' lang='lat' dir='ltr'>permittemusne</span> <span class='ocrx_word' id='word_1_45' title='bbox 843 1006 930 1091; x_wconf 91' lang='lat' dir='ltr'>huic</span> <span class='ocrx_word' id='word_1_46' title='bbox 949 1069 961 1113; x_wconf 99' lang='lat'>,</span> <span class='ocrx_word' id='word_1_47' title='bbox 979 1029 1022 1090; x_wconf 92' lang='lat' dir='ltr'>ut</span> <span class='ocrx_word' id='word_1_48' title='bbox 1046 1029 1200 1120; x_wconf 88' lang='lat' dir='ltr'>arroget</span> <span class='ocrx_word' id='word_1_49' title='bbox 1225 1006 1291 1091; x_wconf 90' lang='lat' dir='ltr'>sibi</span> <span class='ocrx_word' id='word_1_50' title='bbox 1310 1007 1460 1093; x_wconf 91' lang='lat' dir='ltr'>divinos</span> <span class='ocrx_word' id='word_1_51' title='bbox 1492 1013 1562 1093; x_wconf 92' lang='lat' dir='ltr'>ho·</span> <span class='ocrx_word' id='word_1_52' title='bbox 1613 1030 1615 1037; x_wconf 57' lang='lat'><strong><em>⁴</em></strong></span> 
     </span>
     <span class='ocr_line' id='line_1_7' title="bbox 102 1122 1563 1245; baseline -0.003 -30"><span class='ocrx_word' id='word_1_53' title='bbox 102 1157 243 1236; x_wconf 90' lang='lat' dir='ltr'>nores,</span> <span class='ocrx_word' id='word_1_54' title='bbox 277 1130 415 1245; x_wconf 92' lang='lat' dir='ltr'>quibus</span> <span class='ocrx_word' id='word_1_55' title='bbox 447 1128 549 1215; x_wconf 92' lang='lat' dir='ltr'>stulti</span> <span class='ocrx_word' id='word_1_56' title='bbox 580 1127 737 1244; x_wconf 89' lang='lat' dir='ltr'>quidam</span> <span class='ocrx_word' id='word_1_57' title='bbox 769 1155 875 1243; x_wconf 91' lang='lat' dir='ltr'>reges</span> <span class='ocrx_word' id='word_1_58' title='bbox 903 1151 948 1208; x_wconf 88' lang='lat' dir='ltr'>ac</span> <span class='ocrx_word' id='word_1_59' title='bbox 985 1123 1227 1237; x_wconf 88' lang='lat' dir='ltr'>imperatores</span> <span class='ocrx_word' id='word_1_60' title='bbox 1253 1122 1430 1210; x_wconf 85' lang='lat' dir='ltr'>affectatis</span> <span class='ocrx_word' id='word_1_61' title='bbox 1447 1187 1459 1231; x_wconf 90' lang='lat'>,</span> <span class='ocrx_word' id='word_1_62' title='bbox 1478 1156 1563 1211; x_wconf 88' lang='lat' dir='ltr'>ma·</span> 
     </span>
     <span class='ocr_line' id='line_1_8' title="bbox 56 1239 1560 1364; baseline -0.001 -31"><span class='ocrx_word' id='word_1_63' title='bbox 56 1282 60 1287; x_wconf 64' lang='grc'>’</span> <span class='ocrx_word' id='word_1_64' title='bbox 97 1278 217 1364; x_wconf 82' lang='lat' dir='ltr'>gnam</span> <span class='ocrx_word' id='word_1_65' title='bbox 244 1248 390 1334; x_wconf 89' lang='lat' dir='ltr'>ridendi</span> <span class='ocrx_word' id='word_1_66' title='bbox 419 1246 612 1333; x_wconf 82' lang='lat' dir='ltr'>materiam</span> <span class='ocrx_word' id='word_1_67' title='bbox 640 1244 885 1361; x_wconf 88' lang='lat' dir='ltr'>prudentibus</span> <span class='ocrx_word' id='word_1_68' title='bbox 911 1239 998 1330; x_wconf 89' lang='lat' dir='ltr'>viris</span> <span class='ocrx_word' id='word_1_69' title='bbox 1028 1242 1259 1355; x_wconf 85' lang='lat' dir='ltr'>praebuere?</span> <span class='ocrx_word' id='word_1_70' title='bbox 1284 1242 1421 1329; x_wconf 89' lang='lat' dir='ltr'>Nullus</span> <span class='ocrx_word' id='word_1_71' title='bbox 1449 1244 1560 1360; x_wconf 90' lang='lat' dir='ltr'>igitur</span> 
     </span>
     <span class='ocr_line' id='line_1_9' title="bbox 96 1359 1561 1479; baseline -0.002 -28"><span class='ocrx_word' id='word_1_72' title='bbox 96 1367 221 1451; x_wconf 92' lang='lat' dir='ltr'>homo</span> <span class='ocrx_word' id='word_1_73' title='bbox 245 1391 372 1476; x_wconf 80' lang='lat' dir='ltr'>tantats</span> <span class='ocrx_word' id='word_1_74' title='bbox 392 1391 477 1470; x_wconf 87' lang='lat' dir='ltr'>est,</span> <span class='ocrx_word' id='word_1_75' title='bbox 503 1389 571 1451; x_wconf 91' lang='lat' dir='ltr'>aut</span> <span class='ocrx_word' id='word_1_76' title='bbox 594 1387 794 1479; x_wconf 84' lang='lat' dir='ltr'>tantopere</span> <span class='ocrx_word' id='word_1_77' title='bbox 820 1385 1009 1477; x_wconf 89' lang='lat' dir='ltr'>praestans</span> <span class='ocrx_word' id='word_1_78' title='bbox 1035 1359 1256 1443; x_wconf 91' lang='lat' dir='ltr'>meritorum</span> <span class='ocrx_word' id='word_1_79' title='bbox 1286 1363 1561 1476; x_wconf 84' lang='lat' dir='ltr'>magnitudine,</span> 
     </span>
    </p>

    <p class='ocr_par' dir='ltr' id='par_1_4' title="bbox 96 1476 1696 1952">
     <span class='ocr_line' id='line_1_10' title="bbox 96 1476 1641 1599; baseline 0 -33"><span class='ocrx_word' id='word_1_80' title='bbox 96 1482 138 1566; x_wconf 92' lang='lat' dir='ltr'>in</span> <span class='ocrx_word' id='word_1_81' title='bbox 172 1514 253 1599; x_wconf 93' lang='lat' dir='ltr'>quo</span> <span class='ocrx_word' id='word_1_82' title='bbox 282 1512 363 1568; x_wconf 92' lang='lat' dir='ltr'>non</span> <span class='ocrx_word' id='word_1_83' title='bbox 390 1482 437 1567; x_wconf 92' lang='lat' dir='ltr'>sit</span> <span class='ocrx_word' id='word_1_84' title='bbox 465 1481 665 1568; x_wconf 86' lang='lat' dir='ltr'>humilitati</span> <span class='ocrx_word' id='word_1_85' title='bbox 690 1481 828 1586; x_wconf 88' lang='lat' dir='ltr'>locus,</span> <span class='ocrx_word' id='word_1_86' title='bbox 846 1481 939 1566; x_wconf 91' lang='lat' dir='ltr'>dum</span> <span class='ocrx_word' id='word_1_87' title='bbox 965 1476 1029 1565; x_wconf 85' lang='lat' dir='ltr'>vel</span> <span class='ocrx_word' id='word_1_88' title='bbox 1056 1505 1094 1562; x_wconf 90' lang='lat' dir='ltr'>se</span> <span class='ocrx_word' id='word_1_89' title='bbox 1118 1506 1207 1562; x_wconf 92' lang='lat' dir='ltr'>cum</span> <span class='ocrx_word' id='word_1_90' title='bbox 1235 1479 1474 1592; x_wconf 85' lang='lat' dir='ltr'>potioribus,</span> <span class='ocrx_word' id='word_1_91' title='bbox 1499 1481 1563 1569; x_wconf 92' lang='lat' dir='ltr'>vel</span> <span class='ocrx_word' id='word_1_92' title='bbox 1640 1529 1641 1532; x_wconf 12' lang='grc' dir='ltr'><strong><em>κ</em></strong></span> 
     </span>
     <span class='ocr_line' id='line_1_11' title="bbox 99 1595 1563 1717; baseline -0.003 -31"><span class='ocrx_word' id='word_1_93' title='bbox 99 1602 324 1686; x_wconf 84' lang='lat' dir='ltr'>tenuitatem</span> <span class='ocrx_word' id='word_1_94' title='bbox 351 1602 559 1686; x_wconf 91' lang='lat' dir='ltr'>humanam</span> <span class='ocrx_word' id='word_1_95' title='bbox 584 1625 781 1715; x_wconf 87' lang='lat' dir='ltr'>comparat</span> <span class='ocrx_word' id='word_1_96' title='bbox 807 1627 894 1682; x_wconf 90' lang='lat' dir='ltr'>cum</span> <span class='ocrx_word' id='word_1_97' title='bbox 921 1595 1103 1682; x_wconf 84' lang='lat' dir='ltr'>infinitate</span> <span class='ocrx_word' id='word_1_98' title='bbox 1130 1595 1285 1682; x_wconf 88' lang='lat' dir='ltr'>divina.</span> <span class='ocrx_word' id='word_1_99' title='bbox 1320 1601 1376 1682; x_wconf 96' lang='lat' dir='ltr'>Ut</span> <span class='ocrx_word' id='word_1_100' title='bbox 1406 1628 1563 1717; x_wconf 89' lang='lat' dir='ltr'>magna-</span> 
     </span>
     <span class='ocr_line' id='line_1_12' title="bbox 101 1713 1696 1834; baseline 0 -31"><span class='ocrx_word' id='word_1_101' title='bbox 101 1718 226 1806; x_wconf 89' lang='lat' dir='ltr'>nimus</span> <span class='ocrx_word' id='word_1_102' title='bbox 253 1719 282 1804; x_wconf 89' lang='lat' dir='ltr'>is</span> <span class='ocrx_word' id='word_1_103' title='bbox 308 1747 387 1804; x_wconf 89' lang='lat' dir='ltr'>esse</span> <span class='ocrx_word' id='word_1_104' title='bbox 412 1718 638 1834; x_wconf 85' lang='lat' dir='ltr'>intelligatur</span> <span class='ocrx_word' id='word_1_105' title='bbox 655 1779 667 1821; x_wconf 96' lang='lat'>,</span> <span class='ocrx_word' id='word_1_106' title='bbox 684 1718 751 1834; x_wconf 87' lang='lat' dir='ltr'>qui</span> <span class='ocrx_word' id='word_1_107' title='bbox 766 1716 911 1833; x_wconf 90' lang='lat' dir='ltr'>magnis</span> <span class='ocrx_word' id='word_1_108' title='bbox 937 1715 1091 1831; x_wconf 89' lang='lat' dir='ltr'>quidem</span> <span class='ocrx_word' id='word_1_109' title='bbox 1105 1713 1316 1800; x_wconf 87' lang='lat' dir='ltr'>honoribus</span> <span class='ocrx_word' id='word_1_110' title='bbox 1337 1741 1393 1802; x_wconf 89' lang='lat' dir='ltr'>est</span> <span class='ocrx_word' id='word_1_111' title='bbox 1408 1717 1560 1834; x_wconf 89' lang='lat' dir='ltr'>dignus,</span> <span class='ocrx_word' id='word_1_112' title='bbox 1692 1766 1696 1773; x_wconf 94' lang='lat'><em>·</em></span> 
     </span>
     <span class='ocr_line' id='line_1_13' title="bbox 101 1832 1559 1952; baseline -0.002 -30"><span class='ocrx_word' id='word_1_113' title='bbox 101 1861 142 1923; x_wconf 90' lang='lat' dir='ltr'>et</span> <span class='ocrx_word' id='word_1_114' title='bbox 168 1837 224 1924; x_wconf 88' lang='lat' dir='ltr'>his</span> <span class='ocrx_word' id='word_1_115' title='bbox 254 1865 332 1923; x_wconf 88' lang='lat' dir='ltr'>sese</span> <span class='ocrx_word' id='word_1_116' title='bbox 349 1836 508 1952; x_wconf 92' lang='lat' dir='ltr'>dignum</span> <span class='ocrx_word' id='word_1_117' title='bbox 538 1835 750 1942; x_wconf 86' lang='lat' dir='ltr'>existimat,</span> <span class='ocrx_word' id='word_1_118' title='bbox 767 1863 847 1919; x_wconf 93' lang='lat' dir='ltr'>non</span> <span class='ocrx_word' id='word_1_119' title='bbox 873 1860 1000 1921; x_wconf 90' lang='lat' dir='ltr'>tamen</span> <span class='ocrx_word' id='word_1_120' title='bbox 1026 1862 1094 1917; x_wconf 89' lang='lat' dir='ltr'>sua</span> <span class='ocrx_word' id='word_1_121' title='bbox 1124 1832 1306 1949; x_wconf 87' lang='lat' dir='ltr'>dignitate</span> <span class='ocrx_word' id='word_1_122' title='bbox 1334 1834 1559 1945; x_wconf 81' lang='lat' dir='ltr'>majoribus.</span> 
     </span>
    </p>

    <p class='ocr_par' dir='ltr' id='par_1_5' title="bbox 91 1952 1758 2777">
     <span class='ocr_line' id='line_1_14' title="bbox 102 1952 1702 2069; baseline 0.004 -31"><span class='ocrx_word' id='word_1_123' title='bbox 102 1956 196 2039; x_wconf 91' lang='lat' dir='ltr'>Hoc</span> <span class='ocrx_word' id='word_1_124' title='bbox 223 1980 279 2041; x_wconf 92' lang='lat' dir='ltr'>est</span> <span class='ocrx_word' id='word_1_125' title='bbox 304 1955 405 2041; x_wconf 90' lang='lat' dir='ltr'>enim</span> <span class='ocrx_word' id='word_1_126' title='bbox 423 1952 533 2069; x_wconf 93' lang='lat' dir='ltr'>quod</span> <span class='ocrx_word' id='word_1_127' title='bbox 551 1953 766 2042; x_wconf 88' lang='lat' dir='ltr'>Aristoteles</span> <span class='ocrx_word' id='word_1_128' title='bbox 792 1953 872 2057; x_wconf 90' lang='lat' dir='ltr'>ait,</span> <span class='ocrx_word' id='word_1_129' title='bbox 892 1952 1174 2068; x_wconf 86' lang='lat' dir='ltr'>magnanimum</span> <span class='ocrx_word' id='word_1_130' title='bbox 1201 1981 1278 2036; x_wconf 91' lang='lat' dir='ltr'>esse</span> <span class='ocrx_word' id='word_1_131' title='bbox 1304 1952 1462 2067; x_wconf 90' lang='lat' dir='ltr'>quidem</span> <span class='ocrx_word' id='word_1_132' title='bbox 1486 1986 1563 2040; x_wconf 88' lang='lat' dir='ltr'>ma·</span> <span class='ocrx_word' id='word_1_133' title='bbox 1577 1978 1659 2034; x_wconf 66' lang='lat' dir='ltr'>utre·</span> <span class='ocrx_word' id='word_1_134' title='bbox 1674 1996 1702 2046; x_wconf 83' lang='lat'>4·</span> 
     </span>
     <span class='ocr_line' id='line_1_15' title="bbox 103 2070 1559 2186; baseline 0.003 -31"><span class='ocrx_word' id='word_1_135' title='bbox 103 2073 300 2186; x_wconf 91' lang='lat' dir='ltr'>gnitudine</span> <span class='ocrx_word' id='word_1_136' title='bbox 325 2100 565 2177; x_wconf 77' lang='lat' dir='ltr'>extremum,</span> <span class='ocrx_word' id='word_1_137' title='bbox 587 2071 751 2159; x_wconf 90' lang='lat' dir='ltr'>medium</span> <span class='ocrx_word' id='word_1_138' title='bbox 779 2096 908 2156; x_wconf 88' lang='lat' dir='ltr'>tamen</span> <span class='ocrx_word' id='word_1_139' title='bbox 936 2094 1062 2155; x_wconf 88' lang='lat' dir='ltr'>tenere</span> <span class='ocrx_word' id='word_1_140' title='bbox 1080 2131 1092 2175; x_wconf 94' lang='lat'>,</span> <span class='ocrx_word' id='word_1_141' title='bbox 1108 2070 1137 2154; x_wconf 91' lang='lat' dir='ltr'>si</span> <span class='ocrx_word' id='word_1_142' title='bbox 1170 2070 1356 2154; x_wconf 89' lang='lat' dir='ltr'>rationem</span> <span class='ocrx_word' id='word_1_143' title='bbox 1390 2098 1559 2186; x_wconf 89' lang='lat' dir='ltr'>spectes:</span> 
     </span>
     <span class='ocr_line' id='line_1_16' title="bbox 92 2187 1753 2310; baseline 0.004 -37"><span class='ocrx_word' id='word_1_144' title='bbox 92 2191 214 2303; x_wconf 72' lang='lat' dir='ltr'>quod</span> <span class='ocrx_word' id='word_1_145' title='bbox 241 2191 341 2278; x_wconf 90' lang='lat' dir='ltr'>idem</span> <span class='ocrx_word' id='word_1_146' title='bbox 368 2189 443 2275; x_wconf 91' lang='lat' dir='ltr'>alio</span> <span class='ocrx_word' id='word_1_147' title='bbox 472 2189 510 2273; x_wconf 93' lang='lat' dir='ltr'>in</span> <span class='ocrx_word' id='word_1_148' title='bbox 537 2187 624 2274; x_wconf 88' lang='lat' dir='ltr'>loco</span> <span class='ocrx_word' id='word_1_149' title='bbox 652 2189 879 2306; x_wconf 80' lang='lat' dir='ltr'>apertissime</span> <span class='ocrx_word' id='word_1_150' title='bbox 895 2188 1037 2294; x_wconf 89' lang='lat' dir='ltr'>docet,</span> <span class='ocrx_word' id='word_1_151' title='bbox 1058 2187 1346 2304; x_wconf 86' lang='lat' dir='ltr'>magnanimum</span> <span class='ocrx_word' id='word_1_152' title='bbox 1366 2189 1560 2299; x_wconf 88' lang='lat' dir='ltr'>definiens,</span> <span class='ocrx_word' id='word_1_153' title='bbox 1610 2248 1753 2310; x_wconf 54' lang='lat' dir='ltr'>mmm„</span> 
     </span>
     <span class='ocr_line' id='line_1_17' title="bbox 91 2306 1692 2424; baseline 0.002 -33"><span class='ocrx_word' id='word_1_154' title='bbox 91 2309 175 2422; x_wconf 79' lang='lat' dir='ltr'>-qui</span> <span class='ocrx_word' id='word_1_155' title='bbox 210 2338 248 2394; x_wconf 88' lang='lat' dir='ltr'>se</span> <span class='ocrx_word' id='word_1_156' title='bbox 281 2309 430 2394; x_wconf 92' lang='lat' dir='ltr'>honore</span> <span class='ocrx_word' id='word_1_157' title='bbox 447 2307 623 2424; x_wconf 88' lang='lat' dir='ltr'>dignatur</span> <span class='ocrx_word' id='word_1_158' title='bbox 654 2337 722 2394; x_wconf 87' lang='lat' dir='ltr'>nec</span> <span class='ocrx_word' id='word_1_159' title='bbox 748 2308 892 2393; x_wconf 88' lang='lat' dir='ltr'>minore</span> <span class='ocrx_word' id='word_1_160' title='bbox 919 2308 988 2392; x_wconf 91' lang='lat' dir='ltr'>suis</span> <span class='ocrx_word' id='word_1_161' title='bbox 1015 2307 1150 2391; x_wconf 90' lang='lat' dir='ltr'>meritis</span> <span class='ocrx_word' id='word_1_162' title='bbox 1166 2367 1178 2411; x_wconf 99' lang='lat'>,</span> <span class='ocrx_word' id='word_1_163' title='bbox 1195 2334 1265 2391; x_wconf 88' lang='lat' dir='ltr'>nec</span> <span class='ocrx_word' id='word_1_164' title='bbox 1296 2306 1459 2420; x_wconf 80' lang='lat' dir='ltr'>majore.</span> <span class='ocrx_word' id='word_1_165' title='bbox 1487 2314 1559 2394; x_wconf 88' lang='lat' dir='ltr'>Ita-</span> <span class='ocrx_word' id='word_1_166' title='bbox 1574 2311 1692 2361; x_wconf 76' lang='lat'>&#39;’⁴&#39;‘&#39;¹·¹·</span> 
     </span>
     <span class='ocr_line' id='line_1_18' title="bbox 98 2423 1557 2540; baseline 0.003 -31"><span class='ocrx_word' id='word_1_167' title='bbox 98 2452 186 2539; x_wconf 84' lang='lat' dir='ltr'>-que</span> <span class='ocrx_word' id='word_1_168' title='bbox 215 2427 380 2540; x_wconf 79' lang='lat' dir='ltr'>ejusdem</span> <span class='ocrx_word' id='word_1_169' title='bbox 407 2425 552 2514; x_wconf 89' lang='lat' dir='ltr'>virtutis</span> <span class='ocrx_word' id='word_1_170' title='bbox 575 2451 630 2513; x_wconf 91' lang='lat' dir='ltr'>est</span> <span class='ocrx_word' id='word_1_171' title='bbox 647 2487 659 2532; x_wconf 92' lang='lat'>,</span> <span class='ocrx_word' id='word_1_172' title='bbox 676 2426 827 2512; x_wconf 91' lang='lat' dir='ltr'>summis</span> <span class='ocrx_word' id='word_1_173' title='bbox 851 2423 936 2512; x_wconf 93' lang='lat' dir='ltr'>viris</span> <span class='ocrx_word' id='word_1_174' title='bbox 954 2455 1005 2531; x_wconf 90' lang='lat' dir='ltr'>,a</span> <span class='ocrx_word' id='word_1_175' title='bbox 1027 2425 1164 2540; x_wconf 88' lang='lat' dir='ltr'>quibus</span> <span class='ocrx_word' id='word_1_176' title='bbox 1191 2424 1327 2509; x_wconf 89' lang='lat' dir='ltr'>virtute</span> <span class='ocrx_word' id='word_1_177' title='bbox 1342 2485 1353 2529; x_wconf 94' lang='lat'>,</span> <span class='ocrx_word' id='word_1_178' title='bbox 1370 2455 1470 2540; x_wconf 92' lang='lat' dir='ltr'>quae</span> <span class='ocrx_word' id='word_1_179' title='bbox 1483 2430 1557 2513; x_wconf 91' lang='lat' dir='ltr'>Dei</span> 
     </span>
     <span class='ocr_line' id='line_1_19' title="bbox 108 2540 1758 2659; baseline -0.002 -33"><span class='ocrx_word' id='word_1_180' title='bbox 108 2572 247 2629; x_wconf 89' lang='lat' dir='ltr'>munus</span> <span class='ocrx_word' id='word_1_181' title='bbox 269 2569 323 2630; x_wconf 91' lang='lat' dir='ltr'>est</span> <span class='ocrx_word' id='word_1_182' title='bbox 348 2540 420 2659; x_wconf 85' lang='lat' dir='ltr'>(ut</span> <span class='ocrx_word' id='word_1_183' title='bbox 446 2570 546 2629; x_wconf 81' lang='lat' dir='ltr'>omne</span> <span class='ocrx_word' id='word_1_184' title='bbox 565 2550 692 2627; x_wconf 82' lang='lat' dir='ltr'>dutum</span> <span class='ocrx_word' id='word_1_185' title='bbox 716 2554 892 2654; x_wconf 82' lang='lat' dir='ltr'>optimum</span> <span class='ocrx_word' id='word_1_186' title='bbox 912 2559 949 2627; x_wconf 84' lang='lat' dir='ltr'>et</span> <span class='ocrx_word' id='word_1_187' title='bbox 969 2548 1098 2628; x_wconf 82' lang='lat' dir='ltr'>donum</span> <span class='ocrx_word' id='word_1_188' title='bbox 1119 2541 1359 2657; x_wconf 68' lang='lat' dir='ltr'>perflatum)</span> <span class='ocrx_word' id='word_1_189' title='bbox 1389 2574 1469 2630; x_wconf 93' lang='lat' dir='ltr'>non</span> <span class='ocrx_word' id='word_1_190' title='bbox 1499 2571 1629 2637; x_wconf 71' lang='lat' dir='ltr'>su-J...</span> <span class='ocrx_word' id='word_1_191' title='bbox 1646 2587 1670 2626; x_wconf 74' lang='grc' dir='ltr'>ι.</span> <span class='ocrx_word' id='word_1_192' title='bbox 1754 2614 1758 2623; x_wconf 27' lang='lat' dir='ltr'>t</span> 
     </span>
     <span class='ocr_line' id='line_1_20' title="bbox 107 2661 1560 2777; baseline 0.006 -33"><span class='ocrx_word' id='word_1_193' title='bbox 107 2686 289 2772; x_wconf 87' lang='lat' dir='ltr'>petatur,</span> <span class='ocrx_word' id='word_1_194' title='bbox 310 2689 347 2747; x_wconf 90' lang='lat' dir='ltr'>se</span> <span class='ocrx_word' id='word_1_195' title='bbox 365 2691 494 2777; x_wconf 87' lang='lat' dir='ltr'>parem</span> <span class='ocrx_word' id='word_1_196' title='bbox 511 2663 675 2768; x_wconf 90' lang='lat' dir='ltr'>ducere,</span> <span class='ocrx_word' id='word_1_197' title='bbox 698 2691 765 2748; x_wconf 91' lang='lat' dir='ltr'>sua</span> <span class='ocrx_word' id='word_1_198' title='bbox 790 2662 920 2748; x_wconf 88' lang='lat' dir='ltr'>metita</span> <span class='ocrx_word' id='word_1_199' title='bbox 936 2661 1086 2775; x_wconf 88' lang='lat' dir='ltr'>Deique</span> <span class='ocrx_word' id='word_1_200' title='bbox 1111 2690 1267 2745; x_wconf 89' lang='lat' dir='ltr'>munera</span> <span class='ocrx_word' id='word_1_201' title='bbox 1290 2661 1560 2776; x_wconf 83' lang='lat' dir='ltr'>existimatione</span> 
     </span>
    </p>

    <p class='ocr_par' dir='ltr' id='par_1_6' title="bbox 105 2778 1561 2895">
     <span class='ocr_line' id='line_1_21' title="bbox 105 2778 1561 2895; baseline 0.007 -35"><span class='ocrx_word' id='word_1_202' title='bbox 105 2804 208 2864; x_wconf 89' lang='lat' dir='ltr'>recta</span> <span class='ocrx_word' id='word_1_203' title='bbox 238 2781 454 2866; x_wconf 86' lang='lat' dir='ltr'>metientem</span> <span class='ocrx_word' id='word_1_204' title='bbox 472 2842 483 2884; x_wconf 94' lang='lat'>,</span> <span class='ocrx_word' id='word_1_205' title='bbox 500 2805 540 2865; x_wconf 91' lang='lat' dir='ltr'>et</span> <span class='ocrx_word' id='word_1_206' title='bbox 567 2809 646 2895; x_wconf 90' lang='lat' dir='ltr'>qua</span> <span class='ocrx_word' id='word_1_207' title='bbox 670 2778 820 2866; x_wconf 92' lang='lat' dir='ltr'>inferior</span> <span class='ocrx_word' id='word_1_208' title='bbox 854 2806 940 2883; x_wconf 91' lang='lat' dir='ltr'>est,</span> <span class='ocrx_word' id='word_1_209' title='bbox 971 2778 1180 2894; x_wconf 91' lang='lat' dir='ltr'>potioribus</span> <span class='ocrx_word' id='word_1_210' title='bbox 1209 2780 1447 2887; x_wconf 90' lang='lat' dir='ltr'>concedere,</span> <span class='ocrx_word' id='word_1_211' title='bbox 1476 2813 1561 2870; x_wconf 86' lang='lat' dir='ltr'>ma-</span> 
     </span>
    </p>

    <p class='ocr_par' dir='ltr' id='par_1_7' title="bbox 108 2896 1563 3014">
     <span class='ocr_line' id='line_1_22' title="bbox 108 2896 1563 3014; baseline 0.007 -35"><span class='ocrx_word' id='word_1_212' title='bbox 108 2924 192 3010; x_wconf 90' lang='lat' dir='ltr'>gno</span> <span class='ocrx_word' id='word_1_213' title='bbox 224 2924 264 2983; x_wconf 89' lang='lat' dir='ltr'>et</span> <span class='ocrx_word' id='word_1_214' title='bbox 283 2897 409 3000; x_wconf 89' lang='lat' dir='ltr'>illustri</span> <span class='ocrx_word' id='word_1_215' title='bbox 430 2898 596 2984; x_wconf 87' lang='lat' dir='ltr'>Aristidis</span> <span class='ocrx_word' id='word_1_216' title='bbox 623 2898 825 3014; x_wconf 83' lang='lat' dir='ltr'>exemplo,</span> <span class='ocrx_word' id='word_1_217' title='bbox 842 2899 908 3014; x_wconf 91' lang='lat' dir='ltr'>qui</span> <span class='ocrx_word' id='word_1_218' title='bbox 928 2897 966 2981; x_wconf 89' lang='lat' dir='ltr'>in</span> <span class='ocrx_word' id='word_1_219' title='bbox 986 2896 1086 2982; x_wconf 90' lang='lat' dir='ltr'>bello</span> <span class='ocrx_word' id='word_1_220' title='bbox 1108 2897 1356 2983; x_wconf 86' lang='lat' dir='ltr'>Marathonio</span> <span class='ocrx_word' id='word_1_221' title='bbox 1373 2960 1385 3003; x_wconf 94' lang='lat'>,</span> <span class='ocrx_word' id='word_1_222' title='bbox 1401 2928 1490 2987; x_wconf 90' lang='lat' dir='ltr'>eum</span> <span class='ocrx_word' id='word_1_223' title='bbox 1510 2903 1563 2989; x_wconf 88' lang='lat' dir='ltr'>in·</span> 
     </span>
    </p>

    <p class='ocr_par' dir='ltr' id='par_1_8' title="bbox 111 3015 1563 3133">
     <span class='ocr_line' id='line_1_23' title="bbox 111 3015 1563 3133; baseline 0.007 -36"><span class='ocrx_word' id='word_1_224' title='bbox 111 3036 170 3098; x_wconf 89' lang='lat' dir='ltr'>ter</span> <span class='ocrx_word' id='word_1_225' title='bbox 186 3015 470 3102; x_wconf 87' lang='lat' dir='ltr'>Atheniensium</span> <span class='ocrx_word' id='word_1_226' title='bbox 499 3018 767 3131; x_wconf 88' lang='lat' dir='ltr'>imperatores,</span> <span class='ocrx_word' id='word_1_227' title='bbox 782 3045 880 3132; x_wconf 91' lang='lat' dir='ltr'>quos</span> <span class='ocrx_word' id='word_1_228' title='bbox 905 3045 951 3100; x_wconf 89' lang='lat' dir='ltr'>ea</span> <span class='ocrx_word' id='word_1_229' title='bbox 974 3016 1102 3103; x_wconf 89' lang='lat' dir='ltr'>civitas</span> <span class='ocrx_word' id='word_1_230' title='bbox 1126 3016 1231 3101; x_wconf 91' lang='lat' dir='ltr'>more</span> <span class='ocrx_word' id='word_1_231' title='bbox 1256 3046 1326 3103; x_wconf 92' lang='lat' dir='ltr'>suo</span> <span class='ocrx_word' id='word_1_232' title='bbox 1351 3020 1563 3133; x_wconf 88' lang='lat' dir='ltr'>complures</span> 
     </span>
    </p>

    <p class='ocr_par' dir='ltr' id='par_1_9' title="bbox 105 3130 1562 3488">
     <span class='ocr_line' id='line_1_24' title="bbox 107 3130 1562 3251; baseline 0.008 -37"><span class='ocrx_word' id='word_1_233' title='bbox 107 3157 199 3216; x_wconf 88' lang='lat' dir='ltr'>cum</span> <span class='ocrx_word' id='word_1_234' title='bbox 228 3162 351 3251; x_wconf 86' lang='lat' dir='ltr'>aequa</span> <span class='ocrx_word' id='word_1_235' title='bbox 368 3158 553 3249; x_wconf 90' lang='lat' dir='ltr'>potestate</span> <span class='ocrx_word' id='word_1_236' title='bbox 582 3134 704 3221; x_wconf 90' lang='lat' dir='ltr'>eidem</span> <span class='ocrx_word' id='word_1_237' title='bbox 729 3134 831 3220; x_wconf 89' lang='lat' dir='ltr'>bello</span> <span class='ocrx_word' id='word_1_238' title='bbox 847 3130 1075 3249; x_wconf 87' lang='lat' dir='ltr'>praefecerat</span> <span class='ocrx_word' id='word_1_239' title='bbox 1092 3196 1104 3239; x_wconf 94' lang='lat'>,</span> <span class='ocrx_word' id='word_1_240' title='bbox 1120 3161 1278 3248; x_wconf 87' lang='lat' dir='ltr'>excepto</span> <span class='ocrx_word' id='word_1_241' title='bbox 1294 3135 1489 3244; x_wconf 89' lang='lat' dir='ltr'>Miltiade,</span> <span class='ocrx_word' id='word_1_242' title='bbox 1508 3139 1562 3225; x_wconf 91' lang='lat' dir='ltr'>di·</span> 
     </span>
     <span class='ocr_line' id='line_1_25' title="bbox 105 3249 1562 3371; baseline 0.008 -39"><span class='ocrx_word' id='word_1_243' title='bbox 105 3249 250 3365; x_wconf 89' lang='lat' dir='ltr'>gnitate</span> <span class='ocrx_word' id='word_1_244' title='bbox 273 3313 286 3358; x_wconf 95' lang='lat'>,</span> <span class='ocrx_word' id='word_1_245' title='bbox 315 3252 460 3371; x_wconf 88' lang='lat' dir='ltr'>gloria,</span> <span class='ocrx_word' id='word_1_246' title='bbox 482 3253 653 3368; x_wconf 90' lang='lat' dir='ltr'>potentia</span> <span class='ocrx_word' id='word_1_247' title='bbox 677 3253 817 3369; x_wconf 92' lang='lat' dir='ltr'>primus</span> <span class='ocrx_word' id='word_1_248' title='bbox 846 3253 1047 3336; x_wconf 87' lang='lat' dir='ltr'>haberetur</span> <span class='ocrx_word' id='word_1_249' title='bbox 1066 3252 1256 3358; x_wconf 87' lang='lat' dir='ltr'>,Miltiadi</span> <span class='ocrx_word' id='word_1_250' title='bbox 1285 3277 1412 3339; x_wconf 91' lang='lat' dir='ltr'>tamen</span> <span class='ocrx_word' id='word_1_251' title='bbox 1428 3317 1440 3361; x_wconf 93' lang='lat'>,</span> <span class='ocrx_word' id='word_1_252' title='bbox 1456 3255 1562 3369; x_wconf 86' lang='lat' dir='ltr'>cujus</span> 
     </span>
     <span class='ocr_line' id='line_1_26' title="bbox 109 3369 1562 3488; baseline 0.004 -34"><span class='ocrx_word' id='word_1_253' title='bbox 109 3370 354 3481; x_wconf 88' lang='lat' dir='ltr'>prudentiam</span> <span class='ocrx_word' id='word_1_254' title='bbox 384 3371 423 3456; x_wconf 92' lang='lat' dir='ltr'>in</span> <span class='ocrx_word' id='word_1_255' title='bbox 461 3372 562 3457; x_wconf 92' lang='lat' dir='ltr'>bello</span> <span class='ocrx_word' id='word_1_256' title='bbox 589 3372 759 3488; x_wconf 88' lang='lat' dir='ltr'>gerendo</span> <span class='ocrx_word' id='word_1_257' title='bbox 789 3369 1045 3485; x_wconf 82' lang='lat' dir='ltr'>anteponebat</span> <span class='ocrx_word' id='word_1_258' title='bbox 1075 3398 1189 3475; x_wconf 91' lang='lat' dir='ltr'>suae,</span> <span class='ocrx_word' id='word_1_259' title='bbox 1205 3373 1385 3459; x_wconf 88' lang='lat' dir='ltr'>concessit</span> <span class='ocrx_word' id='word_1_260' title='bbox 1401 3435 1413 3479; x_wconf 99' lang='lat'>,</span> <span class='ocrx_word' id='word_1_261' title='bbox 1429 3401 1473 3459; x_wconf 92' lang='lat' dir='ltr'>ut</span> <span class='ocrx_word' id='word_1_262' title='bbox 1501 3405 1562 3460; x_wconf 90' lang='lat' dir='ltr'>so·</span> 
     </span>
    </p>

    <p class='ocr_par' dir='ltr' id='par_1_10' title="bbox 111 3483 1561 3603">
     <span class='ocr_line' id='line_1_27' title="bbox 111 3483 1561 3603; baseline 0.008 -35"><span class='ocrx_word' id='word_1_263' title='bbox 111 3483 169 3571; x_wconf 91' lang='lat' dir='ltr'>lus</span> <span class='ocrx_word' id='word_1_264' title='bbox 192 3488 414 3603; x_wconf 87' lang='lat' dir='ltr'>imperaret.</span> <span class='ocrx_word' id='word_1_265' title='bbox 456 3495 558 3574; x_wconf 92' lang='lat' dir='ltr'>Nam</span> <span class='ocrx_word' id='word_1_266' title='bbox 585 3518 675 3575; x_wconf 92' lang='lat' dir='ltr'>cum</span> <span class='ocrx_word' id='word_1_267' title='bbox 701 3491 795 3574; x_wconf 88' lang='lat' dir='ltr'>inter</span> <span class='ocrx_word' id='word_1_268' title='bbox 819 3489 917 3603; x_wconf 89' lang='lat' dir='ltr'>ipsos</span> <span class='ocrx_word' id='word_1_269' title='bbox 933 3489 1046 3574; x_wconf 90' lang='lat' dir='ltr'>duces</span> <span class='ocrx_word' id='word_1_270' title='bbox 1068 3490 1301 3576; x_wconf 89' lang='lat' dir='ltr'>convenisset</span> <span class='ocrx_word' id='word_1_271' title='bbox 1317 3552 1328 3596; x_wconf 94' lang='lat'>,</span> <span class='ocrx_word' id='word_1_272' title='bbox 1347 3514 1388 3574; x_wconf 94' lang='lat' dir='ltr'>ut</span> <span class='ocrx_word' id='word_1_273' title='bbox 1406 3491 1561 3579; x_wconf 91' lang='lat' dir='ltr'>vicissim</span> 
     </span>
    </p>

    <p class='ocr_par' dir='ltr' id='par_1_11' title="bbox 98 3607 1561 3961">
     <span class='ocr_line' id='line_1_28' title="bbox 111 3607 1561 3723; baseline 0.003 -32"><span class='ocrx_word' id='word_1_274' title='bbox 111 3632 180 3714; x_wconf 86' lang='lat' dir='ltr'>pet</span> <span class='ocrx_word' id='word_1_275' title='bbox 204 3607 280 3692; x_wconf 89' lang='lat' dir='ltr'>dies</span> <span class='ocrx_word' id='word_1_276' title='bbox 305 3608 437 3723; x_wconf 88' lang='lat' dir='ltr'>singuli</span> <span class='ocrx_word' id='word_1_277' title='bbox 463 3638 647 3693; x_wconf 90' lang='lat' dir='ltr'>summam</span> <span class='ocrx_word' id='word_1_278' title='bbox 679 3608 731 3692; x_wconf 91' lang='lat' dir='ltr'>rei</span> <span class='ocrx_word' id='word_1_279' title='bbox 760 3607 1086 3692; x_wconf 88' lang='lat' dir='ltr'>administrarent:</span> <span class='ocrx_word' id='word_1_280' title='bbox 1113 3608 1289 3693; x_wconf 87' lang='lat' dir='ltr'>Aristides</span> <span class='ocrx_word' id='word_1_281' title='bbox 1314 3636 1401 3693; x_wconf 92' lang='lat' dir='ltr'>suae</span> <span class='ocrx_word' id='word_1_282' title='bbox 1419 3609 1491 3694; x_wconf 88' lang='lat' dir='ltr'>diei</span> <span class='ocrx_word' id='word_1_283' title='bbox 1505 3610 1561 3721; x_wconf 84' lang='lat' dir='ltr'>jus</span> 
     </span>
     <span class='ocr_line' id='line_1_29' title="bbox 107 3717 1560 3841; baseline 0.007 -37"><span class='ocrx_word' id='word_1_284' title='bbox 107 3717 318 3836; x_wconf 87' lang='lat' dir='ltr'>imperandi</span> <span class='ocrx_word' id='word_1_285' title='bbox 343 3726 530 3812; x_wconf 85' lang='lat' dir='ltr'>transtulit</span> <span class='ocrx_word' id='word_1_286' title='bbox 552 3724 591 3808; x_wconf 94' lang='lat' dir='ltr'>in</span> <span class='ocrx_word' id='word_1_287' title='bbox 608 3725 838 3811; x_wconf 88' lang='lat' dir='ltr'>Miltiadem.</span> <span class='ocrx_word' id='word_1_288' title='bbox 866 3728 998 3820; x_wconf 90' lang='lat' dir='ltr'>Quam</span> <span class='ocrx_word' id='word_1_289' title='bbox 1024 3726 1244 3812; x_wconf 90' lang='lat' dir='ltr'>modestiam</span> <span class='ocrx_word' id='word_1_290' title='bbox 1273 3725 1461 3841; x_wconf 89' lang='lat' dir='ltr'>animique</span> <span class='ocrx_word' id='word_1_291' title='bbox 1486 3757 1560 3814; x_wconf 90' lang='lat' dir='ltr'>ma·</span> 
     </span>
     <span class='ocr_line' id='line_1_30' title="bbox 98 3839 1559 3961; baseline 0.007 -39"><span class='ocrx_word' id='word_1_292' title='bbox 98 3839 339 3953; x_wconf 88' lang='lat' dir='ltr'>gnitudinem</span> <span class='ocrx_word' id='word_1_293' title='bbox 368 3871 456 3928; x_wconf 93' lang='lat' dir='ltr'>cum</span> <span class='ocrx_word' id='word_1_294' title='bbox 489 3872 604 3930; x_wconf 92' lang='lat' dir='ltr'>nemo</span> <span class='ocrx_word' id='word_1_295' title='bbox 635 3844 866 3961; x_wconf 85' lang='lat' dir='ltr'>collegarum</span> <span class='ocrx_word' id='word_1_296' title='bbox 901 3844 1128 3930; x_wconf 89' lang='lat' dir='ltr'>sustinuisset</span> <span class='ocrx_word' id='word_1_297' title='bbox 1161 3872 1244 3930; x_wconf 87' lang='lat' dir='ltr'>non</span> <span class='ocrx_word' id='word_1_298' title='bbox 1276 3844 1435 3949; x_wconf 88' lang='lat' dir='ltr'>imitari,</span> <span class='ocrx_word' id='word_1_299' title='bbox 1462 3875 1559 3932; x_wconf 91' lang='lat' dir='ltr'>sum·</span> 
     </span>
    </p>

    <p class='ocr_par' dir='ltr' id='par_1_12' title="bbox 91 3961 1558 4311">
     <span class='ocr_line' id='line_1_31' title="bbox 96 3961 1558 4076; baseline 0.008 -37"><span class='ocrx_word' id='word_1_300' title='bbox 96 3986 162 4040; x_wconf 90' lang='lat' dir='ltr'>ma</span> <span class='ocrx_word' id='word_1_301' title='bbox 188 3961 392 4045; x_wconf 86' lang='lat' dir='ltr'>auctoritas</span> <span class='ocrx_word' id='word_1_302' title='bbox 421 3961 626 4076; x_wconf 90' lang='lat' dir='ltr'>imperandi</span> <span class='ocrx_word' id='word_1_303' title='bbox 658 3962 800 4048; x_wconf 89' lang='lat' dir='ltr'>ducum</span> <span class='ocrx_word' id='word_1_304' title='bbox 833 3963 1008 4047; x_wconf 90' lang='lat' dir='ltr'>omnium</span> <span class='ocrx_word' id='word_1_305' title='bbox 1040 3990 1225 4047; x_wconf 87' lang='lat' dir='ltr'>consensu</span> <span class='ocrx_word' id='word_1_306' title='bbox 1250 3961 1375 4046; x_wconf 91' lang='lat' dir='ltr'>delata</span> <span class='ocrx_word' id='word_1_307' title='bbox 1402 3989 1457 4049; x_wconf 89' lang='lat' dir='ltr'>est</span> <span class='ocrx_word' id='word_1_308' title='bbox 1488 3965 1558 4050; x_wconf 90' lang='lat' dir='ltr'>uni</span> 
     </span>
     <span class='ocr_line' id='line_1_32' title="bbox 91 4073 1555 4199; baseline 0.008 -43"><span class='ocrx_word' id='word_1_309' title='bbox 91 4073 289 4164; x_wconf 84' lang='lat' dir='ltr'>Miltiadi:</span> <span class='ocrx_word' id='word_1_310' title='bbox 316 4106 433 4192; x_wconf 88' lang='lat' dir='ltr'>atque</span> <span class='ocrx_word' id='word_1_311' title='bbox 464 4080 502 4165; x_wconf 94' lang='lat' dir='ltr'>id</span> <span class='ocrx_word' id='word_1_312' title='bbox 530 4079 724 4166; x_wconf 91' lang='lat' dir='ltr'>consilium</span> <span class='ocrx_word' id='word_1_313' title='bbox 756 4104 905 4166; x_wconf 90' lang='lat' dir='ltr'>constat</span> <span class='ocrx_word' id='word_1_314' title='bbox 922 4142 934 4186; x_wconf 99' lang='lat'>,</span> <span class='ocrx_word' id='word_1_315' title='bbox 951 4077 1099 4165; x_wconf 89' lang='lat' dir='ltr'>sublatis</span> <span class='ocrx_word' id='word_1_316' title='bbox 1127 4080 1431 4166; x_wconf 90' lang='lat' dir='ltr'>contentionibus</span> <span class='ocrx_word' id='word_1_317' title='bbox 1448 4140 1460 4187; x_wconf 94' lang='lat'>,</span> <span class='ocrx_word' id='word_1_318' title='bbox 1476 4081 1555 4199; x_wconf 85' lang='lat' dir='ltr'>glo</span> 
     </span>
     <span class='ocr_line' id='line_1_33' title="bbox 100 4188 1358 4311; baseline 0.004 -34"><span class='ocrx_word' id='word_1_319' title='bbox 100 4188 330 4280; x_wconf 84' lang='lat' dir='ltr'>riosissimam</span> <span class='ocrx_word' id='word_1_320' title='bbox 361 4195 409 4282; x_wconf 90' lang='lat' dir='ltr'>de</span> <span class='ocrx_word' id='word_1_321' title='bbox 441 4197 570 4283; x_wconf 90' lang='lat' dir='ltr'>Medis</span> <span class='ocrx_word' id='word_1_322' title='bbox 604 4199 799 4285; x_wconf 88' lang='lat' dir='ltr'>victoriam</span> <span class='ocrx_word' id='word_1_323' title='bbox 832 4197 1121 4284; x_wconf 85' lang='lat' dir='ltr'>Atheniensibus</span> <span class='ocrx_word' id='word_1_324' title='bbox 1152 4197 1358 4311; x_wconf 87' lang='lat' dir='ltr'>peperisse.</span> 
     </span>
    </p>

    <p class='ocr_par' dir='ltr' id='par_1_13' title="bbox 78 4312 1731 5112">
     <span class='ocr_line' id='line_1_34' title="bbox 163 4312 1552 4431; baseline 0.007 -37"><span class='ocrx_word' id='word_1_325' title='bbox 163 4312 232 4396; x_wconf 87' lang='lat' dir='ltr'>lx.</span> <span class='ocrx_word' id='word_1_326' title='bbox 264 4318 464 4401; x_wconf 61' lang='lat' dir='ltr'>„Poteram</span> <span class='ocrx_word' id='word_1_327' title='bbox 487 4315 624 4400; x_wconf 90' lang='lat' dir='ltr'>hocin</span> <span class='ocrx_word' id='word_1_328' title='bbox 650 4315 738 4402; x_wconf 89' lang='lat' dir='ltr'>loco</span> <span class='ocrx_word' id='word_1_329' title='bbox 761 4317 910 4402; x_wconf 88' lang='lat' dir='ltr'>illustria</span> <span class='ocrx_word' id='word_1_330' title='bbox 935 4315 1264 4431; x_wconf 90' lang='lat' dir='ltr'>magnanimorum</span> <span class='ocrx_word' id='word_1_331' title='bbox 1280 4318 1552 4404; x_wconf 88' lang='lat' dir='ltr'>Romanorum</span> 
     </span>
     <span class='ocr_line' id='line_1_35' title="bbox 97 4421 1551 4522; baseline 0.008 -11"><span class='ocrx_word' id='word_1_332' title='bbox 97 4421 235 4512; x_wconf 82' lang='lat' dir='ltr'>referre</span> <span class='ocrx_word' id='word_1_333' title='bbox 258 4432 350 4518; x_wconf 89' lang='lat' dir='ltr'>:sed</span> <span class='ocrx_word' id='word_1_334' title='bbox 374 4433 612 4520; x_wconf 86' lang='lat' dir='ltr'>commodius</span> <span class='ocrx_word' id='word_1_335' title='bbox 635 4436 769 4520; x_wconf 91' lang='lat' dir='ltr'>eadem</span> <span class='ocrx_word' id='word_1_336' title='bbox 795 4465 819 4519; x_wconf 93' lang='lat' dir='ltr'>a</span> <span class='ocrx_word' id='word_1_337' title='bbox 850 4433 1103 4519; x_wconf 88' lang='lat' dir='ltr'>monumentis</span> <span class='ocrx_word' id='word_1_338' title='bbox 1132 4432 1240 4520; x_wconf 88' lang='lat' dir='ltr'>sacris</span> <span class='ocrx_word' id='word_1_339' title='bbox 1267 4434 1551 4522; x_wconf 87' lang='lat' dir='ltr'>mutuabimur:</span> 
     </span>
     <span class='ocr_line' id='line_1_36' title="bbox 104 4545 1551 4662; baseline 0.007 -35"><span class='ocrx_word' id='word_1_340' title='bbox 104 4545 343 4662; x_wconf 90' lang='lat' dir='ltr'>Paulumque</span> <span class='ocrx_word' id='word_1_341' title='bbox 369 4577 563 4637; x_wconf 88' lang='lat' dir='ltr'>auctorem</span> <span class='ocrx_word' id='word_1_342' title='bbox 582 4552 869 4655; x_wconf 86' lang='lat' dir='ltr'>adhibebimus,</span> <span class='ocrx_word' id='word_1_343' title='bbox 896 4552 1020 4640; x_wconf 90' lang='lat' dir='ltr'>vitum</span> <span class='ocrx_word' id='word_1_344' title='bbox 1049 4550 1218 4637; x_wconf 91' lang='lat' dir='ltr'>divinum</span> <span class='ocrx_word' id='word_1_345' title='bbox 1244 4577 1283 4639; x_wconf 90' lang='lat' dir='ltr'>et</span> <span class='ocrx_word' id='word_1_346' title='bbox 1305 4582 1345 4640; x_wconf 90' lang='lat' dir='ltr'>re</span> <span class='ocrx_word' id='word_1_347' title='bbox 1367 4582 1456 4641; x_wconf 87' lang='lat' dir='ltr'>vera</span> <span class='ocrx_word' id='word_1_348' title='bbox 1472 4581 1551 4638; x_wconf 89' lang='lat' dir='ltr'>ma-</span> 
     </span>
     <span class='ocr_line' id='line_1_37' title="bbox 104 4663 1550 4785; baseline 0.006 -38"><span class='ocrx_word' id='word_1_349' title='bbox 104 4663 331 4778; x_wconf 86' lang='lat' dir='ltr'>gnanimum</span> <span class='ocrx_word' id='word_1_350' title='bbox 347 4669 444 4783; x_wconf 90' lang='lat' dir='ltr'>,qui</span> <span class='ocrx_word' id='word_1_351' title='bbox 459 4697 546 4754; x_wconf 92' lang='lat' dir='ltr'>cum</span> <span class='ocrx_word' id='word_1_352' title='bbox 570 4669 725 4784; x_wconf 89' lang='lat' dir='ltr'>gratiam</span> <span class='ocrx_word' id='word_1_353' title='bbox 743 4668 935 4784; x_wconf 88' lang='lat' dir='ltr'>perpendit</span> <span class='ocrx_word' id='word_1_354' title='bbox 951 4732 963 4775; x_wconf 94' lang='lat'>,</span> <span class='ocrx_word' id='word_1_355' title='bbox 978 4699 1056 4785; x_wconf 89' lang='lat' dir='ltr'>qua</span> <span class='ocrx_word' id='word_1_356' title='bbox 1079 4667 1201 4755; x_wconf 88' lang='lat' dir='ltr'>fuerat</span> <span class='ocrx_word' id='word_1_357' title='bbox 1222 4670 1386 4755; x_wconf 90' lang='lat' dir='ltr'>donatus</span> <span class='ocrx_word' id='word_1_358' title='bbox 1409 4675 1550 4775; x_wconf 87' lang='lat' dir='ltr'>aDeo,</span> 
     </span>
     <span class='ocr_line' id='line_1_38' title="bbox 96 4782 1550 4904; baseline 0.006 -38"><span class='ocrx_word' id='word_1_359' title='bbox 96 4782 230 4869; x_wconf 87' lang='lat' dir='ltr'>ceteris</span> <span class='ocrx_word' id='word_1_360' title='bbox 266 4785 444 4899; x_wconf 90' lang='lat' dir='ltr'>apostolis</span> <span class='ocrx_word' id='word_1_361' title='bbox 474 4786 590 4872; x_wconf 90' lang='lat' dir='ltr'>nihilo</span> <span class='ocrx_word' id='word_1_362' title='bbox 616 4816 654 4872; x_wconf 89' lang='lat' dir='ltr'>se</span> <span class='ocrx_word' id='word_1_363' title='bbox 678 4783 888 4873; x_wconf 87' lang='lat' dir='ltr'>inferiorem</span> <span class='ocrx_word' id='word_1_364' title='bbox 914 4788 1135 4904; x_wconf 88' lang='lat' dir='ltr'>profitetur:</span> <span class='ocrx_word' id='word_1_365' title='bbox 1161 4789 1210 4873; x_wconf 90' lang='lat' dir='ltr'>de</span> <span class='ocrx_word' id='word_1_366' title='bbox 1234 4788 1358 4902; x_wconf 91' lang='lat' dir='ltr'>primis</span> <span class='ocrx_word' id='word_1_367' title='bbox 1379 4789 1480 4872; x_wconf 89' lang='lat' dir='ltr'>enim</span> <span class='ocrx_word' id='word_1_368' title='bbox 1498 4787 1550 4874; x_wconf 89' lang='lat' dir='ltr'>lo·</span> 
     </span>
     <span class='ocr_line' id='line_1_39' title="bbox 92 4901 1731 5018; baseline 0.001 -30"><span class='ocrx_word' id='word_1_369' title='bbox 92 4901 313 5017; x_wconf 87' lang='lat' dir='ltr'>quebatut,</span> <span class='ocrx_word' id='word_1_370' title='bbox 336 4931 426 4993; x_wconf 88' lang='lat' dir='ltr'>cum</span> <span class='ocrx_word' id='word_1_371' title='bbox 456 4904 595 4994; x_wconf 88' lang='lat' dir='ltr'>diceret</span> <span class='ocrx_word' id='word_1_372' title='bbox 608 4937 633 5007; x_wconf 68' lang='grc' dir='ltr'>ε,</span> <span class='ocrx_word' id='word_1_373' title='bbox 654 4906 761 5013; x_wconf 67' lang='lat' dir='ltr'>Midas</span> <span class='ocrx_word' id='word_1_374' title='bbox 788 4915 882 4993; x_wconf 77' lang='lat' dir='ltr'>etaim</span> <span class='ocrx_word' id='word_1_375' title='bbox 896 4967 909 5016; x_wconf 97' lang='lat'>,</span> <span class='ocrx_word' id='word_1_376' title='bbox 923 4916 992 5018; x_wconf 78' lang='lat' dir='ltr'>qui</span> <span class='ocrx_word' id='word_1_377' title='bbox 1006 4909 1251 4995; x_wconf 41' lang='lat' dir='ltr'>addebanturx</span> <span class='ocrx_word' id='word_1_378' title='bbox 1272 4932 1354 4994; x_wconf 83' lang='lat' dir='ltr'>esse</span> <span class='ocrx_word' id='word_1_379' title='bbox 1375 4906 1550 5013; x_wconf 73' lang='lat' dir='ltr'>aliquid,</span> <span class='ocrx_word' id='word_1_380' title='bbox 1566 4924 1731 4990; x_wconf 68' lang='lat' dir='ltr'>recusas</span> 
     </span>
     <span class='ocr_line' id='line_1_40' title="bbox 78 5051 1553 5112; baseline 0.003 -5"><span class='ocrx_word' id='word_1_381' title='bbox 78 5073 92 5083; x_wconf 38' lang='grc' dir='ltr'><strong>κ</strong></span> <span class='ocrx_word' id='word_1_382' title='bbox 152 5059 154 5062; x_wconf 90' lang='grc'><em>·</em></span> <span class='ocrx_word' id='word_1_383' title='bbox 1493 5051 1553 5112; x_wconf 82' lang='lat' dir='ltr'>ut-</span> 
     </span>
    </p>
   </div>
   <div class='ocr_carea' id='block_1_3' title="bbox 0 0 2031 5858">
    <p class='ocr_par' dir='ltr' id='par_1_14' title="bbox 0 0 2031 5858">
     <span class='ocr_line' id='line_1_41' title="bbox 0 0 2031 5858; baseline 0 0"><span class='ocrx_word' id='word_1_384' title='bbox 0 0 2031 5858; x_wconf 95' lang='lat' dir='ltr'> </span> 
     </span>
    </p>
   </div>
  </div>
 </body>
</html>
