4050 5858
705 434 895 505 ιιιιιι
934 433 999 499 ιιι.
1477 454 1543 517 291
1581 451 1586 461 2

30 561 32 568 ’
120 561 279 684 pericula
304 568 448 654 ratione
463 563 587 668 vitat,
603 584 759 647 cautum
777 559 891 677 possis
916 555 1130 674 appellare,
1148 555 1198 642 sic
1226 558 1487 674 magnanimus
1503 594 1572 650 vo

115 714 222 772 catur
253 687 399 823 hum'dis
415 748 427 792 ,
444 706 633 802 quatenus
656 679 802 768 ratione
822 677 976 766 cohibet
999 705 1227 794 magnorum
1243 676 1435 763 honorum
1461 710 1572 798 appu

117 807 274 892 tentias

175 925 245 1010 Vl.
307 921 434 1008 Non
425 921 537 1039 igitur
561 915 737 1006 audiendi
761 942 850 1003 sunt
863 916 960 1033 ,qui
986 914 1232 1000 humilitatem
1248 913 1389 1000 docent
1413 916 1570 1006 adrem

99 1041 324 1155 perantiam
355 1070 432 1127 esse
460 1038 723 1141 referendam,
754 1036 960 1122 Aristotelis
987 1034 1242 1120 testimonium
1274 1061 1407 1146 parum
1440 1036 1569 1122 videli-
1584 1058 1664 1110 trite·
1643 1076 1703 1125 a

98 1184 170 1245 cet
209 1159 379 1275 apposite
412 1159 605 1244 doctrinae
640 1183 730 1240 suae
759 1153 1074 1288 praetendentes,
1109 1175 1306 1266 propterea
1338 1152 1456 1288 quod
1481 1156 1570 1244 Ati-

111 1279 264 1364 stoteles
301 1301 551 1391 temperatum
580 1304 670 1360 eum
701 1274 891 1387 appellet,
907 1271 974 1388 qui
1002 1296 1046 1356 ut
1076 1294 1158 1376 cst,
1186 1271 1235 1354 sic
1264 1298 1302 1354 se
1335 1271 1458 1384 parvis
1491 1273 1568 1361 ho·

72 1415 74 1418 ⁴
112 1397 268 1482 notibus
306 1395 464 1530 dignum
496 1423 575 1480 esse
606 1414 762 1478 censet:
798 1421 897 1507 quos
931 1389 1045 1475 miror
1079 1416 1160 1473 non
1192 1387 1393 1475 advertisse
1423 1416 1566 1509 tempe-

100 1505 255 1599 ltantiae
283 1514 436 1598 nomine
467 1541 548 1598 ιιοιι
574 1509 826 1629 humilitatem
855 1507 953 1594 illo
944 1538 982 1591 tn
1008 1507 1125 1611 loco,
1144 1507 1209 1593 sed
1234 1507 1344 1592 aliam
1369 1507 1484 1644 longe
1511 1513 1566 1600 di·-

99 1659 259 1718 ‘versam
286 1628 468 1718 virtutem
502 1624 642 1715 fuisse
638 1659 661 1712 a
684 1626 912 1743 philosopho
938 1649 1221 1762 nuncupatam:
1258 1625 1443 1713 humilitas
1465 1632 1565 1720 enim

110 1775 194 1834 non
218 1748 324 1836 tenui
357 1749 498 1837 virtute
533 1745 748 1833 hominibus
777 1775 884 1831 suam
915 1743 1156 1862 exiguitatem
1186 1746 1474 1883 agnoscentibus
1503 1750 1566 1836 tti-

109 1866 272 1972 buitur,
288 1865 402 1954 sed“
383 1898 423 1952 ns
446 1865 642 1954 dumtaxat
659 1927 671 1971 ,
687 1865 783 2001 qui,
800 1892 888 1951 cum
911 1864 983 1950 sint
1016 1891 1156 1979 magna
1180 1862 1324 1952 virtutis
1353 1865 1563 1982 dignitate,

107 2010 372 2072 convertentes
398 2007 528 2070 tamen
557 1982 828 2101 cogitationem
851 1983 901 2069 ad
929 2012 1003 2088 ea,
1017 1984 1165 2100 quibus
1191 1980 1369 2070 deficiunt
1387 2042 1398 2089 ,
1418 1981 1563 2072 inferio

105 2123 241 2220 resque
265 2128 353 2190 sunt
383 2102 465 2209 his,
495 2131 583 2187 cum
618 2101 755 2217 quibus
787 2099 1065 2208 conferuntur,
1091 2099 1271 2188 cohibent
1299 2101 1413 2186 animi
1440 2129 1564 2194 tumo

105 2247 192 2326 res,
209 2246 248 2307 et
278 2249 359 2305 non
387 2221 511 2305 solum
538 2227 666 2305 Deum
690 2221 944 2335 spiritalesque
969 2218 1191 2305 substantias
1218 2245 1466 2327 reverentur,
1496 2223 1562 2311 sed

111 2280 324 2424 horhinibus
358 2339 472 2425 etiam
504 2365 747 2455 quacumque
785 2336 930 2423 ratione
962 2338 1289 2451 praestantioribus
1318 2340 1560 2426 concedunt·

107 2457 228 2569 qualis
250 2458 420 2542 Christus
442 2453 542 2562 fuit,
562 2456 766 2572 Virgoquo
784 2480 902 2541 mater
921 2514 933 2559 ,
949 2453 1114 2570 quales
1103 2480 1193 2542 rtem
1211 2453 1411 2571 Apostoli
1428 2456 1563 2543 virio-

108 2573 189 2656 mni
217 2604 354 2690 genere
384 2575 531 2685 virtutis
557 2574 744 2659 decorati.
779 2573 906 2658 Non
897 2572 1010 2688 igitur
1037 2573 1263 2679 humilitati,
1279 2574 1405 2659 sed
1373 2603 1406 2658 et
1432 2575 1561 2662 virtuti

105 2717 249 2777 nomen
275 2693 403 2779 tribuit
422 2691 719 2808 temperantiae,
737 2720 855 2806 quam
880 2690 995 2806 paulo
1022 2716 1111 2776 ante
1135 2693 1289 2777 nomine
1318 2721 1474 2798 vacare,
1493 2697 1560 2782 sed

104 2808 157 2891 ab
181 2810 352 2895 extremis
381 2810 501 2898 modo
530 2809 769 2915 ambitionis,
789 2834 873 2907 tum
900 2808 1076 2895 contrarii
1111 2811 1188 2897 vitii
1219 2808 1448 2898 vocabulum
1481 2840 1561 2898 mu·

104 2927 203 3010 tuati
233 2929 399 3023 dixerat:
429 2929 499 3014 hac
530 2928 631 3013 enim
662 2953 858 3014 censentur
875 2989 887 3033 ,
895 2927 980 3063 'qui
998 2927 1150 3013 ratione
1178 2953 1389 3045 temperant
1421 2957 1559 3041 parvo·-

105 3071 192 3128 tum
210 3071 248 3131 et
263 3046 438 3132 ordini
403 3047 606 3161 virtutique
631 3073 732 3131 suae
742 3045 1050 3133 convenientium
1074 3045 1265 3132 honorum
1289 3046 1555 3160 appetentiam.

104 3163 201 3257 Quo
229 3164 443 3300 intelligitur
471 3166 576 3250 haud
601 3164 742 3267 dubie,
759 3164 892 3250 eadem
924 3192 1006 3247 non
1034 3192 1135 3266 suo,
1152 3164 1217 3250 sed
1249 3163 1373 3249 alieno
1401 3166 1558 3251 nomine

101 3282 351 3396 temperantia
376 3311 442 3397 per
467 3225 771 3388 similitudinenl,
787 3307 831 3367 ut
857 3281 1064 3398 pleraque,
1080 3306 1120 3366 et
1152 3280 1433 3368 translationem
1460 3311 1557 3367 nun-

95 3398 260 3513 cupam,
277 3401 326 3487 de
340 3429 418 3516 qua
441 3427 569 3486 tamen
595 3401 733 3487 virtute
759 3345 860 3485 idem
882 3395 1136 3486 Aristoteles'
1126 3427 1165 3484 ιιι
1181 3401 1281 3486 libris
1298 3404 1494 3483 Eudemiis
1509 3404 1555 3483 de
1570 3427 1627 3483 ιιι.
1643 3444 1666 3491 2.

94 3520 266 3601 ‘moribus
292 3516 343 3605 ad
369 3520 471 3605 hunc
495 3516 656 3604 modum
680 3518 868 3604 edisserit:
898 3515 1155 3632 Tali',1nquit
1168 3580 1180 3624 ,
1194 3523 1324 3602 habitu
1346 3522 1552 3661 praeditus

103 3639 443 3744 videturquidem,
472 3654 686 3722 nontamen
714 3652 773 3720 est
797 3643 1027 3745 magnanimo
1055 3646 1296 3741 contrarius,
1323 3643 1553 3743 nequeenim

102 3760 301 3860 opponitur
316 3764 352 3838 ei
368 3765 408 3838 in
422 3759 490 3840 hac
508 3812 522 3859 ,
539 3760 636 3862 quod
659 3760 714 3837 sit
729 3757 1003 3864 vituperandus
1025 3780 1136 3857 ,cum
1157 3783 1239 3838 sese
1253 3755 1418 3859 habeat,
1439 3779 1555 3860 quem

99 3874 293 3954 admodum
321 3880 421 3955 ratio
436 3876 546 3980 juber
562 3930 576 3977 ,
591 3889 630 3956 ea
655 3888 713 3956 est
736 3891 874 3956 natura
902 3875 1000 3954 idem
1029 3885 1138 3977 atque
1170 3881 1451 3982 magnanimus:
1469 3897 1553 3954 nam

99 4004 253 4095 uterque
279 4015 348 4097 qua
373 3994 508 4100 dignus
531 4005 618 4095 ert,
634 3993 703 4075 hoa
719 4018 800 4075 sese
822 3995 1001 4100 dignatur
1029 3989 1191 4094 bonore,
1207 4007 1245 4073 et
1268 3993 1330 4072 hia
1346 3988 1465 4086 fieret
1495 3994 1555 4072 di·

98 4112 246 4211 gnitate
270 4124 486 4216 suppetente
510 4115 794 4243 magnanimur,
821 4134 905 4191 nam
934 4132 976 4189 se
1000 4118 1244 4215 promeritis
1272 4111 1404 4192 bonore
1422 4113 1554 4214 digna·

96 4235 228 4306 retur.
264 4226 328 4310 Ad
356 4227 450 4311 haec
473 4226 717 4342 temperantia
743 4226 880 4313 eodem
911 4249 1065 4310 auctore
1093 4226 1132 4308 in
1161 4223 1212 4311 eis
1236 4225 1356 4311 modo
1379 4225 1648 4339 voluptuaria.
1664 4269 1689 4318 ι.

101 4336 203 4423 tibus
231 4344 480 4457 temperandis
508 4345 611 4430 haud
640 4345 754 4430 dubie
777 4369 947 4432 versatur
963 4406 975 4450 ,
992 4366 1091 4456 quae
1116 4344 1311 4449 sensibus,
1330 4368 1399 4427 nec
1429 4343 1552 4429 hiso·

100 4454 280 4564 mnibus,
301 4462 366 4547 sed
391 4486 495 4546 tactu
522 4487 560 4547 et
589 4487 741 4579 gustatu
770 4464 996 4579 capiuntur,
1013 4459 1213 4592 honoris
1193 4460 1423 4575 jucunditate
1447 4460 1552 4545 nullo

105 4572 172 4658 tali
199 4581 366 4711 corporis
394 4609 503 4664 sensu
525 4577 710 4686 fruimur,
736 4582 802 4667 sed
829 4604 956 4666 mente
987 4573 1141 4693 potius,
1172 4606 1217 4668 ut
1241 4579 1355 4668 docet
1373 4578 1552 4664 Aristote-

103 4689 157 4778 les
189 4695 304 4781 tertio
335 4697 565 4784 Ethicnrum.

179 4802 266 4897 Vll
337 4818 518 4902 Ceteram
551 4816 652 4901 nulla
682 4817 798 4904 virtus
829 4841 885 4903 est
917 4820 1032 4907 exiis
1059 4817 1246 4950 quidem,
1275 4840 1375 4929 quae
1406 4763 1553 4926 tempe·

102 4951 194 5019 tant
218 4920 407 5021 humanos
432 4931 589 5022 affectus
603 4937 727 5053 ,quin
750 4936 957 5139 ιοιιιὸιιοάε
980 4937 1106 5028 valeat
1130 4962 1196 5052 per
1221 4930 1496 5021 similitudinem
1512 4947 1558 5013 ac

870 5082 931 5139 02
1445 5075 1562 5137 trans·
