4006 5850
511 360 577 442 ,os
810 352 879 427 nn
908 355 1049 427 nnro
1058 354 1123 427 nr
1143 356 1322 432 trntno
1341 357 1582 435 annnnro

480 480 573 568 lium
600 462 865 595 cognoscunt
888 478 1031 566 Cum
1008 477 1133 613 rgittrr
1155 503 1325 568 constet
1336 479 1496 568 naturae-
1515 483 1700 570 conatus
1710 507 1861 599 magna
1887 513 1928 574 ιι

480 625 587 716 parre
600 598 833 712 procedere,
865 596 1016 712 quod
991 624 1096 713 signa
1098 599 1301 689 naturalia
1329 596 1556 714 portendere
1584 598 1872 716 intelligerent,
1889 604 1924 692 id

481 715 563 804 lore
590 715 893 850 praedicebant.
895 716 971 803 Sed
989 723 1002 820 l
1017 713 1127 829 quod
1150 741 1206 802 est
1229 741 1378 803 nostrae
1399 717 1603 805 sententiae
1630 746 1726 804 sane
1742 749 1922 854 magnum

481 831 773 954 argumentum)
787 860 868 917 non
883 831 1004 949 ignari
1010 859 1154 968 'coepta
1166 860 1328 921 naturae
1343 863 1635 970 nonnumquam
1663 836 1789 922 causb
1806 865 1921 925 exter·

478 955 537 1040 nis
552 1012 566 1059 ,
582 970 697 1068 atque
722 950 866 1036 casibus
883 950 1088 1068 impediri,
1116 954 1328 1066 ριιιιοιιιιιι
1343 950 1410 1039 ubi
1434 953 1592 1040 locus
1566 978 1612 1039 stt
1632 954 1829 1041 humanae
1851 989 1914 1044 uo-

476 1072 643 1179 luntati,
654 1069 836 1161 omnibus
866 1069 1055 1184 responsis
1074 1096 1255 1177 noctem,
1272 1096 1395 1188 quam
1403 1071 1564 1178 mannae
1577 1096 1779 1189 poterant,
1792 1070 1916 1164 offun-

477 1193 640 1296 dentes,
663 1187 842 1274 latebram
857 1187 1106 1274 obscuritatis
1111 1184 1355 1280 adhibebant,
1465 1262 1470 1267 ,
1506 1261 1508 1265 ,

306 1347 482 1397 neutuna
540 1252 663 1396 XVlI.
723 1306 870 1392 Eadem
896 1302 974 1392 fere
994 1304 1172 1391 cadunt
1162 1336 1208 1391 rn
1215 1306 1503 1396 Chaldaeorum
1527 1307 1822 1423 praedictiones
1847 1316 1917 1399 Ne·

291 1420 468 1528 {gumtis-w

480 1456 557 1544 que
572 1427 673 1514 enim
691 1425 849 1513 dubium
866 1448 946 1529 est,
962 1421 1056 1537 quin
1073 1425 1342 1512 Mathematici
1346 1455 1426 1512 non
1445 1427 1532 1513 dico
1546 1455 1637 1514 casu
1654 1439 1919 1545 (quamquam

482 1547 524 1633 id
540 1545 684 1660 saepius
699 1536 918 1656 efficiatur)
922 1542 1007 1628 sed
1006 1567 1058 1625 ex
1072 1567 1182 1650 arte,
1206 1571 1307 1659 quae
1321 1544 1571 1657 plurimorum
1592 1569 1633 1631 et
1660 1545 1862 1632 bominum
1883 1572 1919 1635 et

481 1693 671 1749 annorum
688 1657 951 1749 observatione
965 1655 1139 1745 confecta
1165 1685 1252 1768 est,
1277 1661 1371 1777 quid
1402 1685 1535 1748 natura
1564 1662 1749 1750 moliatur
1776 1693 1917 1782 cogno-

484 1807 626 1869 scentes
642 1841 654 1887 ,
670 1809 759 1869 vera
780 1776 1025 1912 practicam,
1041 1777 1107 1863 sed
1119 1775 1356 1916 plerumque
1361 1776 1480 1886 falsa,
1512 1809 1592 1867 non
1615 1780 1749 1866 solnm
1769 1783 1822 1868 ob
1835 1783 1917 1869 artis

480 1899 759 2035 ignorantiam,
788 1923 867 2011 qua
898 1894 966 2010 ipsi
983 1901 1238 2032 caecutiunt,
1270 1921 1336 1983 aut
1367 1897 1532 2010 ejsudem
1562 1897 1909 2013 imperfectionem,

479 2048 597 2134 quam
624 2016 681 2102 isti
694 2036 924 2118 causantur,
921 2037 1074 2097 verum
1090 2014 1279 2126 quianon
1285 2044 1431 2130 semper
1448 2039 1604 2101 ιιιιιιιιι
1618 2016 1840 2122 molimina,
1856 2048 1919 2105 ne

477 2165 555 2251 que
570 2134 718 2270 pariter·
717 2125 861 2247 ubique
878 2124 1104 2246 procedunt
1138 2133 1254 2219 Unde
1268 2131 1311 2219 lit
1326 2158 1547 2251 ,ursaepq
1563 2161 1663 2219 cum
1672 2134 1837 2249 pluviam
1850 2131 1912 2221 fo-

478 2281 520 2339 re
534 2251 744 2338 certissimis
753 2248 863 2385 signis
879 2246 1190 2364 portendentibus
1216 2279 1264 2336 ex
1291 2276 1370 2338 arte
1394 2281 1461 2338 sua
1486 2252 1771 2389 praedixerint,
1789 2278 1911 2339 tamen

479 2401 551 2488 pro
566 2371 710 2458 tatione
726 2366 926 2472 materiae,
951 2367 1032 2452 hoc
1040 2389 1118 2471 est,
1126 2368 1604 2484 vaporumexltalantinm,
1633 2371 1706 2486 qui
1741 2369 1887 2459 solent
1879 2401 1917 2458 tn

481 2519 620 2606 aquam
634 2512 882 2628 cpncrescere,
897 2484 958 2570 luc
970 2484 1124 2570 abunde
1139 2488 1272 2604 pluat,
1284 2486 1349 2572 ubi
1363 2487 1504 2623 copiosi
1517 2512 1606 2574 sunt
1621 2513 1664 2574 et
1684 2486 1846 2592 idonei,
1874 2488 1918 2574 il·

480 2609 527 2695 lic
543 2610 695 2719 materia
711 2635 824 2738 parce
834 2629 1054 2721 suppetente
1069 2632 1200 2723 guttae
1216 2604 1355 2694 cadant
1368 2605 1550 2710 rariores,
1573 2605 1674 2690 alio
1664 2635 1705 2691 m
1721 2605 1812 2694 loco
1826 2668 1841 2712 ,
1856 2607 1916 2692 ubi

461 2727 575 2814 naec
590 2733 737 2843 penitus
751 2721 926 2814 defecerit
941 2786 954 2832 ,
971 2754 1023 2812 ne
1021 2724 1176 2813 nubila
1183 2726 1337 2842 quidem
1354 2724 1580 2864 appareant,
1601 2724 1734 2822 Quod
1752 2723 1917 2840 prolecto

482 2840 763 2935 Mathematicis
774 2864 854 2930 non
869 2844 1029 2933 deberet
1035 2865 1113 2931 esse
1133 2843 1296 2952 fraudi,
1304 2874 1376 2962 qur
1359 2842 1548 2962 ριιιιιιιιι
1564 2872 1647 2936 non
1670 2844 1917 2978 quasineces·

484 2963 598 3051 sario
607 2964 645 3048 in
662 2967 724 3053 illo
747 2979 870 3051 tractu
893 2958 1057 3050 futuram
1073 2956 1151 3052 esse
1171 2963 1455 3083 praedixerint,
1472 2962 1569 3051 sed
1561 2987 1618 3049 rra
1633 2961 1824 3069 dernum,
1854 2959 1920 3048 nisi

485 3082 605 3168 causis
619 3068 831 3171 caelestibus
845 3081 1054 3183 obstiterim
1071 3077 1368 3214 impedimenta,
1381 3081 1630 3202 quominus,
1637 3081 1752 3194 quod
1771 3104 1914 3194 penam,

485 3222 745 3315 assequantur
776 3204 896 3285 Porro
911 3223 954 3284 ut
968 3199 1007 3284 in
1023 3196 1252 3315 hujusmodi
1260 3202 1369 3286 rebus
1393 3199 1546 3285 materia
1561 3222 1601 3285 et
1621 3197 1718 3283 aliae
1732 3198 1917 3332 quaedam

406 3360 407 3363 ¹
483 3343 659 3406 externae
674 3345 806 3405 causae
821 3341 978 3403 naturae
994 3313 1137 3431 fatique
1158 3317 1356 3405 conatibus
1371 3317 1563 3403 interdum
1576 3315 1800 3419 obsistunt,
1823 3314 1872 3400 sic
1883 3314 1920 3400 in

367 3507 372 3517 .
485 3438 597 3522 rebus
622 3436 798 3551 agendis
793 3436 987 3520 bominis
980 3455 1085 3550 vaga
1111 3458 1156 3522 ιι
1167 3428 1294 3521 libera
1317 3432 1518 3557 voluntas
1504 3431 1705 3563 pronitati
1734 3432 1919 3536 naturali,

486 3553 755 3670 quamtulam
764 3552 1054 3638 Mathematicus
1076 3580 1123 3637 ex
1138 3554 1302 3639 motibus
1321 3576 1507 3638 astrorum
1534 3557 1660 3665 potest
1689 3550 1920 3664 praedicere.

487 3676 602 3759 Hanc
618 3671 716 3759 enim
740 3671 851 3807 siquis
867 3693 975 3756 natus
1002 3696 1140 3784 parum
1151 3669 1315 3757 felicibus
1339 3670 1474 3775 astris,
1497 3667 1589 3754 velit
1614 3668 1791 3754 evincere
1811 3729 1825 3773 ,
1844 3692 1925 3782 pot·

488 3812 543 3875 est
558 3789 666 3875 rebus
682 3788 861 3905 oppositis
890 3786 1157 3874 assuescendo
1148 3818 1187 3873 ιιι
1202 3812 1352 3875 tantum
1372 3814 1573 3901 superare,
1594 3785 1688 3870 utin
1706 3816 1736 3870 ο
1763 3785 1922 3920 ροιὶιιιιιι

486 3904 752 3993 confirmatum
767 3907 969 4012 habitum,
993 3905 1067 3991 hoc
1081 3931 1151 4012 est,
1160 3905 1321 3992 alteram
1335 3900 1595 4009 natutamllli,
1619 3931 1702 4061 qua
1763 3903 1849 3989 tin
1861 3903 1922 3987 lu·

485 4050 569 4114 cem
585 4026 732 4132 edints,
753 4024 978 4112 contrariam
988 4020 1253 4112 nanciscatur
1353 4074 1359 4093 ι
1389 4070 1390 4079 ¹
1461 4092 1464 4095 <

485 4145 687 4229 XVlll.
730 4148 850 4228 Nam
862 4142 1201 4261 quemadmodum
1206 4142 1392 4249 aleatori,
1402 4165 1453 4228 ιιι
1468 4140 1615 4231 divinus
1637 4139 1755 4229 Plato
1768 4141 1927 4246 dinebat,

487 4262 652 4374 optimus
672 4261 830 4379 quisque
856 4261 971 4371 iactus
987 4254 1223 4375 exoptandas
1237 4282 1325 4365 est,
1351 4262 1417 4348 sed
1431 4259 1616 4377 quidquid
1633 4260 1839 4365 ceciderit,
1867 4290 1926 4362 eo,

488 4405 605 4493 quam
619 4379 917 4466 commodissime
943 4375 1021 4463 fieri
1036 4380 1180 4513 possit,
1202 4379 1409 4466 utendum:
1436 4406 1601 4494 quorum
1628 4375 1822 4485 alterum,
1859 4379 1927 4464 hoc

488 4519 565 4602 est,
582 4492 753 4584 feliciter
745 4525 884 4610 tacere,
905 4524 985 4582 non
1000 4520 1056 4582 est
1077 4494 1116 4579 in
1131 4496 1254 4582 lusore
1270 4495 1464 4610 potinam,
1489 4495 1646 4583 alterum
1662 4519 1721 4582 est
1752 4496 1794 4580 in
1823 4496 1925 4611 ipsius

486 4612 706 4720 industria,
703 4641 758 4702 ut
773 4613 928 4703 dexter
915 4638 1034 4751 pactus
1059 4614 1267 4751 aptissime
1265 4613 1335 4702 ad
1343 4614 1576 4704 vincendum
1605 4615 1925 4725 accommodetur,

479 4732 627 4870 ,sinister
644 4759 688 4821 ut
702 4740 835 4868 quam·
837 4731 989 4826 minime
997 4732 1133 4850 possit
1139 4729 1311 4822 officere:
1343 4733 1404 4839 sic'
1383 4733 1662 4871 expetendum
1684 4733 1836 4852 cuique
1856 4732 1924 4815 ιιο-

485 4851 578 4940 mini
594 4877 679 4964 est,
697 4878 743 4941 ut
756 4849 939 4969 optimam
955 4843 1243 4941 habitudinem
1237 4848 1421 4945 anatua
1426 4853 1633 4961 sorrianu,
1656 4853 1791 4969 'quod
1788 4878 1847 4948 est
1865 4879 1925 4938 su·

1863 4998 1924 5085 pil
