4192 5880
503 410 551 487 74
905 387 1126 464 RERUM
1162 385 1507 465 GESTARUM

480 539 640 604 vent-um
657 539 736 623 est,
751 510 977 600 ecclesiastici
991 513 1114 598 castris
1131 512 1388 629 adequitando
1405 579 1417 624 ,
1434 517 1559 603 hostes
1575 510 1625 604 ad
1644 526 1814 636 pugnani
1844 538 1931 635 pro'

482 638 693 721 vocabant.
728 634 780 718 llli
803 664 889 718 cum
920 632 985 717 diu
1010 658 1252 741 cunctantes,
1270 635 1379 751 quod
1401 665 1560 722 numero
1593 636 1667 749 jam
1695 668 1776 722 non
1811 641 1932 729 modo

480 783 591 839 causa
603 754 858 840 ecclesiasticos
873 754 1076 867 superiores
1092 749 1244 839 effectos
1260 780 1534 873 cognoverant,
1550 784 1588 841 se
1602 757 1697 840 intra
1711 782 1830 843 castra
1846 788 1933 846 con·

481 874 671 959 tinuissent
685 937 696 979 ,
711 897 965 988 coeptumque
982 896 1075 957 esset
1089 868 1187 957 fame
1204 872 1372 959 laborare
1384 874 1553 978 ,silentio
1579 875 1696 960 noctis
1714 878 1839 962 castris
1856 878 1935 962 ela·

328 1068 331 1069 f
481 994 643 1078 buntur.
675 996 763 1077 Hoc
789 992 852 1078 ubi
871 1015 925 1075 est
949 991 1134 1078 Gometio
1154 993 1203 1075 ab
1232 993 1525 1107 exploratoribus
1551 993 1805 1081 renuntiatum
1829 996 1934 1111 ,ipse

362 1196 365 1201 .
481 1139 569 1196 cum
589 1112 759 1228 equitatu
790 1139 1044 1226 praegressus,
1061 1137 1104 1196 ut
1128 1107 1311 1226 fugientes
1337 1130 1573 1218 moraretur,
1598 1138 1764 1199 ceterum
1795 1144 1933 1230 agmen

482 1260 629 1314 summa
657 1231 841 1316 celeritate
873 1231 1046 1343 subsequi
1069 1230 1173 1342 jubet
1190 1260 1199 1311 ε
1216 1258 1285 1314 nec
1308 1230 1424 1349 longe
1456 1261 1670 1347 progressos
1698 1235 1881 1339 assecuti,
1909 1263 1932 1320 a

482 1351 685 1435 novissimo
701 1350 850 1466 agmine
870 1348 1071 1434 lacessunt.
1100 1348 1258 1434 llliveto
1272 1411 1285 1455 ,
1301 1351 1425 1435 multis
1450 1380 1606 1436 suorum
1636 1349 1791 1456 amissis,
1813 1353 1930 1436 conti·

481 1468 589 1553 nenti
607 1465 706 1586 fuga.
721 1469 761 1553 in
773 1466 970 1585 quoddam
984 1466 1063 1582 agri
1080 1468 1244 1552 Perusini
1274 1468 1464 1555 castellum
1480 1498 1519 1552 se
1546 1468 1749 1582 recipiunt,
1766 1465 1930 1556 frumen·

484 1610 528 1670 to
552 1588 755 1703 cererisque
769 1586 1038 1673 commeatibus
1054 1588 1152 1672 adeo
1170 1578 1347 1693 vacuum,
1364 1614 1408 1673 ut
1429 1587 1565 1672 obsessi
1586 1588 1648 1672 vix
1661 1588 1780 1683 biduo
1796 1615 1929 1702 potue·

483 1704 558 1789 rint
583 1701 721 1791 famem
754 1706 933 1791 tolerare.
965 1701 1140 1789 Tandem
1159 1707 1268 1788 rebus
1284 1705 1505 1820 desperaris,
1523 1705 1766 1819 permiserunt
1787 1735 1826 1790 se
1843 1711 1932 1791 Go-

483 1822 619 1907 metio.
647 1824 754 1928 Qui,
773 1850 898 1909 sumto
924 1820 1070 1934 capitali
1096 1821 1274 1936 supplicio
1289 1824 1338 1908 de
1367 1824 1422 1907 his
1439 1828 1534 1936 ,qui
1549 1848 1662 1936 caput
1687 1847 1933 1938 auctoresque

483 1963 680 2024 tantorum
703 1942 889 2026 malorum
912 1939 1125 2025 exstiterant
1139 2001 1152 2044 ‚
1168 1964 1212 2024 ur
1234 1966 1354 2025 essent
1374 1940 1553 2026 latrocinii
1586 1967 1630 2023 ac
1650 1938 1824 2054 perfidiae
1854 1971 1934 2027 non

483 2055 623 2142 inultae
636 2059 934 2162 documentum,
954 2082 1098 2144 ceteros
1111 2121 1124 2164 ,
1138 2080 1293 2176 accepta
1313 2056 1442 2144 fidere
1466 2058 1587 2171 primo
1603 2087 1761 2173 quoque
1784 2081 1932 2172 tempo

483 2203 525 2261 re
557 2174 691 2261 linibus
707 2178 834 2264 Italicis
863 2178 940 2262 sine
953 2175 1081 2287 injuria
1096 2204 1307 2265 excessuros
1323 2237 1334 2280 ,
1352 2177 1505 2291 impune
1528 2176 1628 2260 abire
1644 2176 1834 2290 permittit.

545 2297 689 2380 XXXI.
748 2299 819 2381 His
844 2297 896 2380 ita
912 2294 1121 2400 debellatis,
1138 2295 1230 2379 nihil
1246 2323 1431 2408 superesse
1447 2292 1667 2396 videbatur,
1683 2294 1791 2410 quod
1809 2316 1935 2406 posset

483 2411 604 2497 otium
633 2443 839 2530 pacemque
871 2415 1059 2499 sociorum
1082 2439 1120 2498 et
1148 2412 1325 2498 clientum
1356 2411 1526 2497 ecclesiae
1557 2411 1764 2515 solicitare,
1790 2435 1934 2524 praeter

485 2531 680 2617 Perusinos
697 2595 708 2638 ,
724 2534 791 2648 qui
810 2531 1065 2649 quorumdam
1080 2559 1125 2616 ex
1145 2532 1368 2645 primoribus
1400 2529 1558 2644 impubu
1584 2531 1694 2613 rebus
1722 2529 1831 2615 novis
1859 2557 1934 2613 stu·

343 2681 473 2755 ragusium
486 2645 628 2735 debant
645 2683 653 2733 :
673 2651 824 2767 jamque
839 2651 1031 2736 Assissium
1063 2649 1211 2738 ditionis
1233 2678 1332 2733 suae.
1350 2645 1532 2733 fecerant.
1564 2651 1716 2733 Horum
1751 2647 1862 2761 igitur
1890 2671 1935 2732 ut

293 2748 612 2874 {hh‘l'ifflllmorus
642 2758 826 2855 inhiberet
856 2768 1031 2883 Aegidius
1046 2828 1058 2872 ,
1075 2763 1263 2880 praefecto
1295 2765 1427 2851 Blasco
1451 2790 1619 2878 nepote,
1643 2767 1709 2880 qui
1738 2764 1860 2849 Piceni
1896 2787 1935 2850 et

292 2863 474 2976 llhll‘Pl‘
485 2884 682 2973 flaminiae
705 2918 834 2973 curam
850 2911 995 3004 gereret
1010 2949 1023 2992 ,
1038 2885 1077 2973 in
1093 2885 1290 2970 Umbriam
1306 2882 1567 2999 proficiscitur.
1591 2888 1644 2968 Et
1661 2883 1727 2968 ubi
1742 2883 1935 2968 Assissium

486 3004 660 3117 pervenit
674 3067 686 3109 ,
701 3006 963 3091 Perusinorum
991 3004 1110 3116 ejecto
1132 3003 1313 3118 praesidio
1330 3065 1342 3106 ,
1357 3003 1547 3090 civitatem
1578 3030 1666 3086 suae
1697 3000 1858 3087 reddidit
1895 3000 1935 3085 li·

485 3120 639 3206 bertati.
673 3129 715 3208 ln
732 3154 832 3239 qua,
851 3124 944 3208 aede
972 3123 1150 3206 Francisci
1164 3134 1366 3206 restaurata
1383 3182 1395 3225 ,
1412 3119 1583 3206 sacellum
1600 3120 1710 3204 intus
1736 3118 1837 3229 jussit
1873 3146 1935 3202 ae·

486 3237 647 3325 dificati:
666 3268 705 3326 et
728 3243 765 3326 in
782 3271 831 3327 eo
865 3239 1164 3343 monimentum,
1194 3269 1274 3353 quo
1307 3263 1476 3324 mortuus
1506 3237 1756 3338 conderetur,
1784 3234 1933 3319 exstrui.

294 3396 412 3457 aegram
425 3393 472 3442 sm
485 3358 692 3472 Tantisque
715 3357 910 3445 beneficiis
928 3359 1212 3443 Monachorum
1242 3357 1442 3472 collegium
1468 3381 1684 3470 prosecutus
1715 3379 1770 3439 est
1786 3415 1797 3457 ,
1815 3378 1859 3439 ut
1895 3381 1935 3438 se

295 3471 398 3507 mortuo
421 3469 463 3504 mo
486 3473 495 3489 ⁰

295 3530 443 3589 armentum
467 3476 550 3587 ‚rpsi
581 3478 807 3564 sanctissimo
833 3504 974 3564 statuto
997 3476 1303 3579 constrinxerint,
1322 3474 1473 3590 singulis
1497 3474 1682 3557 mensibus
1699 3533 1710 3576 ,
1727 3496 1860 3585 quarta
1895 3497 1936 3557 et

296 3591 473 3706 hlhfssli
486 3591 663 3709 vigesima
679 3624 833 3711 quaque
862 3597 921 3682 die
935 3657 948 3700 ,
964 3593 1041 3706 eius
1069 3594 1213 3677 animae
1242 3594 1336 3705 justa
1359 3622 1397 3677 se
1425 3593 1464 3675 in
1492 3618 1716 3704 perpetuum
1731 3589 1936 3674 celebratu-

296 3707 381 3747 ’Μ’
487 3739 550 3795 ros
565 3744 574 3794 ε
592 3716 701 3827 quod
725 3711 892 3799 officinm
907 3713 985 3827 pari
1014 3713 1063 3798 de
1087 3741 1198 3795 causa
1214 3709 1409 3794 Bononiae
1424 3708 1671 3794 anniversario
1693 3736 1796 3792 sacro
1829 3736 1932 3821 prae·

482 3853 587 3914 stant
609 3831 730 3917 eidem
756 3833 794 3916 in
819 3832 912 3917 aede
929 3829 1084 3943 Joannis
1111 3831 1150 3915 in
1175 3852 1305 3913 monte
1330 3862 1410 3910 xxv.
1429 3825 1588 3941 Augusti
1617 3825 1774 3943 religiosi
1804 3855 1937 3910 mona·

368 3988 369 3993 Ν
486 3945 546 4030 chi
564 3950 657 4063 ,qui
671 3951 872 4068 vAugustini
900 3949 1068 4067 regulam
1100 3946 1347 4063 profitentur.
1381 3947 1456 4035 Sed
1485 3945 1578 4029 dum
1604 3945 1740 4031 Assissii
1758 3945 1938 4058 Aegidius

488 4091 770 4174 commoratur,
798 4068 938 4184 cupido
964 4068 1144 4152 incessisse
1178 4066 1346 4150 animum
1376 4061 1491 4150 fertur
1529 4063 1695 4176 eorporis
1723 4061 1936 4146 sanctissimi

311 4185 664 4299 e‘aamaafrancisci
691 4188 831 4273 visendi
852 4188 988 4304 :quod
1010 4215 1097 4269 cum
1113 4184 1402 4271 venerabundus
1434 4181 1702 4295 conspexisset,
1720 4204 1759 4264 et
1782 4177 1939 4292 impres·

297 4301 476 4410 ἏῖζῖἓῖυζΜ
488 4329 528 4383 sa
544 4303 680 4389 Christi
708 4307 862 4390 vulnera
880 4329 1069 4406 notasset,
1085 4302 1304 4387 exclamasse
1320 4301 1475 4406 dicitur,
1493 4299 1553 4386 vel
1569 4299 1690 4382 solum
1708 4296 1938 4383 Franciscum

488 4419 540 4503 ad
567 4420 863 4508 confirmandam
878 4422 1014 4506 Christi
1039 4419 1257 4536 religionem
1274 4420 1357 4504 saris
1372 4416 1498 4509 fuisse.
1529 4421 1617 4499 Post
1639 4416 1732 4499 haec
1749 4416 1939 4500 Petusium

487 4539 683 4651 pervenit,
700 4566 947 4656 acceptusque
978 4541 1017 4625 in
1035 4539 1190 4642 urbem,
1207 4567 1294 4623 cum
1325 4563 1495 4623 auctores
1514 4532 1698 4619 malorum
1721 4532 1851 4646 partim
1879 4549 1937 4615 ca·

489 4655 588 4769 pirali
621 4659 799 4773 supplicio
829 4660 1046 4763 multasset,
1080 4657 1278 4771 partimin
1315 4655 1476 4741 exsilium
1507 4653 1685 4754 misisset,
1703 4649 1831 4741 ceteris
1858 4648 1939 4736 col-

487 4774 666 4878 laudaris,
686 4808 730 4862 ac
745 4777 881 4862 liberali
898 4777 1068 4861 oratione
1085 4773 1339 4878 confirmatis,
1357 4771 1565 4857 Virerbium
1584 4769 1768 4892 pervenit,

432 4899 440 4902 ⁷
549 4893 707 4981 xxxx.
768 4902 880 4980 Tunc
902 4911 995 4983 vcro
1024 4924 1112 4982 cum
1144 4895 1354 4982 universam
1371 4891 1513 4978 ltaliam
1544 4918 1610 4974 sua
1634 4915 1750 5003 opera
1763 4894 1941 5002 pacatam

1843 5036 1938 5092 con·
