4020 5864
410 311 417 321 ’
507 347 574 437 ,ss
840 348 1206 422 nmnnoroom·
1224 349 1321 424 nno
1351 350 1453 420 nra.
1476 352 1558 422 nro

368 518 383 554 2
475 481 537 560 s'to
552 478 641 559 Deo
656 472 817 562 erlauere
832 477 961 581 Moria
977 477 1179 566 videatur:
1205 477 1370 564 nonne*
1390 476 1599 564 stultissime
1626 473 1721 563 'facit
1738 505 1754 582 ,
1773 500 1817 563 et
1833 505 1934 592 prae·

283 579 531 692 {lillfflmllssrer
561 620 719 678 omnem
747 597 994 682 reverentiam
1026 624 1072 681 ac
1105 597 1318 711 pietatem,
1347 624 1449 712 quae
1475 592 1553 681 filio
1586 596 1660 682 Dei
1702 596 1860 710 optimo
1896 621 1934 684 et

283 699 446 822 {l'ffsfssff‘
473 709 638 798 maximo
672 711 870 799 debetur?
899 714 973 800 Sed
998 714 1096 801 dices
1111 711 1293 800 fortasse:
1324 712 1516 830 Jomaoa
1540 724 1727 799 moriones
1768 722 1931 822 loqutus

473 832 631 936 Morio,
654 833 725 914 sed
744 851 815 940 pro
834 834 897 916 his
906 842 1124 942 piscatores
1147 847 1320 942 usurpat.
1353 838 1535 948 Agnosco
1550 833 1648 916 clara
1673 831 1817 917 indicia
1839 863 1924 946 poe·

347 999 349 1001 ·
472 948 621 1035 nitentis
644 949 788 1053 animi;
819 976 935 1066 atque
967 951 1112 1035 utinam
1136 948 1186 1034 sie
1215 952 1252 1036 in
1268 951 1397 1035 ceteris
1422 949 1551 1034 Motia
1573 948 1794 1062 resipiscat:
1829 981 1922 1063 prae·

473 1095 555 1153 sens
570 1090 699 1151 tamen
715 1067 946 1182 poenitentia
979 1097 1061 1153 non
1083 1068 1214 1173 tollit,
1240 1069 1306 1153 sed
1331 1093 1447 1184 auget
1469 1067 1591 1180 potius
1620 1068 1770 1180 peccati
1804 1068 1922 1180 prioris

389 1274 392 1278 Α
474 1209 741 1302 argumentum
766 1212 1029 1301 :quamquam
1050 1210 1203 1271 nonest
1218 1215 1314 1301 opus
1329 1184 1495 1289 indiciis,
1521 1212 1609 1268 cum
1626 1184 1707 1297 ipse
1732 1213 1927 1299 peccatum

474 1332 687 1420 agnoscas,
719 1303 781 1390 vel
798 1305 835 1387 in
853 1332 902 1390 eo
932 1305 1041 1418 quod
1064 1299 1174 1388 fueris
1200 1331 1324 1388 sacrae
1352 1303 1553 1416 scripturae
1571 1301 1698 1388 verbis
1724 1332 1864 1416 parum
1879 1334 1928 1391 re·

475 1447 650 1510 verenter
678 1420 852 1535 jocatus,
881 1421 946 1506 nisi
976 1421 1083 1536 quod
1116 1419 1259 1505 factum
1295 1448 1445 1505 excusas
1472 1417 1630 1504 aliorum
1658 1422 1878 1534 exemplo,
1907 1454 1928 1509 a

474 1539 601 1625 multis
625 1538 725 1623 enim
741 1539 779 1625 id
795 1538 874 1625 lieri
904 1538 1018 1624 dicis:
1041 1539 1147 1652 quasi
1162 1567 1257 1626 vero
1268 1538 1336 1653 qui
1351 1535 1620 1623 latrocinantur
1639 1593 1656 1640 ,
1691 1567 1776 1622 non
1793 1541 1927 1653 possint

472 1657 546 1743 isto
563 1656 683 1743 modo
714 1655 830 1774 longe
858 1655 1020 1771 plurium
1040 1656 1212 1769 exemplo
1229 1657 1380 1769 culpam
1393 1655 1448 1740 sui
1465 1653 1604 1738 sceleris
1619 1682 1814 1740 excusare.
1830 1660 1924 1742 Mul·

474 1799 520 1862 to
536 1774 647 1892 igitur
661 1774 778 1891 magis
798 1798 902 1860 etua
915 1771 1097 1890 dignitate
1110 1768 1250 1877 fuisset,
1265 1772 1304 1857 in
1319 1801 1365 1857 ea
1382 1771 1623 1886 responsione
1639 1797 1821 1884 perstare,
1837 1775 1923 1859 stul·

474 1892 594 1979 titiam
619 1891 827 1978 stultissime
856 1921 913 1978 res
938 1919 1088 1997 sacras,
1111 1914 1150 1977 et
1179 1891 1435 2009 religionem,
1461 1894 1578 2004 atque
1605 1887 1807 1975 Christum
1839 1893 1924 1978 atti-

476 2008 673 2129 gisse'(de
688 2009 835 2126 reliquis
860 2010 960 2093 enim
982 2007 1071 2093 nihil
1097 2006 1262 2110 laboro)
1286 2009 1443 2094 erineo
1466 2033 1573 2094 tuam
1589 2005 1747 2120 cralpam
1763 2009 1921 2125 ingenue

358 2187 397 2228 μ,
475 2127 645 2215 confiteri
662 2189 675 2231 ,
691 2157 809 2242 quam
826 2125 867 2169 '⁴'
883 2151 1022 2212 temere
1037 2123 1177 2210 factum
1196 2156 1276 2211 non
1292 2127 1369 2211 sinc
1395 2125 1543 2239 majoris
1557 2124 1783 2241 pertinaciae
1804 2128 1915 2242 suspi-

280 2248 308 2297 ¹⁰
336 2250 400 2299 ⁰⁰⁰¹·
420 2261 464 2297 ‘¹'
477 2248 585 2333 cione
600 2247 780 2360 quapiam
805 2244 1033 2361 frigidissime
1063 2271 1107 2350 ac
1123 2244 1339 2330 debilissime
1355 2245 1464 2331 tueri.

283 2311 360 2369 empl.
377 2316 464 2356 renum

283 2374 419 2428 reram,
436 2379 489 2438 et*
535 2366 734 2452 XXXVII.
766 2409 768 2411 >
796 2365 869 2450 Sed
892 2361 966 2474 jam
997 2363 1163 2447 Moriarn
1185 2392 1256 2449 suo
1287 2363 1457 2480 quodam
1489 2363 1610 2450 modo
1642 2363 1724 2476 jure
1747 2364 1925 2452 insanien-

267 2443 359 2489 dupla
398 2442 459 2476 scn-

283 2503 356 2602 llll}
382 2488 461 2537 ''⁸⁶⁰²‘'
474 2509 553 2571 tem
581 2483 846 2586 dimittamus,
874 2479 968 2566 nesi
986 2480 1094 2598 ¹gravi
1119 2477 1463 2598 ¹justaqueAlberri
1490 2483 1546 2567 Pii
1560 2511 1720 2569 censura
1746 2509 1927 2589 taxatam,

476 2634 547 2691 nec
569 2601 842 2715 resipiscentem
867 2598 1004 2687 diutius
1030 2627 1265 2720 urgeamus,
1291 2600 1356 2718 ipsi
1382 2628 1539 2717 quoque
1564 2630 1728 2715 operam
1754 2602 1923 2689 ludentes

477 2724 587 2809 stulte
603 2718 724 2807 facere
746 2718 996 2807 existimemur
1013 2780 1025 2828 ,
1052 2744 1090 2808 et
1111 2722 1388 2809 monachorum
1405 2749 1580 2825 causam,
1604 2720 1674 2835 qui
1690 2748 1733 2804 se
1759 2720 1809 2805 ab
1822 2726 1924 2805 Eras-

476 2871 545 2926 mo
587 2865 669 2926 tum
700 2840 819 2952 joco,
843 2863 926 2924 tum
954 2841 1069 2926 etiam
1092 2841 1187 2926 serio
1215 2842 1349 2956 passim
1377 2840 1474 2928 laedi
1506 2900 1526 2944 ,s
1541 2865 1777 2952 summaque
1801 2837 1923 2949 injuria

477 2955 574 3043 allici
598 2984 926 3072 conqueruntur,
957 2987 1157 3075 parumper
1189 2959 1408 3046 disseramus
1437 3017 1448 3054 ,
1477 2987 1548 3073 pro
1580 2957 1724 3072 quibus
1755 2983 1841 3041 cum
1862 2954 1926 3041 tibi

477 3077 563 3163 Pius
594 3075 757 3185 objectat
779 3138 791 3182 ‚
811 3077 921 3191 quod
940 3075 1048 3162 variis
1064 3078 1101 3160 in
1128 3076 1216 3163 locis
1241 3103 1366 3163 totum
1391 3077 1557 3190 ipsorum
1588 3075 1771 3160 ordinem
1800 3074 1844 3158 ac
1871 3071 1927 3157 in·

480 3195 608 3282 stitura
625 3194 810 3297 damnes,
839 3224 987 3280 summa
1003 3218 1091 3280 tuae
1109 3195 1356 3309 responsionis
1371 3218 1455 3299 est,
1480 3217 1520 3279 te
1535 3219 1614 3279 non
1633 3190 1849 3278 monachos
1871 3219 1925 3275 ac·

481 3342 639 3419 cusare,
666 3314 732 3398 sed
760 3341 896 3427 pravos
925 3342 969 3397 ac
999 3313 1271 3429 superstitiosos
1295 3311 1535 3417 monachos-3
1561 3338 1642 3396 non
1672 3309 1847 3425 ipsorum
1866 3311 1921 3393 in-

483 3434 613 3519 stituta
635 3431 843 3534 damnare,
869 3429 934 3515 sed
953 3429 1055 3516 vitia.
1083 3430 1205 3526 Quod
1223 3431 1250 3515 si
1275 3459 1364 3517 vere
1380 3425 1543 3515 affirmas
1569 3487 1584 3534 ,
1606 3456 1687 3512 non
1720 3428 1848 3513 solum
1874 3425 1925 3511 in·

481 3549 572 3664 juria
590 3548 784 3665 negotium
800 3546 1033 3652 tibi‘facessit
1059 3550 1145 3633 Pius
1171 3611 1184 3655 ,
1207 3577 1340 3636 verum
1371 3546 1558 3662 estquod
1584 3573 1724 3632 omnes
1757 3545 1931 3631 monachi

482 3668 549 3752 tibi
573 3667 708 3784 gratias
735 3665 849 3752 etiam
872 3691 988 3780 atque
1013 3666 1128 3751 etiam
1163 3692 1308 3782 agant,
1337 3691 1453 3781 teque
1487 3692 1635 3749 summa
1664 3662 1930 3749 benevolentia

481 3805 769 3900 prosequantur.
801 3781 904 3867 Nulli
921 3812 1088 3899 namque
1105 3785 1275 3869 homines
1300 3811 1378 3869 tarn
1401 3809 1528 3869 severe
1544 3779 1605 3867 vel
1631 3779 1854 3897 castigant,
1872 3779 1929 3865 vel

481 3905 644 4021 puniunt
660 3901 778 3987 malos
803 3900 1044 4005 monachos,
1068 3897 1183 4015 quam
1197 3900 1290 3986 boni
1305 3899 1509 3986 monachi:
1540 3896 1631 3982 nulli
1652 3924 1747 3984 sunt
1775 3899 1926 3984 acriores

481 4022 653 4111 omnium
671 4020 848 4106 vitiorum
889 4048 934 4104 ac
964 4016 1192 4134 flagitiorum
1216 4046 1399 4105 censores.
1430 4020 1512 4102 Cur
1526 4016 1637 4131 igitur
1658 4045 1800 4102 omnes
1817 4076 1830 4122 ,
1848 4045 1927 4130 pro·

482 4173 530 4256 pe
552 4141 732 4242 dixerim,
751 4137 926 4223 monachi
953 4166 1033 4220 uno
1050 4136 1203 4221 nomine
1219 4136 1384 4232 oderunt
1410 4141 1636 4239 Erasmum,
1665 4158 1707 4221 et
1722 4163 1808 4248 quo
1828 4136 1929 4249 quis-

481 4288 560 4375 que
582 4257 742 4345 sanctior
758 4280 845 4359 est,
869 4283 912 4339 ac
928 4253 1072 4368 pietatis
1087 4253 1302 4359 amantior,
1329 4254 1405 4339 hoc
1429 4253 1541 4338 etiam
1566 4250 1682 4367 magis
1712 4252 1764 4336 ad
1790 4281 1931 4338 nomen

483 4378 628 4462 Erasmi
642 4381 936 4463 commovetur?
965 4400 1011 4457 ac
1026 4370 1182 4459 vicissim
1205 4371 1300 4457 nulli
1320 4371 1622 4485 ipsorumsunt,
1643 4369 1714 4482 qui
1733 4369 1863 4454 minus
1885 4370 1930 4456 de

484 4520 524 4582 te
541 4493 636 4578 male
659 4494 892 4606 loquantur,
920 4518 1037 4604 quam
1051 4489 1119 4606 qui
1143 4520 1167 4574 a
1192 4490 1423 4575 monachatu
1446 4486 1664 4575 defecerunt
1687 4546 1701 4592 ,
1727 4514 1798 4572 aut
1831 4484 1930 4574 dele·

485 4615 684 4715 ctionem,
708 4610 736 4694 si
757 4639 835 4724 qua
857 4608 1004 4693 ratione
1019 4608 1152 4713 detur,
1175 4607 1406 4692 moliuntur:
1437 4607 1546 4721 quod
1561 4630 1695 4690 contra
1722 4604 1806 4690 fieri
1821 4634 1925 4723 opor·

487 4735 592 4818 rebat
615 4791 627 4834 ,
652 4729 680 4814 si
707 4727 795 4815 vitia
825 4751 1037 4842 pravosque
1053 4725 1217 4842 ipsorum
1251 4754 1402 4835 mores,
1426 4721 1508 4812 non
1532 4722 1647 4811 etiam
1676 4724 1861 4814 ordinem
1882 4748 1917 4807 rc

489 4876 626 4938 statum
642 4845 885 4962 improbares.
1862 4957 1925 5048 sed
