4192 5880
499 394 635 470 ΑΕΘ.
673 390 1081 467 ALBORNOTII
1115 394 1225 465 LIB.¹
1262 396 1292 463 1.
1587 414 1626 489 ¹3

188 523 270 636 „ac
294 519 517 641 neutiquam
526 519 669 639 sejungi
687 515 925 634 jurejurando
943 516 1144 625 stantisse,
1165 515 1384 634 profiteatur
1402 515 1480 623 ,ab
1507 544 1557 605 eo
1582 547 1649 633 po

189 643 361 753 „stulare
379 707 391 751 ,
408 645 573 761 primum
604 666 648 726 ut
676 638 831 752 copias,
848 664 948 752 quae
974 665 1110 753 agrum
1124 638 1378 725 Tudertinum
1415 635 1653 748 infestarent,

183 764 316 872 „inde
344 763 626 880 quamprimum
658 759 861 844 abduceret
878 787 886 839 :
904 754 1041 841 deinde
1068 756 1236 844 civitates
1263 756 1413 843 ditionis
1443 757 1654 844 Ecclesasti-

181 944 209 991 „
224 912 290 968 cae
319 912 368 969 ne
393 881 525 988 bello,
556 907 652 967 neue
685 877 755 961 alia
783 873 913 989 injuria
941 873 1131 962 lacesseret
1155 900 1376 993 :postremo
1410 906 1572 994 rogare,
1604 905 1654 965 ne

183 1061 214 1111 „
230 988 400 1090 hostibus
416 1002 488 1088 suis
503 995 766 1112 Pontificisque
782 1056 796 1101 ,
813 994 1028 1109 praesertim
1043 995 1180 1108 Joanni
1200 995 1327 1101 Vico,
1353 1021 1558 1111 praestaret,
1583 1027 1649 1083 au-

182 1121 374 1229 „xilium.
410 1124 523 1219 Quae
546 1117 574 1203 si
600 1117 652 1202 ita
678 1111 844 1219 fecisset,
863 1109 1043 1230 magnam
1068 1114 1115 1199 illi
1133 1143 1260 1201 secum
1291 1137 1330 1199 et
1358 1143 1446 1200 curn
1464 1113 1648 1204 Pontifice

183 1241 399 1346 „Maximo
423 1239 581 1358 gratiam
608 1231 774 1321 futuram
790 1258 1070 1348 ,acturumque
1095 1263 1134 1319 se
1151 1233 1345 1349 pollicetur
1375 1262 1464 1318 cum
1496 1263 1647 1330 summo

183 1417 217 1465 „
230 1357 411 1448 Pontifice
428 1420 439 1462 ,
456 1382 500 1443 ut
531 1353 681 1440 fratrem
713 1352 791 1468 ejus
811 1410 825 1457 ,
843 1353 1038 1437 hominem
1075 1354 1359 1438 ecclesiasticum
1391 1378 1430 1439 et
1457 1353 1651 1469 utriusque

183 1537 213 1584 „
225 1476 310 1589 juris
337 1507 416 1562 non
446 1475 658 1592 imperitum
690 1501 778 1557 cum
812 1471 977 1557 honestis
1005 1471 1183 1556 reditibus
1212 1471 1423 1587 Episcopali
1465 1471 1648 1589 dignitate

184 1654 211 1702 „
226 1624 407 1712 augeret:
434 1597 494 1681 sin
519 1596 642 1680 minus
675 1593 768 1677 haec
796 1591 1010 1706 impetraret
1025 1620 1155 1704 ,quae
1182 1614 1259 1676 tam
1292 1590 1388 1698 justa
1413 1615 1453 1674 et
1486 1593 1650 1678 honesta

182 1739 345 1821 „essent
361 1742 477 1820 ,cum
507 1743 587 1799 non
613 1711 738 1797 rrtinus
761 1711 886 1796 hostes
906 1780 908 1786 .
927 1708 1101 1794 ecclesiae
1120 1710 1342 1815 ulciscendi,
1358 1738 1475 1824 quam
1508 1710 1649 1799 amicos

83 1883 85 1890 2
184 1892 211 1938 „
224 1858 263 1918 et
286 1831 451 1919 clientes*
464 1830 715 1919 conservandi
754 1858 883 1914 curam
921 1828 1173 1945 suscepisset,
1206 1858 1287 1914 non
1320 1857 1397 1915 sese
1428 1830 1646 1933 commissu-

186 1980 343 2058 ,·,rum,
377 1977 422 2036 ut
446 1952 585 2038 horum
618 1948 765 2061 injurias
793 1947 993 2064 neglexisse
1024 1948 1231 2034 videretur.
1246 1955 1272 1998 “
1306 1950 1369 2035 Ad
1402 1948 1496 2034 haec
1526 1951 1647 2035 Mons

188 2070 335 2187 Regalis
362 2071 486 2185 paucis
512 2069 729 2186 respondit:
763 2129 795 2173 ,.,
807 2068 915 2179 Justa
938 2094 1014 2152 esse
1032 2068 1180 2183 Aegidii
1196 2067 1383 2181 postulata
1399 2128 1411 2171 ,
1428 2091 1472 2151 ee
1497 2094 1650 2183 accepta

186 2188 446 2294 „conditione
463 2251 474 2296 ,
490 2188 637 2274 nihilsc
670 2187 850 2300 deinceps.
875 2211 1048 2271 acturum
1078 2185 1275 2301 pollicetur
1293 2246 1315 2290 ,.
1331 2185 1440 2301 quod
1464 2185 1645 2274 intellexe

185 2367 214 2414 „
228 2308 303 2414 rit,
327 2308 488 2425 Aegido
528 2334 755 2422 summoque
788 2301 959 2389 Pontifici
998 2303 1216 2390 molestiam.
1254 2329 1325 2389 aut.
1360 2304 1648 2394 incommodum
1700 2311 1702 2316 '

187 2427 448 2532 „allaturumt
468 2433 495 2478 “
524 2427 724 2542 statimque
755 2422 958 2510 exercitum
984 2453 1008 2509 a
1031 2423 1206 2512 Tuderto
1231 2450 1453 2538 promotum
1484 2423 1524 2511 in
1550 2425 1652 2514 Pico
1749 2514 1751 2521 s

185 2573 279 2630 num
303 2547 500 2660 perduxit.
790 2566 791 2575 ‘
1336 2659 1339 2662 Ι

196 2712 199 2717 ·
245 2667 358 2750 XVs
396 2669 505 2750 Haec
535 2665 672 2752 eodem
710 2687 879 2781 tempore
908 2665 1083 2783 Aegidio
1098 2691 1275 2781 responsa
1309 2661 1482 2782 factaque
1516 2663 1649 2756 refere-
1663 2695 1748 2770 seran
1766 2709 1781 2749 ι
1798 2698 1838 2811 p.

185 2780 325 2868 bantur
341 2845 353 2889 ,
368 2787 413 2870 et*
431 2783 569 2901 legati,
587 2815 685 2902 quos
716 2785 768 2869 ad
782 2786 971 2897 Joannem
989 2785 1126 2869 Vicum
1153 2787 1327 2891 miserat,
1359 2788 1531 2874 redibant
1549 2818 1558 2871 τ
1576 2790 1643 2904 qui
1662 2759 1730 2871 lli?
1768 2773 1795 2810 ¹‘
1815 2773 1841 2811 ⁸'

162 2897 282 2987 ·haec
310 2931 483 3016 responsa
519 2904 567 2989 ab
606 2905 984 3019 ipso..reportarunt:
1011 2903 1199 3020 „Aegidii
1228 2905 1418 3020 postulata
1445 2905 1575 3023 gravia
1607 2938 1647 2996 se

185 3049 217 3127 ,·,
232 3044 270 3106 et
291 3021 484 3138 periniqua
500 3051 677 3129 censere,
702 3045 741 3108 et
767 3021 921 3136 inquae
937 3021 1013 3106 sine
1048 3048 1323 3140 magnaopum
1349 3054 1500 3110 suarum
1525 3025 1647 3138 jactu

185 3168 268 3245 „ra
296 3169 443 3255 suoque
478 3141 662 3226 dedecore
693 3140 916 3227 descendere
940 3139 1111 3255 nequiret
1130 3173 1138 3225 :
1159 3170 1291 3256 pacem
1322 3167 1450 3229 tamen
1483 3173 1579 3230 crunt
1595 3175 1648 3235 eo

184 3286 271 3363 „ac
297 3288 446 3346 summo
478 3258 659 3347 Pontifiee
692 3258 804 3343 certis.
833 3257 1109 3344 conditionibus
1151 3257 1392 3347 libentissime
1415 3291 1500 3349 essee
1524 3259 1646 3352 factu

187 3405 338 3482 „ruma
353 3383 379 3454 l‘
409 3378 557 3471 Quibus
574 3375 857 3462 conditionibus
868 3437 888 3480 ,.
899 3404 987 3461 cum
1004 3405 1065 3460 eas
1095 3376 1308 3494 periniquas
1324 3408 1402 3466 esse
1429 3407 1645 3494 constaret,

186 3495 348 3580 misine
373 3496 563 3611 acceptis,
588 3494 792 3611 Aegidius,
815 3523 904 3578 cum
935 3495 1107 3609 primum
1121 3525 1187 3610 per
1210 3498 1299 3582 anni
1327 3523 1475 3614 tempus
1491 3527 1642 3616 posset,

187 3639 274 3696 etun
302 3613 401 3699 bello
426 3617 597 3731 persequi
612 3613 756 3700 statuit.
788 3617 900 3697 Tunc
914 3642 1008 3699 vero
1034 3609 1170 3700 affecto
1182 3642 1376 3702 autumno
1398 3642 1509 3732 parte
1530 3648 1642 3706 exer-

183 3728 279 3815 eitus
294 3735 457 3817 Romam
482 3736 588 3818 missa
605 3761 732 3849 ,quae
760 3730 945 3847 populum
975 3733 1014 3816 in
1038 3726 1165 3818 officio
1181 3735 1414 3841 contineret,
1432 3735 1558 3822 locum
1584 3737 1641 3827 bi·

184 3845 309 3934 bernis
344 3851 584 3969 deligendum
601 3912 613 3958 ,
630 3852 668 3936 in
694 3852 822 3936 omnia
837 3877 968 3964 ,quae
1006 3851 1090 3934 usui
1119 3852 1218 3937 bell
1237 3849 1371 3940 firnata.
1394 3854 1642 3969 viderentur,

179 3972 440 4084 comparanda
467 3969 709 4056 eristirnavit.
742 3967 895 4055 Abdita
913 3967 1041 4085 igitur
1072 3969 1167 4055 inter
1196 3972 1396 4058 Perusinos
1428 3973 1637 4086 discordia,

183 4113 249 4169 sua
277 4088 505 4204 praesentia,
538 4089 744 4206 animisque
773 4088 818 4173 in
841 4085 1063 4174 Pontificem
1085 4088 1345 4198 confirmatis,
1371 4093 1556 4209 populum
1581 4125 1638 4183 weo

183 4208 339 4292 nomine
354 4207 492 4292 liberali
515 4209 693 4297 oratione·
715 4205 973 4293 collaudatum
998 4208 1202 4316 hortatur,
1239 4235 1283 4296 ut
1313 4209 1351 4295 in
1378 4240 1423 4296 ea
1455 4212 1641 4303 sententia

183 4345 227 4405 et
242 4321 316 4409 fide
332 4326 562 4438 persisteret,
579 4354 664 4414 tum
694 4326 810 4442 quod·
824 4328 863 4411 in
882 4357 926 4412 se
949 4351 1028 4412 tam
1052 4324 1209 4413 officiosi
1238 4329 1479 4439 exstitissent,
1500 4333 1637 4450 gratias

180 4438 284 4555 egit.
318 4443 516 4532 Postremo
533 4447 893 4533 florentinorum-ac
908 4445 1127 4532 Senensium
1161 4449 1334 4564 exemplo
1364 4478 1636 4536 commemora·

180 4581 254 4662 ro,
277 4559 397 4674 petit,
419 4567 558 4680 utipsi
586 4595 743 4682 quoque
764 4595 809 4651 se·
825 4564 952 4681 aliquo
978 4565 1115 4651 auxilio
1131 4563 1258 4678 juvare
1289 4563 1403 4651 officii
1430 4571 1630 4656 ducerent.

179 4680 295 4762 fsunc
312 4680 475 4792 Perusini
490 4714 554 4796 per
586 4687 774 4799 primores
789 4683 928 4771 civium
947 4713 1103 4769 omnem
1133 4716 1239 4771 suam
1269 4716 1424 4802 operam
1441 4686 1634 4804 fidemque

178 4793 332 4909 polliciti
349 4860 361 4904 ,
378 4800 521 4914 equites
550 4804 583 4886 ei
615 4805 798 4890 ducentos
814 4802 906 4890 dant
922 4865 934 4909 ,
951 4804 1087 4919 quibus
1106 4804 1193 4891 loco
1221 4807 1426 4921 praetoriae
1459 4810 1633 4895 wcohortis

176 4928 367 5017 uteretur.
389 4919 589 5039 Hiscopiis
599 4920 782 5039 Aegidius
797 4947 956 5033 auctus,
974 4923 1140 5012 necdum
1151 4950 1278 5033 tamen
1293 4926 1482 5042 Joaonill
1484 4928 1543 5016 ico
1559 4927 1635 5132 aqi*
