4020 5864
508 387 575 459 574
858 364 1215 437 ANTAPOLOGIA
1233 369 1331 440 PRO
1354 368 1458 443 ALB·
1475 376 1557 445 1³10

476 521 686 585 vacaneum
703 519 780 580 esse
806 488 1011 610 significare
1044 492 1257 584 videantur.
1286 500 1402 596 Quae
1428 526 1473 586 tu
1496 501 1661 617 primum
1693 502 1749 588 sic
1776 522 1941 616 mares,

476 619 656 720 colloquia
681 643 778 728 opus
805 640 883 700 esse
900 610 937 694 in
953 610 1029 697 hoc
1043 641 1335 729 comparatum,
1361 645 1411 706 >ut
1424 618 1595 706 illecebra
1610 621 1830 737 voluptatis
1855 653 1940 741 pue·

474 732 506 817 ri
529 733 643 822 veluti
670 759 737 852 per
752 732 876 818 lusum
894 731 1039 819 discant
1065 734 1223 820 Latine:
1254 735 1429 823 nimirum
1447 799 1459 844 ,
1478 763 1524 824 ut
1539 740 1612 824 hac
1626 741 1786 826 ratione
1803 742 1935 832 doceas

476 846 593 972 iniqui
610 881 687 942 esse
714 878 759 936 ac
784 854 924 939 morosi
949 849 1076 963 judicis
1104 912 1117 962 ,
1144 877 1274 941 exacte
1301 857 1341 942 in
1364 855 1459 944 ludo
1488 856 1619 973 puerili
1644 859 1843 947 rationem
1876 863 1932 950 di-

476 991 627 1061 crorum
656 1004 701 1060 ac
716 999 845 1059 severe
860 971 1078 1088 postulare:

535 1093 679 1180 XLVII
738 1094 908 1177 Nemoa
933 1115 971 1176 te
996 1089 1115 1205 petit,
1140 1095 1295 1179 Erasme
1313 1154 1326 1200 ,
1343 1117 1387 1181 ut
1406 1093 1566 1212 quando
1592 1124 1639 1181 ex
1654 1090 1817 1213 fastigio
1831 1095 1926 1185 then·

476 1212 625 1331 legiae,
653 1238 692 1298 et
707 1237 894 1296 sacratum
912 1210 1117 1297 litterarum
1133 1209 1426 1298 enarrationein
1450 1213 1559 1299 istam
1573 1239 1740 1320 curam,
1772 1239 1820 1301 ut
1847 1246 1928 1332 pue

448 1352 451 1357 ’
475 1361 538 1420 ros
555 1331 688 1418 Latine
704 1328 873 1435 doceas,
900 1353 939 1414 te
955 1326 1150 1432 demittere
1167 1358 1247 1415 non
1266 1330 1461 1447 gravaris,
1493 1360 1540 1416 ea
1570 1331 1745 1449 porrigas
1773 1333 1930 1451 legenda

475 1453 625 1564 pueris,
650 1475 749 1563 quae
765 1446 863 1562 ipsos
880 1447 942 1533 vel
960 1447 1154 1534 severitate
1170 1446 1376 1553 orationis,
1406 1449 1470 1536 vel
1499 1449 1678 1536 materiae
1699 1450 1933 1540 obscuritate

477 1599 502 1654 a
519 1567 684 1686 legendo
700 1565 922 1653 deterreant.
955 1565 1030 1651 Sed
1056 1565 1147 1651 illud
1163 1564 1392 1682 quisprobet
1408 1565 1567 1671 ,talibus
1591 1564 1730 1653 fabulis
1755 1566 1930 1658 informes

477 1716 684 1801 puerorum
700 1685 847 1770 animos
862 1682 1028 1768 imbuere
1057 1680 1183 1788 velle,
1208 1707 1253 1769 ut
1281 1684 1332 1770 ab
1348 1684 1501 1772 ineunte
1521 1709 1646 1773 aetate
1676 1684 1827 1774 discant
1850 1689 1928 1774 reli-

477 1805 632 1921 gionem
649 1803 678 1889 si
696 1831 777 1890 nou
791 1826 1035 1889 contemnere
1055 1859 1068 1907 ,
1097 1823 1197 1886 certe
1214 1801 1336 1887 minus
1352 1825 1565 1890 reverenter
1590 1803 1719 1890 colere
1737 1863 1752 1908 ,
1784 1834 1851 1892 nuc
1872 1807 1928 1894 di

479 1953 551 2010 vos
567 1922 766 2027 venerari,
791 1920 841 2006 ad
867 1946 1032 2036 quorum
1049 1917 1230 2006 imitanda
1261 1918 1432 2035 exempla
1457 1920 1599 2008 cunctis
1630 1920 1847 2011 rationibus
1871 1952 1929 2012 ac·

478 2043 613 2146 cendi,
635 2039 910 2158 provocarique
940 2036 1159 2123 debebant?
1188 2041 1274 2122 Nec
1301 2039 1402 2123 enim
1430 2037 1649 2156 ignoramus
1680 2100 1694 2146 ,
1723 2041 1816 2156 quid
1843 2044 1928 2129 Ari·

478 2160 629 2246 stoteles
665 2157 852 2272 ceterique
892 2153 1105 2271 philosophi
1147 2155 1349 2271 magnique
1380 2155 1448 2241 viri
1473 2157 1706 2272 praecipiant
1726 2160 1775 2244 de
1787 2188 1919 2274 puero·

477 2307 563 2364 rum
580 2276 833 2382 educatione,
859 2297 900 2359 et
919 2273 1052 2388 quanti
1070 2267 1205 2358 referat
1232 2274 1283 2359 ad
1309 2272 1467 2360 virnrtcs
1494 2300 1535 2361 et
1566 2277 1777 2390 pietatem,
1800 2304 1845 2362 ac
1866 2276 1924 2365 his

476 2397 682 2512 opposita,
703 2395 840 2512 quibus
861 2392 971 2476 rebus
987 2387 1157 2477 homines
1186 2392 1248 2477 vel
1270 2388 1473 2497 delectari,
1506 2393 1569 2480 vel
1594 2393 1770 2480 doleret
1797 2397 1929 2482 teneris

475 2539 699 2602 assuescant.
730 2519 931 2597 Ducuntur
945 2508 1108 2593 maxime
1124 2504 1257 2595 fabulis
1280 2532 1320 2594 et
1339 2508 1478 2596 lusibus
1493 2511 1624 2625 pueri:
1655 2511 1744 2628 quis
1760 2512 1927 2630 ignorat?

473 2634 549 2718 Sed
582 2633 753 2718 nullusne
780 2629 913 2743 iocus,
941 2651 1007 2710 aut
1023 2627 1146 2711 statim
1163 2622 1317 2744 frigidus
1331 2626 1401 2712 erit
1423 2684 1439 2732 ,
1465 2627 1604 2744 inquo
1631 2631 1849 2737 monachi,
1873 2660 1927 2716 st·

472 2751 674 2855 cerdotes,
699 2749 806 2852 divi,
830 2743 968 2831 Christi
981 2768 1126 2850 mater,
1148 2743 1226 2856 ipsa
1253 2741 1419 2859 denique
1445 2745 1576 2862 religio
1606 2746 1826 2834 Christiana
1856 2775 1926 2834 ma·

470 2869 585 2954 retiae
598 2896 677 2955 non
700 2867 841 2951 bonam
857 2885 1000 2978 partem
1017 2859 1334 2976 suppeditaverit?
1366 2865 1453 2948 Aut
1478 2865 1600 2949 minus
1618 2863 1822 2951 habebitur
1838 2865 1925 2952 blar-

471 2987 661 3099 phemus,
688 2984 754 3099 qui
779 3013 836 3069 res
851 2980 994 3069 divinas
1009 3004 1049 3065 et
1063 3004 1183 3065 sacras
1198 2979 1344 3083 riserit,
1372 3008 1489 3094 quarn
1507 2981 1574 3097 qui
1601 2981 1721 3066 iratus
1737 2983 1924 3072 maledixe

477 3104 546 3189 rit?
575 3109 619 3189 In
649 3131 810 3219 quarum
833 3129 958 3186 rerunt
980 3096 1085 3183 cultu
1118 3100 1198 3184 sive
1214 3095 1536 3183 administratione
1577 3095 1722 3212 siquid
1749 3127 1831 3186 esse
1858 3130 1927 3215 pu·

474 3225 582 3309 tabas
611 3278 626 3327 ,
653 3221 762 3335 quod
799 3241 952 3334 propter
978 3213 1195 3330 simplicium
1223 3213 1425 3300 hominum
1455 3212 1611 3328 ineptias
1637 3240 1677 3303 et
1696 3217 1926 3332 superstitio-

470 3365 588 3445 nem,
613 3363 679 3425 aut
695 3335 856 3424 fortassis
873 3334 1111 3420 sacerdotum
1127 3333 1384 3448 quorumdam
1403 3332 1649 3449 cupiditatem
1665 3335 1813 3422 merito
1830 3360 1920 3421 taxa·

471 3457 502 3540 ri
540 3482 693 3571 posset:
719 3454 861 3569 parcius
875 3475 955 3537 erat
980 3451 1172 3567 agendum
1187 3474 1227 3536 et
1247 3451 1372 3556 serio,
1403 3478 1475 3536 nec
1503 3450 1650 3566 uspiam
1666 3452 1800 3538 minus
1815 3481 1923 3569 quant

470 3573 510 3658 in
536 3575 666 3684 jocosis
690 3572 844 3677 libellis,
872 3599 970 3686 quos
1000 3597 1120 3683 puero
1147 3568 1317 3673 dicatos,
1342 3568 1464 3682 pueris
1489 3567 1602 3654 etiarn
1627 3569 1854 3658 scribebas:
1883 3596 1928 3656 ue

472 3693 617 3808 quidei
640 3692 753 3779 simile
768 3688 931 3789 faceres,
955 3686 1062 3801 quod
1079 3688 1128 3773 de
1145 3685 1287 3772 Lucilio
1301 3686 1417 3773 tradit
1440 3685 1649 3773 Horatius:

887 3808 1093 3889 Dummodo
1109 3813 1227 3888 risum
1246 3865 1259 3909 ,
1275 3804 1396 3918 inquit
1410 3831 1439 3909 ,‘

710 3927 900 4010 Excutiat
916 3924 1018 4027 sihi,
1043 3948 1112 4006 nou
1129 3917 1191 4008 br'c
1207 3931 1377 4030 culquam
1388 3935 1526 4030 parcet
1550 3928 1689 4007 arrico.

713 4046 770 4127 Et
786 4066 1028 4149 quaecumque
1043 4046 1157 4123 semel
1169 4041 1315 4125 chartis
1332 4046 1531 4143 ideverr’t,
1559 4065 1684 4126 omnes

710 4163 859 4246 Gertiet
876 4188 900 4242 a
912 4157 1033 4265 furno
1056 4161 1249 4242 redeuntes
1265 4164 1367 4242 scire
1384 4165 1552 4266 lacuque,

710 4283 768 4363 Et
780 4299 917 4388 pueros
954 4293 991 4358 et
1016 4302 1122 4359 anus.

527 4399 699 4484 XLVIII.
759 4395 833 4482 Sed
849 4423 1080 4511 quamquam
1098 4392 1312 4479 cerebrosos
1328 4391 1492 4508 appelles
1509 4419 1574 4479 eos
1591 4448 1606 4498 ‚
1639 4391 1710 4508 qui
1726 4390 1927 4510 hujusmo-

472 4515 510 4603 di
549 4515 718 4628 jocorum
760 4515 944 4600 rationem
976 4537 1013 4597 te
1047 4512 1206 4597 severius
1231 4535 1436 4624 reposcunt
1470 4572 1483 4614 ,
1513 4509 1635 4627 pergis
1663 4536 1805 4598 tamen
1838 4512 1924 4600 illud

472 4659 582 4720 tuum
613 4632 904 4736 admirandum,
931 4629 1160 4744 plenumque
1181 4628 1322 4743 pietatis
1339 4624 1600 4738 Naufragium
1616 4628 1667 4714 ab
1683 4631 1798 4717 oruni
1820 4632 1918 4745 culp

473 4751 702 4839 defendere:
734 4751 838 4832 Nam
858 4757 1066 4859 pingantur
1094 4753 1204 4851 illic,
1232 4745 1320 4852 ais,
1356 4754 1463 4833 ararit·
1492 4752 1709 4857 vulgarium
1740 4750 1915 4835 hamum

473 4870 666 4980 affictus,
687 4896 839 4981 numum
859 4875 1115 4978 uuusquisque
1135 4869 1296 4979 prodere
1311 4875 1401 4955 soler
1429 4873 1470 4952 t'rr
1494 4873 1564 4954 tali
1582 4869 1825 4959 discrimine.
1853 4860 1918 4953 Sed

1803 5014 1916 5103 pnus·

279 3894 362 3948 Lim.
381 3903 457 3957 rant.
