4034 5858
513 397 581 470 394
665 360 667 366 '
776 376 843 447 ιιι
867 376 1090 449 arctous
1113 375 1319 447 menum
1345 379 1608 452 τιιτιιιοιι.

486 496 574 584 nia:
603 496 779 631 quocirca
809 498 1042 632 Augustinus
1072 498 1208 584 mirum
1226 498 1463 585 mendacium
1481 500 1519 587 id
1537 530 1614 586 esse
1645 499 1784 587 tradit:
1817 530 1935 637 quam

378 660 380 662 v
487 616 706 701 sententiam
734 643 814 701 non
843 615 956 703 video
988 616 1191 733 quomodo
1221 618 1337 732 possis
1374 644 1508 704 contra
1538 620 1717 705 eumdem
1746 619 1935 735 Augusti·

487 764 581 818 num
610 732 955 850 theologorumque
980 765 1205 823 consensum
1221 734 1328 821 tueri.
1361 742 1465 822 Nam
1481 740 1589 854 quod
1606 736 1839 853 philosophis
1856 738 1935 852 pla·

487 881 571 938 cere
598 852 770 959 dicebas,
798 854 1034 941 voluntatem
1063 884 1141 955 esse
1165 853 1279 959 finis,
1305 878 1349 939 ut
1379 854 1600 941 electionem
1633 884 1771 940 eorum
1791 886 1930 970 ,quae

488 970 633 1057 ducunt
645 969 694 1054 ad
709 969 854 1077 finem,
871 971 980 1077 vide,
993 1001 1041 1056 ne
1055 958 1132 1058 hoc
1147 973 1249 1058 aliter
1262 974 1311 1056 ab
1326 973 1466 1058 eisdem
1484 972 1713 1089 philosophis
1734 973 1927 1082 tradatur3

488 1118 568 1175 non
585 1088 713 1195 enim,
738 1088 880 1177 sirecte
898 1090 1077 1197 memini,
1093 1089 1330 1178 voluntatem
1348 1089 1429 1177 finis
1445 1121 1522 1177 esse
1538 1091 1705 1198 dicunt,
1739 1092 1830 1178 sed
1822 1123 1926 1228 ipsam

488 1207 606 1325 magis
622 1236 698 1293 esse
714 1205 824 1315 finis,
855 1238 972 1324 quarn
991 1239 1122 1295 eorum
1157 1209 1317 1315 scilicet,
1345 1239 1444 1326 quae
1462 1209 1607 1296 ducunt
1636 1211 1687 1297 ad
1720 1207 1901 1317 finem,'
1893 1240 1929 1296 ιιι

488 1327 626 1443 quibus
644 1352 810 1412 versatur
824 1327 983 1432 electio,
1016 1356 1097 1413 non
1123 1326 1355 1434 inficiantes,
1386 1328 1479 1413 haec
1503 1359 1659 1443 quoque
1678 1328 1728 1414 ad
1756 1274 1933 1414 voluitn-

427 1517 438 1541 .
488 1471 567 1531 tem
585 1445 779 1560 pertinere
808 1450 911 1529 Nam
928 1445 994 1561 qui
1017 1444 1181 1561 possint,
1205 1476 1293 1531 cum
1310 1445 1442 1532 electio
1458 1447 1599 1561 absque
1622 1446 1827 1533 voluntate
1854 1446 1937 1532 nul·

446 1577 451 1585 '
491 1562 567 1648 la
544 1591 611 1649 ιιι
604 1574 615 1624 ³
642 1587 686 1648 ut
703 1563 848 1648 interim
865 1588 1038 1669 taceam,
1067 1565 1175 1680 quod
1192 1564 1274 1648 finis
1293 1566 1343 1649 ab
1358 1565 1496 1650 eisdem
1514 1564 1747 1679 philosophis
1765 1592 1936 1672 vocatur,

493 1711 739 1798 quocumque
757 1682 901 1767 animus
917 1682 1168 1817 voluntasque
1184 1678 1321 1786 ferrur3
1340 1681 1456 1768 fertur
1473 1710 1600 1767 autem
1617 1683 1838 1768 interdum
1828 1714 1868 1767 ιιι
1882 1713 1933 1789 et,

493 1830 594 1917 quae
611 1830 759 1915 prorsus
778 1824 1060 1914 aspernaretur,
1086 1801 1153 1885 nisi
1167 1799 1344 1919 angustiis
1361 1800 1603 1935 iniquioribus
1620 1801 1840 1886 interclusus
1854 1863 1867 1907 ,
1883 1802 1934 1885 illa

494 1944 586 2004 tunc
603 1918 781 2033 temporis
798 1944 945 2033 putaret
961 1918 1200 2033 expetenda,
1230 1947 1319 2003 cum
1339 1920 1462 2004 minus
1486 1918 1627 2004 malum
1643 1920 1786 2004 eisdem
1816 1920 1935 2055 pbilo-

495 2038 620 2152 sophis
636 2036 848 2122 auctoribus
863 2040 1010 2125 bonum
1031 2038 1324 2169 quodammodo
1349 2067 1426 2123 esse
1452 2036 1650 2124 videatur:
1683 2038 1843 2150 quod
1823 2069 1863 2122 us
1878 2066 1936 2121 ac·

392 2148 440 2166 '⁸
496 2156 585 2242 cidit
602 2156 707 2272 ,qui
724 2155 870 2240 mentiri
859 2155 1054 2262 malunt,
1082 2180 1148 2240 aut
1165 2155 1357 2289 iacturam·
1366 2153 1486 2241 lacere
1503 2156 1556 2241 rei
1585 2152 1796 2260 familiaris,
1826 2186 1936 2271 quam

498 2299 661 2360 mortem
676 2299 868 2410 oppetere.
897 2276 971 2360 Sed
987 2270 1067 2358 finis
1082 2275 1172 2359 alius
1188 2274 1263 2360 alio
1280 2273 1404 2388 potior
1420 2298 1513 2380 est,
1531 2298 1570 2359 et
1600 2275 1639 2359 in
1654 2302 1815 2390 quoque
1831 2301 1934 2391 gene-

365 2414 368 2418 ·
497 2422 539 2478 re
558 2394 618 2480 vel
634 2394 780 2479 actione
796 2394 880 2479 licet
902 2392 1010 2476 alia
986 2417 1078 2498 sint,
1111 2422 1210 2507 quae
1235 2417 1335 2478 recte
1353 2392 1493 2505 possint
1517 2392 1692 2528 appellari
1717 2391 1840 2497 fines,
1869 2392 1937 2477 hoc

434 2537 628 2648 tamen
643 2541 786 2597 nomen
803 2512 842 2597 id
869 2511 936 2597 sibi
952 2511 1116 2599 vindicat
1143 2512 1400 2625 potissimum,
1425 2510 1528 2622 cujus
1544 2511 1663 2627 gratia
1679 2537 1806 2594 cetera
1830 2509 1936 2615 fiunt,

499 2656 538 2716 et
555 2631 622 2746 qui
637 2631 736 2747 agit,
762 2631 901 2715 abhoc
922 2629 1154 2744 potissimum
1172 2629 1398 2714 nominatur.
1424 2634 1526 2712 Nam
1530 2659 1611 2762 qut
1601 2628 1727 2712 lucri
1753 2657 1938 2742 quaestus·

501 2778 577 2863 que
603 2776 715 2834 causa
740 2747 997 2852 adulteratur,
1024 2771 1062 2832 et
1092 2748 1199 2860 quasi
1225 2747 1435 2831 mercedem
1458 2745 1558 2861 capit
1581 2747 1630 2830 ab
1658 2745 1858 2850 adultera,
1884 2746 1939 2830 hic

501 2896 583 2952 non
595 2891 673 2951 tam
690 2867 939 3002 intemperans
956 2808 1181 2979 adulterque
1196 2866 1391 2952 vocandus
1403 2889 1490 2970 est,
1523 2894 1552 2948 st
1539 2863 1685 2979 philos
1688 2864 1798 2978 ophis
1827 2864 1938 2948 credi·

434 3015 612 3090 mus,
639 3014 757 3101 quam
783 2984 938 3094 injustus
967 3008 1006 3068 et
1033 3012 1191 3070 avarus:
1233 3007 1436 3117 utrumque
1469 3007 1597 3067 tamen
1628 3009 1731 3067 recte
1761 2980 1941 3066 nominari

502 3132 640 3218 posse,
670 3132 787 3189 nemo
803 3103 965 3188 dubitat.
1004 3101 1158 3186 Eodem
1181 3101 1301 3186 modo
1320 3129 1388 3216 qur
1377 3097 1534 3185 falsum
1552 3100 1664 3205 dicit,
1680 3125 1727 3185 ut
1743 3099 1940 3213 periculum

501 3223 668 3327 evadat,
693 3220 812 3307 timidi
842 3220 966 3335 potius
982 3247 1125 3304 nomen
1139 3214 1232 3303 feret
1251 3280 1264 3324 ,
1292 3249 1409 3332 quam
1425 3219 1511 3304 vani
1529 3243 1568 3302 et
1584 3161 1795 3302 meridacis:
1822 3244 1937 3304 tamen

502 3338 610 3425 luisse
626 3338 827 3423 mentitum
842 3368 957 3424 nemo
973 3338 1087 3423 debet
1103 3336 1286 3422 dubitare.
1309 3341 1423 3431 Quae
1438 3337 1572 3422 eadem
1584 3336 1682 3421 ratio
1699 3361 1758 3422 est
1775 3336 1866 3446 ejus,
1878 3336 1940 3451 qui

503 3454 636 3543 falsum
660 3456 861 3571 respondet
892 3455 1032 3569 judici,
1061 3479 1105 3539 ut
1136 3454 1208 3540 suis
1235 3453 1430 3541 alteriusve
1459 3452 1710 3540 incommodis
1742 3479 1941 3559 occurrat,

501 3576 641 3693 quippe
656 3575 786 3663 volens
812 3572 971 3688 iudicem
1000 3570 1115 3679 fallit,
1152 3601 1251 3690 quae
1270 3603 1415 3660 summa
1432 3573 1527 3659 ratio
1543 3598 1629 3680 est,
1656 3597 1701 3658 ut
1731 3601 1845 3689 saepe
1860 3571 1940 3661 dixi·

502 3725 614 3799 mus,
633 3692 880 3781 mentiendiM
1981 3773 1983 3777 .

563 3757 624 3897 111.
686 3813 791 3896 Ριιιι..
816 3817 922 3928 Ergo
936 3835 982 3897 tu
995 3806 1156 3924 judicem
1173 3811 1286 3898 abeo
1303 3809 1377 3897 falli
1392 3812 1574 3898 existimas
1591 3842 1685 3928 ,qur
1673 3812 1838 3898 haec
1827 3773 1940 3927 ipsum

503 3929 626 4036 celat,
643 3930 690 4016 de
704 3930 840 4045 quibus
855 3929 936 4014 ille
928 3930 1052 4041 justius
1069 3955 1224 4046 ageret,
1244 3931 1363 4015 sinon
1380 3931 1593 4046 inquireret
1604 3936 1729 4017 Τιιιο.
1745 3937 1831 4047 Ego
1848 3959 1937 4016 vero

503 4076 645 4134 certum
663 4050 812 4155 habeo,
839 4079 868 4135 st
856 4048 980 4134 celat
1008 4048 1276 4178 respondendo
1304 4045 1451 4134 falsum.
1473 4051 1558 4135 Αιι
1582 4074 1627 4134 tu
1653 4050 1840 4135 neminem
1865 4042 1942 4130 falli

450 4236 452 4241 ,
505 4167 581 4252 sine
598 4198 663 4254 sua
692 4164 1064 4297 quantulacumque
1055 4191 1194 4276 tactura
1227 4164 1289 4255 vel
1305 4167 1449 4252 damno
1478 4170 1623 4281 putas?
1655 4171 1758 4254 Ριιιι.
1784 4172 1848 4253 An
1869 4195 1940 4299 ego

324 4283 327 4294 '
504 4313 585 4370 non
601 4289 758 4401 putem?
788 4286 848 4374 vel
865 4314 924 4370 me
940 4283 1014 4368 r'ali
1029 4284 1257 4389 existimem,
1285 4285 1396 4400 siquis
1414 4285 1609 4372 virbonus
1638 4286 1879 4401 praecipitem
1907 4285 1939 4367 in

502 4403 657 4538 aliquod
674 4435 800 4489 meum
815 4434 996 4519 magnum
1016 4403 1157 4488 malurn
1173 4399 1264 4487 salsa
1281 4434 1341 4489 me
1366 4402 1574 4508 oratione,
1593 4404 1659 4490 sed
1690 4430 1826 4490 tamen
1853 4402 1939 4488 salu·

344 4549 486 4607 neno
502 4523 571 4607 tati
591 4546 745 4608 revocet
761 4552 784 4605 a
799 4522 953 4607 consilio
970 4521 1208 4636 pernicioso?
1239 4526 1361 4606 Τιιεο
1389 4526 1512 4606 Immo
1528 4551 1621 4609 vero
1638 4548 1676 4608 te
1691 4520 1799 4608 fallar
1816 4547 1938 4608 aucto

501 4672 542 4726 re
566 4639 814 4777 Augustino,
842 4636 987 4723 fallacia
1009 4664 1136 4725 tamen
1164 4668 1245 4723 non
1274 4640 1363 4743 sibi,
1396 4638 1524 4726 leviter
1554 4640 1742 4756 quidem,
1777 4668 1939 4734 attamen

498 4761 696 4895 peccanti,
719 4759 785 4844 sed
801 4757 866 4842 tibi
894 4756 1041 4843 salutari
1063 4755 1185 4874 (fallit
1198 4756 1328 4864 enim,
1358 4786 1424 4871 qut
1412 4755 1572 4844 falsum
1579 4760 1874 4878 qualecumque
1889 4758 1938 4845 al

499 4880 566 4965 teri
581 4910 652 4996 pro
671 4907 763 4966 vero
779 4877 1007 4994 persuadet)
1028 4900 1068 4963 et
1091 4875 1316 4983 mentiatur,
1341 4878 1408 4965 sed
1432 4877 1671 4967 mendacium
1690 4874 1938 4976 officiosum:

1832 4997 1937 5118 quod

311 4611 435 4670 psum&
