4006 5850
460 406 464 415 ¹
701 380 985 452 LiBERu
1460 403 1529 474 491

106 544 266 634 quoque
299 512 455 600 rationis
469 509 549 597 sive
576 520 732 622 expers,
748 508 844 596 sive
852 534 1011 621 compos
1040 504 1225 621 apperitus
1247 506 1433 641 quidquid
1450 509 1550 616 velit,

106 636 182 720 huc
202 632 364 767 impulsu
391 630 623 762 quodam,
613 625 820 712 necessario
845 621 998 710 feratur.
1028 629 1132 734 Nam
1148 625 1355 760 appetitum
1372 627 1421 711 ab
1443 626 1550 712 intel-

104 749 205 838 lectu
219 750 325 840 verbi
340 777 451 843 causa
480 744 659 851 moveri,
685 745 789 833 hunc
802 775 831 830 a
848 741 960 846 viso,
986 742 1063 829 sive
1077 742 1373 877 imaginatione,
1392 744 1550 847 visuma

101 898 237 976 sensu,
264 895 380 1003 porro
405 874 553 951 sensum
585 863 743 951 archus
775 861 1006 980 quibusdam
1032 862 1188 946 externis
1206 859 1338 976 ,ipsas
1377 862 1427 947 ab
1459 862 1549 971 aliis,

102 987 275 1099 donec
241 1010 294 1071 sit
314 985 374 1098 a‘d
383 983 554 1069 caelestes
583 1009 713 1068 causas
726 1003 977 1117 perventum:
1004 1007 1104 1115 quae
1121 1008 1208 1065 cum
1225 981 1446 1073 necessariae
1477 982 1548 1070 sint

101 1129 141 1190 et
167 1123 371 1204 aeternae,
387 1127 431 1187 ut
446 1100 571 1187 ceteris
600 1099 794 1236 rebus,
768 1128 819 1187 sic
849 1120 889 1188 et
912 1097 1092 1212 appetitui
1120 1098 1376 1185 necessitatem
1409 1102 1548 1214 impar·

100 1223 253 1308 riantur.
278 1219 425 1306 Eadem
450 1217 548 1305 ratio
563 1242 648 1325 est,
661 1218 690 1304 si
705 1219 914 1333 appetitum
936 1217 1033 1300 ab
1022 1247 1105 1330 ipso
1134 1214 1304 1329 protinus
1328 1246 1437 1302 sensu
1455 1275 1470 1323 ,
1487 1219 1550 1306 vel

103 1339 226 1427 aviso
236 1336 396 1429 moveri
423 1333 563 1442 facias,
600 1365 689 1421 cuni
726 1363 871 1452 semper
903 1335 1048 1422 initium
1076 1359 1100 1417 a
1130 1333 1275 1419 caelesti
1303 1335 1407 1450 quasi
1423 1337 1545 1449 capite

104 1478 316 1595 reperarun·
335 1458 422 1539 Nec
450 1454 552 1540 enim
575 1450 653 1586 heri
674 1483 805 1569 posse,
844 1478 890 1540 ιιι
914 1481 1025 1541 causa
1050 1451 1156 1555 omni
1185 1478 1378 1568 exparte
1408 1455 1545 1540 eodem

104 1573 225 1710 inodo
245 1581 333 1658 ses'e
344 1571 528 1686 habenae,
545 1601 601 1656 res
627 1570 701 1684 jam
735 1572 810 1677 sic,
834 1570 909 1684 jam
934 1571 1038 1657 aliter
1073 1568 1251 1674 eveniat,
1295 1567 1424 1657 futario
1453 1573 1545 1659 alio·

102 1692 196 1831 quin
230 1695 359 1778 motui
353 1691 553 1826 quopiam
581 1689 659 1775 sine
677 1716 798 1776 causa
828 1695 923 1776 ltem
954 1685 1102 1776 fatum
1094 1718 1214 1803 ipsum
1231 1714 1492 1825 naturamque
1508 1715 1547 1779 et
1599 1696 1601 1699 ’

103 1811 319 1944 rationem,
343 1824 421 1921 qua
442 1809 657 1896 universum
686 1808 946 1925 gubernatur,
972 1812 1098 1915 Deum
1113 1833 1192 1891 esse
1208 1803 1340 1916 ajunt,
1362 1808 1429 1922 qui
1455 1836 1548 1893 cuii·

103 1927 171 2012 ctis
194 1927 232 2011 iii
260 1926 403 2011 rebus
389 1925 504 2032 insit,
526 1953 625 2042 quae
654 1951 785 2032 sunt,
793 1953 970 2059 quaeque
1002 1910 1242 2059 efficiuntur.
1251 1929 1307 2012 lta
1330 1953 1387 2010 res
1416 1924 1547 2042 singu·

86 2040 162 2146 las
196 2044 249 2130 ad
281 2049 459 2130 normam
488 2045 894 2178 gdoernationeinque
903 2040 1063 2148 universi
1093 2035 1243 2156 propria
1271 2067 1431 2148 natura,
1459 2074 1547 2130 suo·

102 2190 188 2276 que
208 2159 298 2247 fato
324 2159 457 2280 fi'iiigip
476 2193 541 2249 ex
584 2160 799 2275 hujusmodi
829 2161 929 2251 esaim
973 2189 1105 2265 rerum
1114 2158 1388 2257 observatione
1415 2186 1546 2261 natam

104 2307 183 2372 esse
205 2279 311 2391 ajunt
333 2280 619 2367 Chaldaeorum
639 2280 860 2367 doctrinam
857 2335 891 2388 ,
915 2305 1022 2391 quae
1040 2274 1275 2369 astronomia
1293 2303 1546 2392 nuncupatur,
1681 2300 1683 2305 ·

102 2395 173 2510 qiii
186 2423 232 2481 eii
274 2395 454 2511 cujusque
483 2397 653 2513 genitura
684 2424 809 2483 moros
832 2393 1088 2514 hominum
1079 2390 1348 2538 ingeniumque
1379 2395 1548 2481 mirabili

101 2535 164 2598 ter
193 2512 397 2600 identidem
422 2515 669 2628 praedicant
886 2582 887 2585 a

118 2632 240 2716 2111.
297 2630 472 2727 Quodsi
480 2631 758 2719 Chaldaeomm
776 2598 1057 2746 praedictiones
1087 2627 1274 2727 contrario
1294 2658 1417 2727 rerum
1428 2585 1547 2720 evenss
1599 2655 1739 2763 Argumen-

100 2771 153 2834 tu
181 2777 475 2864 nonnumquam
499 2747 1024 2887 ιιιιιιιιιιιιιιιιιιιιιιιιιιιιιιι
1032 2749 1072 2834 id
1100 2777 1177 2845 esse
1203 2749 1338 2865 partim
1367 2773 1587 2883 ipsorum,
1558 2723 1708 2832 ιιι
1588 2727 1738 2890 filim?

102 2865 176 2980 qui
206 2865 484 2981 praedixerint,
509 2867 596 2953 artis
621 2869 928 2983 ignorantiae,p
929 2867 1037 2959 anim
1058 2888 1251 2963 communi
1240 2865 1465 2963 hominum
1479 2833 1587 2955 ima

111 2982 323 3089 becillirari,
353 2984 413 3068 ciii
443 3012 526 3071 non
553 2986 667 3073 datur
690 2986 744 3071 ad
762 3016 891 3074 rerum
903 2900 1129 3080 pcaelestium
1156 2982 1410 3100 cognitionem
1439 3014 1546 3100 prae·

103 3114 285 3214 reiquam
317 3101 566 3188 tenuissimam
598 3164 611 3210 ,
642 3102 849 3220 quamlibet
873 3132 1015 3221 magno
1049 3099 1183 3189 studio
1213 3124 1328 3217 atque
1358 3098 1545 3220 diligentia
1718 3150 1727 3163 ⁴

101 3218 320 3347 pervenire:
349 3235 448 3335 quae
465 3252 494 3306 si
483 3220 722 3357 mortalium
751 3223 908 3336 cuipiam
930 3217 1096 3337 perfecta
1108 3218 1366 3336 contingeret,
1388 3221 1545 3343 dubium
1788 3216 1792 3225 ’

106 3363 186 3420 noo
202 3366 281 3422 esse
298 3388 311 3442 ,
326 3337 419 3451 quin
431 3338 476 3424 is
481 3337 611 3424 omnia
626 3400 639 3446 ,
653 3368 752 3454 quae
764 3340 836 3426 sint
850 3340 986 3455 cuique
1001 3338 1204 3433 boninum
1214 3363 1396 3425 eventura
1411 3396 1426 3443 ,
1441 3336 1545 3454 prae·

100 3452 270 3540 dictione
287 3455 484 3542 eutissima
502 3456 902 3544 essetvaticinatunss:
923 3485 1012 3545 cum
1027 3456 1155 3553 omnia
1167 3479 1339 3541 conserta
1353 3479 1545 3557 contexta·

102 3571 261 3684 quesint
276 3572 433 3660 naturali
448 3601 642 3658 causarum
656 3573 904 3709 colligaripne
905 3575 1034 3668 Quam
1050 3573 1269 3661 sententiam
1286 3572 1444 3659 deorum
1458 3580 1543 3660 ora'·
1594 3605 1721 3665 imme„
1705 3621 1733 3654 i.

98 3689 199 3771 culis
224 3713 338 3804 atque
357 3690 535 3779 vaticiniis
565 3689 665 3776 vel
654 3720 693 3773 in
722 3690 845 3805 primis
872 3691 1115 3778 confirmant.
1149 3694 1251 3774 Nam
1279 3717 1328 3776 ne
1353 3690 1445 3777 deos
1459 3692 1540 3808 qui·
1527 3667 1733 3775 ·ιιιιοιιέιιῖ

99 3804 194 3890 dein
212 3836 401 3941 ,quorum
416 3807 490 3893 sint
514 3806 733 3896 certissimae
770 3809 1066 3945 praedictiones,
1098 3805 1222 3899 fiiriira
1254 3835 1362 3922 posse
1393 3839 1539 3927 cogno

98 3950 233 4027 scere,
257 3924 342 4008 nisi
340 3925 399 4010 ad
421 3951 717 4040 aspectarent,
746 3957 909 4042 quorum
938 3927 988 4012 sic
1017 3950 1149 4014 causae
1174 3947 1308 4011 natura
1344 3928 1540 4023 contineri
1655 3938 1660 3947 '
1718 3932 1725 3945 '

98 4062 191 4145 trir,
214 4066 268 4128 ut
288 4041 390 4157 ipsa¹
386 4038 533 4135 lieri
497 4068 558 4128 sit
580 4058 747 4130 necesse.
768 4046 902 4161 Itaque
941 4045 1072 4134 vicisse
1097 4043 1310 4157 Apollinem
1336 4046 1539 4142 necessariis

101 4159 228 4242 causis
244 4160 453 4266 contineri,
485 4162 608 4247 utab
621 4162 776 4276 Oedipo
791 4165 901 4250 Laius
928 4186 1033 4279 pater
1063 4184 1287 4268 necaretur,
1321 4187 1359 4247 et
1388 4165 1538 4277 Joeasta

97 4298 223 4358 mater
250 4223 453 4382 duceretur
477 4308 598 4385 uxor,
626 4308 672 4365 ae
700 4279 836 4368 idcirco
863 4280 1032 4367 futurum
1056 4279 1095 4365 id
1124 4280 1245 4367 multo
1275 4304 1363 4366 anre
1388 4283 1537 4397 praedi·
1568 4348 1569 4352 ¹

98 4388 219 4474 uisse:
232 4395 407 4507 quod
381 4425 414 4480 si
427 4421 575 4510 posset
582 4342 690 4485 iliter
721 4400 898 4507 evenire,
932 4423 1074 4486 certum
1098 4427 1175 4486 esse
1202 4398 1295 4485 deos
1310 4425 1419 4515 saepe
1434 4431 1538 4502 men

101 4506 265 4615 tituros,
287 4537 338 4597 et
355 4509 469 4598 falsa
475 4510 603 4600 fore.
593 4547 763 4629 ipsorum
795 4518 975 4604 vaticinia
1007 4523 1135 4632 Atque
1167 4517 1238 4602 hae
1265 4515 1419 4652 quidem
1450 4544 1537 4608 sunt

101 4623 286 4732 tationes,
299 4630 440 4742 quibus
453 4633 629 4717 nonnulli
650 4633 991 4763 philosophorum,
1022 4662 1065 4723 ut
1091 4633 1157 4722 fati
1172 4636 1424 4724 necessitatem
1440 4666 1536 4736 ιιιι·

101 4766 260 4849 retent,
294 4747 411 4835 ducti
435 4777 532 4832 esso
538 4749 766 4856 videntur,
789 4778 827 4836 et
865 4782 977 4868 quas
988 4755 1198 4842 Lutherum
1233 4777 1402 4840 secutum
1435 4730 1543 4844 fuisse

96 4885 271 4950 certum
268 4863 411 4952 haheo
435 4869 545 4980 lpse.
553 4891 682 5023 tamen
699 4897 761 4956 ιιι
790 4899 924 4987 parum
932 4873 1146 5085 ⁴(peligiosus
1180 4896 1387 4989 appareat,
1424 4900 1472 5074 acl
1494 4896 1541 4959 ut
1581 4955 1583 4960 Α

95 5025 100 5035 ’
182 5028 185 5039 ’
979 5019 1070 5109 (ιιΖ
1472 5019 1514 5072 ¹²·
