<?xml version="1.0" encoding="UTF-8"?>
<!DOCTYPE html PUBLIC "-//W3C//DTD XHTML 1.0 Transitional//EN"
    "http://www.w3.org/TR/xhtml1/DTD/xhtml1-transitional.dtd">
<html xmlns="http://www.w3.org/1999/xhtml" xml:lang="en" lang="en">
 <head>
  <title>
</title>
<meta http-equiv="Content-Type" content="text/html;charset=utf-8" />
  <meta name='ocr-system' content='tesseract 3.04.00' />
  <meta name='ocr-capabilities' content='ocr_page ocr_carea ocr_par ocr_line ocrx_word'/>
</head>
<body>
  <div class='ocr_page' id='page_1' title='image "./joannisgenesiis01sepgoog/joannisgenesiis01sepgoog_0495.png"; bbox 0 0 4006 5850; ppageno 0'>
   <div class='ocr_carea' id='block_1_1' title="bbox 69 387 1562 1689">
    <p class='ocr_par' dir='ltr' id='par_1_1' title="bbox 69 387 1562 1689">
     <span class='ocr_line' id='line_1_1' title="bbox 468 387 1562 478; baseline -0.005 -15"><span class='ocrx_word' id='word_1_1' title='bbox 468 402 477 454; x_wconf 69' lang='lat' dir='ltr'><em>c</em></span> <span class='ocrx_word' id='word_1_2' title='bbox 596 432 598 437; x_wconf 89' lang='lat'>-</span> <span class='ocrx_word' id='word_1_3' title='bbox 658 387 895 462; x_wconf 80' lang='lat' dir='ltr'>··t1nrtx</span> <span class='ocrx_word' id='word_1_4' title='bbox 930 388 979 459; x_wconf 88' lang='lat' dir='ltr'>rr.</span> <span class='ocrx_word' id='word_1_5' title='bbox 1021 400 1037 421; x_wconf 89' lang='lat'>··</span> <span class='ocrx_word' id='word_1_6' title='bbox 1228 400 1233 451; x_wconf 69' lang='grc' dir='ltr'>ε</span> <span class='ocrx_word' id='word_1_7' title='bbox 1454 408 1562 478; x_wconf 35' lang='grc' dir='ltr'>,ιιι</span> 
     </span>
     <span class='ocr_line' id='line_1_2' title="bbox 102 509 1550 638; baseline -0.001 -30"><span class='ocrx_word' id='word_1_8' title='bbox 102 548 181 638; x_wconf 87' lang='lat' dir='ltr'>qut</span> <span class='ocrx_word' id='word_1_9' title='bbox 195 541 332 621; x_wconf 87' lang='lat' dir='ltr'>ceteras</span> <span class='ocrx_word' id='word_1_10' title='bbox 345 518 553 604; x_wconf 71' lang='lat' dir='ltr'>animantes</span> <span class='ocrx_word' id='word_1_11' title='bbox 566 512 783 604; x_wconf 83' lang='lat' dir='ltr'>comectari.</span> <span class='ocrx_word' id='word_1_12' title='bbox 815 518 958 628; x_wconf 80' lang='lat' dir='ltr'>Neq‘ue</span> <span class='ocrx_word' id='word_1_13' title='bbox 973 511 1073 598; x_wconf 88' lang='lat' dir='ltr'>eninr</span> <span class='ocrx_word' id='word_1_14' title='bbox 1088 509 1278 628; x_wconf 86' lang='lat' dir='ltr'>quidquid</span> <span class='ocrx_word' id='word_1_15' title='bbox 1293 509 1470 621; x_wconf 82' lang='lat' dir='ltr'>videtur,</span> <span class='ocrx_word' id='word_1_16' title='bbox 1493 544 1550 607; x_wconf 90' lang='lat' dir='ltr'>est</span> 
     </span>
     <span class='ocr_line' id='line_1_3' title="bbox 104 631 1552 752; baseline -0.006 -26"><span class='ocrx_word' id='word_1_17' title='bbox 104 641 250 738; x_wconf 83' lang='lat' dir='ltr'>uisum,</span> <span class='ocrx_word' id='word_1_18' title='bbox 277 668 366 724; x_wconf 92' lang='lat' dir='ltr'>cum</span> <span class='ocrx_word' id='word_1_19' title='bbox 382 635 506 722; x_wconf 86' lang='lat' dir='ltr'>visum</span> <span class='ocrx_word' id='word_1_20' title='bbox 520 631 727 746; x_wconf 85' lang='lat' dir='ltr'>simplicitet</span> <span class='ocrx_word' id='word_1_21' title='bbox 743 631 887 736; x_wconf 84' lang='lat' dir='ltr'>etcitta</span> <span class='ocrx_word' id='word_1_22' title='bbox 904 631 1129 718; x_wconf 86' lang='lat' dir='ltr'>rationema</span> <span class='ocrx_word' id='word_1_23' title='bbox 1152 633 1262 717; x_wconf 90' lang='lat' dir='ltr'>rebus</span> <span class='ocrx_word' id='word_1_24' title='bbox 1277 631 1437 720; x_wconf 82' lang='lat' dir='ltr'>externis</span> <span class='ocrx_word' id='word_1_25' title='bbox 1465 663 1552 752; x_wconf 89' lang='lat' dir='ltr'>sug-</span> 
     </span>
     <span class='ocr_line' id='line_1_4' title="bbox 105 748 1551 873; baseline -0.001 -31"><span class='ocrx_word' id='word_1_26' title='bbox 105 780 287 873; x_wconf 79' lang='lat' dir='ltr'><strong>geratur:</strong></span> <span class='ocrx_word' id='word_1_27' title='bbox 315 783 397 870; x_wconf 94' lang='lat' dir='ltr'>quo</span> <span class='ocrx_word' id='word_1_28' title='bbox 412 749 484 856; x_wconf 86' lang='lat' dir='ltr'>fit,</span> <span class='ocrx_word' id='word_1_29' title='bbox 509 749 1005 864; x_wconf 86' lang='lat' dir='ltr'>utinanimalibustationis</span> <span class='ocrx_word' id='word_1_30' title='bbox 1022 748 1232 863; x_wconf 79' lang='lat' dir='ltr'>expertibus</span> <span class='ocrx_word' id='word_1_31' title='bbox 1255 749 1456 864; x_wconf 88' lang='lat' dir='ltr'>plurimum</span> <span class='ocrx_word' id='word_1_32' title='bbox 1480 755 1551 840; x_wconf 91' lang='lat' dir='ltr'>do-</span> 
     </span>
     <span class='ocr_line' id='line_1_5' title="bbox 102 867 1547 982; baseline 0.001 -23"><span class='ocrx_word' id='word_1_33' title='bbox 102 875 290 959; x_wconf 71' lang='lat' dir='ltr'>mittetur.</span> <span class='ocrx_word' id='word_1_34' title='bbox 326 873 577 976; x_wconf 70' lang='lat' dir='ltr'>aequaeuam</span> <span class='ocrx_word' id='word_1_35' title='bbox 594 928 606 974; x_wconf 96' lang='lat'>,</span> <span class='ocrx_word' id='word_1_36' title='bbox 632 867 807 982; x_wconf 90' lang='lat' dir='ltr'>inquiunt</span> <span class='ocrx_word' id='word_1_37' title='bbox 824 886 921 976; x_wconf 86' lang='lat' dir='ltr'>,per</span> <span class='ocrx_word' id='word_1_38' title='bbox 937 875 1117 951; x_wconf 82' lang='lat' dir='ltr'>rationem</span> <span class='ocrx_word' id='word_1_39' title='bbox 1133 894 1216 954; x_wconf 85' lang='lat' dir='ltr'>esse</span> <span class='ocrx_word' id='word_1_40' title='bbox 1233 875 1328 951; x_wconf 80' lang='lat' dir='ltr'>ralia</span> <span class='ocrx_word' id='word_1_41' title='bbox 1345 873 1547 961; x_wconf 80' lang='lat' dir='ltr'>videmur:</span> 
     </span>
     <span class='ocr_line' id='line_1_6' title="bbox 69 983 1550 1096; baseline 0.001 -20"><span class='ocrx_word' id='word_1_42' title='bbox 69 1056 71 1058; x_wconf 24' lang='grc' dir='ltr'>ψ</span> <span class='ocrx_word' id='word_1_43' title='bbox 100 1016 220 1079; x_wconf 87' lang='lat' dir='ltr'>cette:</span> <span class='ocrx_word' id='word_1_44' title='bbox 251 991 320 1076; x_wconf 88' lang='lat' dir='ltr'>sed</span> <span class='ocrx_word' id='word_1_45' title='bbox 332 1018 419 1076; x_wconf 92' lang='lat' dir='ltr'>cum</span> <span class='ocrx_word' id='word_1_46' title='bbox 437 1015 610 1091; x_wconf 88' lang='lat' dir='ltr'>causam,</span> <span class='ocrx_word' id='word_1_47' title='bbox 625 1012 670 1072; x_wconf 91' lang='lat' dir='ltr'>ut</span> <span class='ocrx_word' id='word_1_48' title='bbox 685 983 904 1096; x_wconf 86' lang='lat' dir='ltr'>hujusmodi</span> <span class='ocrx_word' id='word_1_49' title='bbox 920 1014 996 1075; x_wconf 88' lang='lat' dir='ltr'>esse</span> <span class='ocrx_word' id='word_1_50' title='bbox 1016 985 1213 1073; x_wconf 90' lang='lat' dir='ltr'>videantur</span> <span class='ocrx_word' id='word_1_51' title='bbox 1227 1047 1239 1092; x_wconf 91' lang='lat'>,</span> <span class='ocrx_word' id='word_1_52' title='bbox 1255 1013 1277 1067; x_wconf 93' lang='lat' dir='ltr'>a</span> <span class='ocrx_word' id='word_1_53' title='bbox 1297 985 1440 1073; x_wconf 87' lang='lat' dir='ltr'>ratione</span> <span class='ocrx_word' id='word_1_54' title='bbox 1465 1021 1550 1077; x_wconf 87' lang='lat' dir='ltr'>mu-</span> 
     </span>
     <span class='ocr_line' id='line_1_7' title="bbox 100 1100 1548 1219; baseline 0.001 -24"><span class='ocrx_word' id='word_1_55' title='bbox 100 1133 287 1213; x_wconf 89' lang='lat' dir='ltr'>tuentur,</span> <span class='ocrx_word' id='word_1_56' title='bbox 313 1136 427 1193; x_wconf 92' lang='lat' dir='ltr'>nemo</span> <span class='ocrx_word' id='word_1_57' title='bbox 443 1130 544 1192; x_wconf 88' lang='lat' dir='ltr'>recte</span> <span class='ocrx_word' id='word_1_58' title='bbox 561 1104 637 1191; x_wconf 87' lang='lat' dir='ltr'>visa</span> <span class='ocrx_word' id='word_1_59' title='bbox 654 1103 747 1189; x_wconf 88' lang='lat' dir='ltr'>haec</span> <span class='ocrx_word' id='word_1_60' title='bbox 765 1165 778 1209; x_wconf 96' lang='lat'>,</span> <span class='ocrx_word' id='word_1_61' title='bbox 803 1100 988 1219; x_wconf 78' lang='lat' dir='ltr'>faciesque</span> <span class='ocrx_word' id='word_1_62' title='bbox 1003 1131 1128 1189; x_wconf 90' lang='lat' dir='ltr'>rerum</span> <span class='ocrx_word' id='word_1_63' title='bbox 1146 1106 1429 1218; x_wconf 86' lang='lat' dir='ltr'>nuncupaverit.</span> <span class='ocrx_word' id='word_1_64' title='bbox 1444 1111 1548 1196; x_wconf 88' lang='lat' dir='ltr'>Nam</span> 
     </span>
     <span class='ocr_line' id='line_1_8' title="bbox 100 1221 1546 1341; baseline 0 -30"><span class='ocrx_word' id='word_1_65' title='bbox 100 1227 167 1341; x_wconf 91' lang='lat' dir='ltr'>qui</span> <span class='ocrx_word' id='word_1_66' title='bbox 184 1254 365 1340; x_wconf 88' lang='lat' dir='ltr'>perpensa</span> <span class='ocrx_word' id='word_1_67' title='bbox 380 1223 665 1336; x_wconf 89' lang='lat' dir='ltr'>examinataque</span> <span class='ocrx_word' id='word_1_68' title='bbox 696 1250 736 1307; x_wconf 92' lang='lat' dir='ltr'>re</span> <span class='ocrx_word' id='word_1_69' title='bbox 762 1250 828 1336; x_wconf 85' lang='lat' dir='ltr'>per</span> <span class='ocrx_word' id='word_1_70' title='bbox 843 1221 1157 1307; x_wconf 88' lang='lat' dir='ltr'>consultationem</span> <span class='ocrx_word' id='word_1_71' title='bbox 1178 1222 1245 1336; x_wconf 88' lang='lat' dir='ltr'>ipsi</span> <span class='ocrx_word' id='word_1_72' title='bbox 1275 1249 1319 1307; x_wconf 89' lang='lat' dir='ltr'>ac</span> <span class='ocrx_word' id='word_1_73' title='bbox 1352 1223 1546 1311; x_wconf 87' lang='lat' dir='ltr'>ratiocina-</span> 
     </span>
     <span class='ocr_line' id='line_1_9' title="bbox 102 1338 1547 1458; baseline 0.001 -30"><span class='ocrx_word' id='word_1_74' title='bbox 102 1344 247 1430; x_wconf 87' lang='lat' dir='ltr'>tionem</span> <span class='ocrx_word' id='word_1_75' title='bbox 260 1343 507 1456; x_wconf 89' lang='lat' dir='ltr'>astipulatur,</span> <span class='ocrx_word' id='word_1_76' title='bbox 530 1338 642 1426; x_wconf 85' lang='lat' dir='ltr'>issibi</span> <span class='ocrx_word' id='word_1_77' title='bbox 658 1367 770 1424; x_wconf 89' lang='lat' dir='ltr'>causa</span> <span class='ocrx_word' id='word_1_78' title='bbox 785 1339 920 1424; x_wconf 87' lang='lat' dir='ltr'>exsistit</span> <span class='ocrx_word' id='word_1_79' title='bbox 944 1338 1177 1424; x_wconf 86' lang='lat' dir='ltr'>assentiendi.</span> <span class='ocrx_word' id='word_1_80' title='bbox 1211 1343 1270 1426; x_wconf 86' lang='lat' dir='ltr'>Ac</span> <span class='ocrx_word' id='word_1_81' title='bbox 1285 1339 1441 1426; x_wconf 93' lang='lat' dir='ltr'>liberum</span> <span class='ocrx_word' id='word_1_82' title='bbox 1470 1345 1547 1458; x_wconf 90' lang='lat' dir='ltr'>qui·</span> 
     </span>
     <span class='ocr_line' id='line_1_10' title="bbox 101 1456 1545 1572; baseline 0.001 -24"><span class='ocrx_word' id='word_1_83' title='bbox 101 1461 393 1548; x_wconf 63' lang='lat' dir='ltr'>dem‘arbitrium</span> <span class='ocrx_word' id='word_1_84' title='bbox 412 1474 536 1546; x_wconf 88' lang='lat' dir='ltr'>rerum</span> <span class='ocrx_word' id='word_1_85' title='bbox 554 1457 768 1545; x_wconf 83' lang='lat' dir='ltr'>necessitate</span> <span class='ocrx_word' id='word_1_86' title='bbox 781 1456 924 1564; x_wconf 83' lang='lat' dir='ltr'>deleri,</span> <span class='ocrx_word' id='word_1_87' title='bbox 953 1457 1073 1572; x_wconf 91' lang='lat' dir='ltr'>etqui</span> <span class='ocrx_word' id='word_1_88' title='bbox 1089 1456 1247 1543; x_wconf 90' lang='lat' dir='ltr'>liberum</span> <span class='ocrx_word' id='word_1_89' title='bbox 1268 1457 1459 1549; x_wconf 81' lang='lat' dir='ltr'>arbitrium</span> <span class='ocrx_word' id='word_1_90' title='bbox 1476 1463 1545 1548; x_wconf 93' lang='lat' dir='ltr'>tol·</span> 
     </span>
     <span class='ocr_line' id='line_1_11' title="bbox 100 1574 1542 1689; baseline -0.002 -24"><span class='ocrx_word' id='word_1_91' title='bbox 100 1577 170 1685; x_wconf 90' lang='lat' dir='ltr'>lit,</span> <span class='ocrx_word' id='word_1_92' title='bbox 186 1579 287 1664; x_wconf 91' lang='lat' dir='ltr'>hunc</span> <span class='ocrx_word' id='word_1_93' title='bbox 304 1577 498 1675; x_wconf 88' lang='lat' dir='ltr'>hominem</span> <span class='ocrx_word' id='word_1_94' title='bbox 515 1576 676 1667; x_wconf 85' lang='lat' dir='ltr'>omuino</span> <span class='ocrx_word' id='word_1_95' title='bbox 693 1574 854 1679; x_wconf 81' lang='lat' dir='ltr'>tollere,</span> <span class='ocrx_word' id='word_1_96' title='bbox 871 1575 956 1668; x_wconf 82' lang='lat' dir='ltr'>satis</span> <span class='ocrx_word' id='word_1_97' title='bbox 972 1599 1026 1660; x_wconf 88' lang='lat' dir='ltr'>est</span> <span class='ocrx_word' id='word_1_98' title='bbox 1041 1605 1063 1658; x_wconf 87' lang='lat' dir='ltr'>a</span> <span class='ocrx_word' id='word_1_99' title='bbox 1080 1575 1188 1660; x_wconf 85' lang='lat' dir='ltr'>nobis</span> <span class='ocrx_word' id='word_1_100' title='bbox 1204 1575 1437 1689; x_wconf 88' lang='lat' dir='ltr'>explicatum.</span> <span class='ocrx_word' id='word_1_101' title='bbox 1541 1634 1542 1638; x_wconf 20' lang='grc' dir='ltr'><strong><em>κ</em></strong></span> 
     </span>
    </p>
   </div>
   <div class='ocr_carea' id='block_1_2' title="bbox 1580 1681 1737 1738">
    <p class='ocr_par' dir='ltr' id='par_1_2' title="bbox 1580 1681 1737 1738">
     <span class='ocr_line' id='line_1_12' title="bbox 1580 1681 1737 1738; baseline 0.032 -6"><span class='ocrx_word' id='word_1_102' title='bbox 1580 1681 1737 1738; x_wconf 75' lang='lat' dir='ltr'>Fundamen-</span> 
     </span>
    </p>
   </div>
   <div class='ocr_carea' id='block_1_3' title="bbox 10 1692 1737 5112">
    <p class='ocr_par' dir='ltr' id='par_1_3' title="bbox 10 1692 1737 4990">
     <span class='ocr_line' id='line_1_13' title="bbox 156 1692 1737 1810; baseline 0.003 -29"><span class='ocrx_word' id='word_1_103' title='bbox 156 1699 265 1781; x_wconf 89' lang='lat' dir='ltr'>XlV.</span> <span class='ocrx_word' id='word_1_104' title='bbox 325 1696 454 1780; x_wconf 86' lang='lat' dir='ltr'>Venio</span> <span class='ocrx_word' id='word_1_105' title='bbox 468 1695 522 1778; x_wconf 92' lang='lat' dir='ltr'>ad</span> <span class='ocrx_word' id='word_1_106' title='bbox 544 1692 634 1780; x_wconf 93' lang='lat' dir='ltr'>illud</span> <span class='ocrx_word' id='word_1_107' title='bbox 650 1717 917 1808; x_wconf 69' lang='lat' dir='ltr'>argumentum</span> <span class='ocrx_word' id='word_1_108' title='bbox 932 1692 982 1778; x_wconf 91' lang='lat' dir='ltr'>de</span> <span class='ocrx_word' id='word_1_109' title='bbox 998 1692 1157 1778; x_wconf 89' lang='lat' dir='ltr'>deorum</span> <span class='ocrx_word' id='word_1_110' title='bbox 1171 1693 1350 1779; x_wconf 85' lang='lat' dir='ltr'>vaticiniis</span> <span class='ocrx_word' id='word_1_111' title='bbox 1379 1721 1418 1783; x_wconf 88' lang='lat' dir='ltr'>et</span> <span class='ocrx_word' id='word_1_112' title='bbox 1439 1725 1544 1810; x_wconf 90' lang='lat' dir='ltr'>prae·</span> <span class='ocrx_word' id='word_1_113' title='bbox 1558 1750 1610 1790; x_wconf 73' lang='lat' dir='ltr'>mm</span> <span class='ocrx_word' id='word_1_114' title='bbox 1629 1759 1654 1795; x_wconf 70' lang='lat'>2,</span> <span class='ocrx_word' id='word_1_115' title='bbox 1670 1749 1737 1796; x_wconf 56' lang='lat' dir='ltr'>sta.</span> 
     </span>
     <span class='ocr_line' id='line_1_14' title="bbox 98 1807 1737 1931; baseline 0.005 -35"><span class='ocrx_word' id='word_1_116' title='bbox 98 1813 316 1931; x_wconf 84' lang='lat' dir='ltr'>cognitione</span> <span class='ocrx_word' id='word_1_117' title='bbox 334 1841 460 1898; x_wconf 89' lang='lat' dir='ltr'>rerum</span> <span class='ocrx_word' id='word_1_118' title='bbox 487 1807 727 1913; x_wconf 88' lang='lat' dir='ltr'>futurarum,</span> <span class='ocrx_word' id='word_1_119' title='bbox 749 1838 830 1925; x_wconf 93' lang='lat' dir='ltr'>quo</span> <span class='ocrx_word' id='word_1_120' title='bbox 863 1809 920 1895; x_wconf 90' lang='lat' dir='ltr'>isti</span> <span class='ocrx_word' id='word_1_121' title='bbox 947 1809 1159 1924; x_wconf 88' lang='lat' dir='ltr'>philosophi</span> <span class='ocrx_word' id='word_1_122' title='bbox 1188 1812 1372 1924; x_wconf 87' lang='lat' dir='ltr'>putabant</span> <span class='ocrx_word' id='word_1_123' title='bbox 1392 1842 1541 1903; x_wconf 89' lang='lat' dir='ltr'>causam</span> <span class='ocrx_word' id='word_1_124' title='bbox 1557 1813 1664 1913; x_wconf 58' lang='lat' dir='ltr'>iiludm</span> <span class='ocrx_word' id='word_1_125' title='bbox 1691 1811 1737 1920; x_wconf 68' lang='lat' dir='ltr'>,if</span> 
     </span>
     <span class='ocr_line' id='line_1_15' title="bbox 99 1922 1665 2043; baseline 0.004 -28"><span class='ocrx_word' id='word_1_126' title='bbox 99 1931 345 2018; x_wconf 73' lang='lat' dir='ltr'>suamvetin</span> <span class='ocrx_word' id='word_1_127' title='bbox 361 1928 485 2043; x_wconf 88' lang='lat' dir='ltr'>primis</span> <span class='ocrx_word' id='word_1_128' title='bbox 510 1925 748 2030; x_wconf 84' lang='lat' dir='ltr'>confirmari,</span> <span class='ocrx_word' id='word_1_129' title='bbox 768 1951 814 2019; x_wconf 70' lang='lat' dir='ltr'>,et</span> <span class='ocrx_word' id='word_1_130' title='bbox 828 1928 888 2013; x_wconf 91' lang='lat' dir='ltr'>cui</span> <span class='ocrx_word' id='word_1_131' title='bbox 903 1925 1060 2014; x_wconf 86' lang='lat' dir='ltr'>confidit</span> <span class='ocrx_word' id='word_1_132' title='bbox 1085 1928 1243 2021; x_wconf 86' lang='lat' dir='ltr'>maxime</span> <span class='ocrx_word' id='word_1_133' title='bbox 1265 1930 1437 2017; x_wconf 92' lang='lat' dir='ltr'>omnium</span> <span class='ocrx_word' id='word_1_134' title='bbox 1467 1941 1544 2020; x_wconf 81' lang='lat' dir='ltr'>Lu·</span> <span class='ocrx_word' id='word_1_135' title='bbox 1560 1922 1665 1976; x_wconf 38' lang='grc' dir='ltr'>’ἰωὴ</span> 
     </span>
     <span class='ocr_line' id='line_1_16' title="bbox 100 2045 1542 2158; baseline 0.001 -25"><span class='ocrx_word' id='word_1_136' title='bbox 100 2047 242 2133; x_wconf 86' lang='lat' dir='ltr'>therus.</span> <span class='ocrx_word' id='word_1_137' title='bbox 266 2045 667 2138; x_wconf 63' lang='lat' dir='ltr'>&amp;animamarum</span> <span class='ocrx_word' id='word_1_138' title='bbox 695 2045 909 2143; x_wconf 85' lang='lat' dir='ltr'>tractandus</span> <span class='ocrx_word' id='word_1_139' title='bbox 934 2045 1035 2151; x_wconf 88' lang='lat' dir='ltr'>erit,</span> <span class='ocrx_word' id='word_1_140' title='bbox 1058 2069 1145 2133; x_wconf 89' lang='lat' dir='ltr'>cum</span> <span class='ocrx_word' id='word_1_141' title='bbox 1170 2045 1280 2158; x_wconf 77' lang='lat' dir='ltr'>hujus</span> <span class='ocrx_word' id='word_1_142' title='bbox 1296 2048 1468 2144; x_wconf 87' lang='lat' dir='ltr'>haeretici</span> <span class='ocrx_word' id='word_1_143' title='bbox 1483 2081 1542 2140; x_wconf 78' lang='lat' dir='ltr'>ca·</span> 
     </span>
     <span class='ocr_line' id='line_1_17' title="bbox 99 2161 1544 2282; baseline 0.004 -32"><span class='ocrx_word' id='word_1_144' title='bbox 99 2167 246 2280; x_wconf 90' lang='lat' dir='ltr'>ptiones</span> <span class='ocrx_word' id='word_1_145' title='bbox 263 2165 459 2282; x_wconf 86' lang='lat' dir='ltr'>separatim</span> <span class='ocrx_word' id='word_1_146' title='bbox 475 2161 711 2269; x_wconf 80' lang='lat' dir='ltr'>refellemus,</span> <span class='ocrx_word' id='word_1_147' title='bbox 740 2163 962 2257; x_wconf 78' lang='lat' dir='ltr'>aliter3nunc</span> <span class='ocrx_word' id='word_1_148' title='bbox 978 2225 992 2268; x_wconf 90' lang='lat'>,</span> <span class='ocrx_word' id='word_1_149' title='bbox 1010 2163 1103 2248; x_wconf 92' lang='lat' dir='ltr'>dum</span> <span class='ocrx_word' id='word_1_150' title='bbox 1119 2163 1295 2276; x_wconf 89' lang='lat' dir='ltr'>physicos</span> <span class='ocrx_word' id='word_1_151' title='bbox 1320 2167 1464 2253; x_wconf 90' lang='lat' dir='ltr'>ratione</span> <span class='ocrx_word' id='word_1_152' title='bbox 1481 2199 1544 2256; x_wconf 90' lang='lat' dir='ltr'>na·</span> 
     </span>
     <span class='ocr_line' id='line_1_18' title="bbox 99 2281 1543 2401; baseline 0.006 -33"><span class='ocrx_word' id='word_1_153' title='bbox 99 2284 209 2368; x_wconf 89' lang='lat' dir='ltr'>tutali</span> <span class='ocrx_word' id='word_1_154' title='bbox 227 2285 385 2370; x_wconf 89' lang='lat' dir='ltr'>deorum</span> <span class='ocrx_word' id='word_1_155' title='bbox 403 2283 707 2398; x_wconf 85' lang='lat' dir='ltr'>praescientiam,</span> <span class='ocrx_word' id='word_1_156' title='bbox 728 2304 773 2373; x_wconf 56' lang='lat' dir='ltr'>et«</span> <span class='ocrx_word' id='word_1_157' title='bbox 782 2281 1063 2374; x_wconf 82' lang='lat' dir='ltr'>Chaldaeorum</span> <span class='ocrx_word' id='word_1_158' title='bbox 1088 2282 1384 2395; x_wconf 90' lang='lat' dir='ltr'>praedictiones,</span> <span class='ocrx_word' id='word_1_159' title='bbox 1405 2288 1543 2401; x_wconf 90' lang='lat' dir='ltr'>quibus</span> 
     </span>
     <span class='ocr_line' id='line_1_19' title="bbox 99 2395 1541 2516; baseline 0.007 -32"><span class='ocrx_word' id='word_1_160' title='bbox 99 2399 261 2486; x_wconf 89' lang='lat' dir='ltr'>similiter</span> <span class='ocrx_word' id='word_1_161' title='bbox 282 2401 487 2486; x_wconf 91' lang='lat' dir='ltr'>occurritur</span> <span class='ocrx_word' id='word_1_162' title='bbox 503 2458 517 2503; x_wconf 95' lang='lat'>,</span> <span class='ocrx_word' id='word_1_163' title='bbox 531 2399 732 2514; x_wconf 83' lang='lat' dir='ltr'>allegantes</span> <span class='ocrx_word' id='word_1_164' title='bbox 747 2395 964 2484; x_wconf 86' lang='lat' dir='ltr'>refutamus.</span> <span class='ocrx_word' id='word_1_165' title='bbox 990 2404 1094 2483; x_wconf 88' lang='lat' dir='ltr'>Deos</span> <span class='ocrx_word' id='word_1_166' title='bbox 1109 2398 1207 2483; x_wconf 90' lang='lat' dir='ltr'>enim</span> <span class='ocrx_word' id='word_1_167' title='bbox 1223 2397 1349 2486; x_wconf 83' lang='lat' dir='ltr'>futura</span> <span class='ocrx_word' id='word_1_168' title='bbox 1363 2407 1541 2516; x_wconf 86' lang='lat' dir='ltr'>praescire</span> 
     </span>
     <span class='ocr_line' id='line_1_20' title="bbox 99 2513 1541 2638; baseline 0.006 -36"><span class='ocrx_word' id='word_1_169' title='bbox 99 2543 181 2603; x_wconf 92' lang='lat' dir='ltr'>non</span> <span class='ocrx_word' id='word_1_170' title='bbox 196 2518 318 2604; x_wconf 90' lang='lat' dir='ltr'>solum</span> <span class='ocrx_word' id='word_1_171' title='bbox 334 2546 411 2604; x_wconf 91' lang='lat' dir='ltr'>esse</span> <span class='ocrx_word' id='word_1_172' title='bbox 428 2516 619 2631; x_wconf 80' lang='lat' dir='ltr'>probabile</span> <span class='ocrx_word' id='word_1_173' title='bbox 636 2513 890 2621; x_wconf 88' lang='lat' dir='ltr'>confirmant,</span> <span class='ocrx_word' id='word_1_174' title='bbox 916 2514 978 2602; x_wconf 89' lang='lat' dir='ltr'>sed</span> <span class='ocrx_word' id='word_1_175' title='bbox 995 2515 1098 2601; x_wconf 90' lang='lat' dir='ltr'>dictu</span> <span class='ocrx_word' id='word_1_176' title='bbox 1114 2516 1225 2601; x_wconf 87' lang='lat' dir='ltr'>etiam</span> <span class='ocrx_word' id='word_1_177' title='bbox 1249 2517 1353 2604; x_wconf 81' lang='lat' dir='ltr'>nefas</span> <span class='ocrx_word' id='word_1_178' title='bbox 1380 2521 1429 2605; x_wconf 89' lang='lat' dir='ltr'>ab</span> <span class='ocrx_word' id='word_1_179' title='bbox 1455 2525 1541 2638; x_wconf 88' lang='lat' dir='ltr'>ipsis</span> 
     </span>
     <span class='ocr_line' id='line_1_21' title="bbox 98 2629 1538 2751; baseline 0.008 -33"><span class='ocrx_word' id='word_1_180' title='bbox 98 2632 237 2721; x_wconf 89' lang='lat' dir='ltr'>horum</span> <span class='ocrx_word' id='word_1_181' title='bbox 277 2635 459 2751; x_wconf 89' lang='lat' dir='ltr'>uidquam</span> <span class='ocrx_word' id='word_1_182' title='bbox 481 2633 668 2750; x_wconf 87' lang='lat' dir='ltr'>ignorari:</span> <span class='ocrx_word' id='word_1_183' title='bbox 690 2633 765 2719; x_wconf 93' lang='lat' dir='ltr'>hoc</span> <span class='ocrx_word' id='word_1_184' title='bbox 781 2633 953 2726; x_wconf 83' lang='lat' dir='ltr'>siverum</span> <span class='ocrx_word' id='word_1_185' title='bbox 970 2631 1042 2737; x_wconf 90' lang='lat' dir='ltr'>sit,</span> <span class='ocrx_word' id='word_1_186' title='bbox 1071 2629 1167 2718; x_wconf 87' lang='lat' dir='ltr'>effici</span> <span class='ocrx_word' id='word_1_187' title='bbox 1182 2636 1472 2749; x_wconf 90' lang='lat' dir='ltr'>proculdubio,</span> <span class='ocrx_word' id='word_1_188' title='bbox 1493 2667 1538 2730; x_wconf 93' lang='lat' dir='ltr'>ut</span> 
     </span>
     <span class='ocr_line' id='line_1_22' title="bbox 10 2748 1541 2866; baseline 0.006 -28"><span class='ocrx_word' id='word_1_189' title='bbox 10 2766 12 2770; x_wconf 71' lang='lat'><em>&#39;</em></span> <span class='ocrx_word' id='word_1_190' title='bbox 100 2779 237 2841; x_wconf 79' lang='lat' dir='ltr'>mntra</span> <span class='ocrx_word' id='word_1_191' title='bbox 327 2753 574 2839; x_wconf 84' lang='lat' dir='ltr'>tnecessitare</span> <span class='ocrx_word' id='word_1_192' title='bbox 592 2809 606 2857; x_wconf 94' lang='lat'>,</span> <span class='ocrx_word' id='word_1_193' title='bbox 625 2774 664 2838; x_wconf 86' lang='lat' dir='ltr'>et</span> <span class='ocrx_word' id='word_1_194' title='bbox 681 2748 763 2837; x_wconf 85' lang='lat' dir='ltr'>fato</span> <span class='ocrx_word' id='word_1_195' title='bbox 778 2751 949 2866; x_wconf 87' lang='lat' dir='ltr'>quodam</span> <span class='ocrx_word' id='word_1_196' title='bbox 965 2750 1164 2839; x_wconf 87' lang='lat' dir='ltr'>inevitabili</span> <span class='ocrx_word' id='word_1_197' title='bbox 1178 2754 1397 2866; x_wconf 88' lang='lat' dir='ltr'>procedant.</span> <span class='ocrx_word' id='word_1_198' title='bbox 1422 2758 1541 2855; x_wconf 78' lang='lat' dir='ltr'>Quid</span> 
     </span>
     <span class='ocr_line' id='line_1_23' title="bbox 99 2867 1537 2992; baseline 0.006 -34"><span class='ocrx_word' id='word_1_199' title='bbox 99 2871 194 2984; x_wconf 88' lang='lat' dir='ltr'>quid</span> <span class='ocrx_word' id='word_1_200' title='bbox 208 2873 308 2959; x_wconf 89' lang='lat' dir='ltr'>enim</span> <span class='ocrx_word' id='word_1_201' title='bbox 327 2867 496 2958; x_wconf 85' lang='lat' dir='ltr'>firtutum</span> <span class='ocrx_word' id='word_1_202' title='bbox 508 2899 586 2956; x_wconf 84' lang='lat' dir='ltr'>esse</span> <span class='ocrx_word' id='word_1_203' title='bbox 601 2894 951 2984; x_wconf 81' lang='lat' dir='ltr'>praecognoscent,</span> <span class='ocrx_word' id='word_1_204' title='bbox 972 2868 1039 2955; x_wconf 93' lang='lat' dir='ltr'>nisi</span> <span class='ocrx_word' id='word_1_205' title='bbox 1055 2871 1258 2956; x_wconf 90' lang='lat' dir='ltr'>necessario</span> <span class='ocrx_word' id='word_1_206' title='bbox 1274 2898 1340 2979; x_wconf 95' lang='lat' dir='ltr'>,ut</span> <span class='ocrx_word' id='word_1_207' title='bbox 1355 2872 1421 2988; x_wconf 94' lang='lat' dir='ltr'>ipsi</span> <span class='ocrx_word' id='word_1_208' title='bbox 1433 2906 1537 2992; x_wconf 88' lang='lat' dir='ltr'>prae·</span> 
     </span>
     <span class='ocr_line' id='line_1_24' title="bbox 97 2985 1537 3106; baseline 0.01 -36"><span class='ocrx_word' id='word_1_209' title='bbox 97 2990 384 3106; x_wconf 86' lang='lat' dir='ltr'>cognoverint,</span> <span class='ocrx_word' id='word_1_210' title='bbox 413 2988 589 3094; x_wconf 91' lang='lat' dir='ltr'>eveniat,</span> <span class='ocrx_word' id='word_1_211' title='bbox 616 2987 684 3074; x_wconf 90' lang='lat' dir='ltr'>sed</span> <span class='ocrx_word' id='word_1_212' title='bbox 699 2985 777 3073; x_wconf 89' lang='lat' dir='ltr'>fieri</span> <span class='ocrx_word' id='word_1_213' title='bbox 793 2986 895 3073; x_wconf 88' lang='lat' dir='ltr'>aliter</span> <span class='ocrx_word' id='word_1_214' title='bbox 919 2989 1062 3101; x_wconf 86' lang='lat' dir='ltr'>possit,</span> <span class='ocrx_word' id='word_1_215' title='bbox 1094 3015 1328 3105; x_wconf 85' lang='lat' dir='ltr'>consequens</span> <span class='ocrx_word' id='word_1_216' title='bbox 1353 3019 1430 3079; x_wconf 86' lang='lat' dir='ltr'>esse</span> <span class='ocrx_word' id='word_1_217' title='bbox 1458 3054 1471 3098; x_wconf 96' lang='lat'>,</span> <span class='ocrx_word' id='word_1_218' title='bbox 1492 3021 1537 3084; x_wconf 94' lang='lat' dir='ltr'>ut</span> 
     </span>
     <span class='ocr_line' id='line_1_25' title="bbox 102 3102 1535 3228; baseline 0.007 -39"><span class='ocrx_word' id='word_1_219' title='bbox 102 3132 172 3189; x_wconf 90' lang='lat' dir='ltr'>sua</span> <span class='ocrx_word' id='word_1_220' title='bbox 187 3135 297 3222; x_wconf 89' lang='lat' dir='ltr'>saepe</span> <span class='ocrx_word' id='word_1_221' title='bbox 313 3105 364 3194; x_wconf 91' lang='lat' dir='ltr'>dii</span> <span class='ocrx_word' id='word_1_222' title='bbox 389 3105 568 3221; x_wconf 87' lang='lat' dir='ltr'>opinione</span> <span class='ocrx_word' id='word_1_223' title='bbox 583 3102 782 3210; x_wconf 86' lang='lat' dir='ltr'>fallantur,</span> <span class='ocrx_word' id='word_1_224' title='bbox 797 3133 985 3219; x_wconf 66' lang='lat' dir='ltr'>⁴vanaque</span> <span class='ocrx_word' id='word_1_225' title='bbox 1006 3105 1052 3192; x_wconf 90' lang='lat' dir='ltr'>sit</span> <span class='ocrx_word' id='word_1_226' title='bbox 1073 3104 1238 3219; x_wconf 90' lang='lat' dir='ltr'>ipsorum</span> <span class='ocrx_word' id='word_1_227' title='bbox 1267 3111 1535 3228; x_wconf 87' lang='lat' dir='ltr'>praecognitio,</span> 
     </span>
     <span class='ocr_line' id='line_1_26' title="bbox 102 3222 1535 3344; baseline 0.007 -38"><span class='ocrx_word' id='word_1_228' title='bbox 102 3224 213 3310; x_wconf 89' lang='lat' dir='ltr'>rebus</span> <span class='ocrx_word' id='word_1_229' title='bbox 228 3224 266 3308; x_wconf 92' lang='lat' dir='ltr'>in</span> <span class='ocrx_word' id='word_1_230' title='bbox 282 3224 499 3331; x_wconf 87' lang='lat' dir='ltr'>diversum,</span> <span class='ocrx_word' id='word_1_231' title='bbox 524 3249 640 3340; x_wconf 87' lang='lat' dir='ltr'>atque</span> <span class='ocrx_word' id='word_1_232' title='bbox 655 3223 722 3338; x_wconf 87' lang='lat' dir='ltr'>ipsi</span> <span class='ocrx_word' id='word_1_233' title='bbox 736 3222 984 3337; x_wconf 87' lang='lat' dir='ltr'>praeviderint</span> <span class='ocrx_word' id='word_1_234' title='bbox 998 3283 1010 3329; x_wconf 97' lang='lat'>,</span> <span class='ocrx_word' id='word_1_235' title='bbox 1026 3222 1292 3311; x_wconf 88' lang='lat' dir='ltr'>recidentibus:</span> <span class='ocrx_word' id='word_1_236' title='bbox 1318 3225 1427 3339; x_wconf 85' lang='lat' dir='ltr'>hujus</span> <span class='ocrx_word' id='word_1_237' title='bbox 1449 3260 1535 3344; x_wconf 89' lang='lat' dir='ltr'>por-</span> 
     </span>
     <span class='ocr_line' id='line_1_27' title="bbox 102 3337 1535 3478; baseline 0.008 -54"><span class='ocrx_word' id='word_1_238' title='bbox 102 3365 147 3426; x_wconf 92' lang='lat' dir='ltr'>to</span> <span class='ocrx_word' id='word_1_239' title='bbox 178 3342 488 3478; x_wconf 89' lang='lat' dir='ltr'>praecognitionis</span> <span class='ocrx_word' id='word_1_240' title='bbox 514 3366 629 3457; x_wconf 91' lang='lat' dir='ltr'>caput</span> <span class='ocrx_word' id='word_1_241' title='bbox 655 3342 708 3427; x_wconf 86' lang='lat' dir='ltr'>ad</span> <span class='ocrx_word' id='word_1_242' title='bbox 733 3340 988 3458; x_wconf 87' lang='lat' dir='ltr'>cognitionem</span> <span class='ocrx_word' id='word_1_243' title='bbox 1013 3337 1186 3427; x_wconf 87' lang='lat' dir='ltr'>referunt·</span> <span class='ocrx_word' id='word_1_244' title='bbox 1200 3337 1318 3430; x_wconf 77' lang='lat' dir='ltr'>fatalis</span> <span class='ocrx_word' id='word_1_245' title='bbox 1340 3372 1535 3436; x_wconf 91' lang='lat' dir='ltr'>causarum</span> 
     </span>
     <span class='ocr_line' id='line_1_28' title="bbox 102 3457 1533 3578; baseline 0.009 -38"><span class='ocrx_word' id='word_1_246' title='bbox 102 3460 356 3547; x_wconf 81' lang='lat' dir='ltr'>connexioms.</span> <span class='ocrx_word' id='word_1_247' title='bbox 389 3465 526 3574; x_wconf 90' lang='lat' dir='ltr'>Neque</span> <span class='ocrx_word' id='word_1_248' title='bbox 540 3458 637 3544; x_wconf 90' lang='lat' dir='ltr'>enim</span> <span class='ocrx_word' id='word_1_249' title='bbox 654 3458 816 3575; x_wconf 86' lang='lat' dir='ltr'>potuisse</span> <span class='ocrx_word' id='word_1_250' title='bbox 832 3457 1045 3572; x_wconf 85' lang='lat' dir='ltr'>Apollinem</span> <span class='ocrx_word' id='word_1_251' title='bbox 1067 3457 1199 3569; x_wconf 77' lang='lat' dir='ltr'>[aium</span> <span class='ocrx_word' id='word_1_252' title='bbox 1224 3461 1273 3544; x_wconf 88' lang='lat' dir='ltr'>ab</span> <span class='ocrx_word' id='word_1_253' title='bbox 1289 3462 1441 3578; x_wconf 89' lang='lat' dir='ltr'>Oedipo</span> <span class='ocrx_word' id='word_1_254' title='bbox 1457 3461 1533 3553; x_wconf 90' lang='lat' dir='ltr'>filio</span> 
     </span>
     <span class='ocr_line' id='line_1_29' title="bbox 102 3574 1534 3696; baseline 0.008 -38"><span class='ocrx_word' id='word_1_255' title='bbox 102 3574 439 3683; x_wconf 89' lang='lat' dir='ltr'>obtruncandum,</span> <span class='ocrx_word' id='word_1_256' title='bbox 457 3601 497 3665; x_wconf 88' lang='lat' dir='ltr'>et</span> <span class='ocrx_word' id='word_1_257' title='bbox 517 3599 676 3664; x_wconf 85' lang='lat' dir='ltr'>matrem</span> <span class='ocrx_word' id='word_1_258' title='bbox 704 3575 893 3690; x_wconf 90' lang='lat' dir='ltr'>Jocastam</span> <span class='ocrx_word' id='word_1_259' title='bbox 907 3601 1064 3665; x_wconf 87' lang='lat' dir='ltr'>uxorem</span> <span class='ocrx_word' id='word_1_260' title='bbox 1088 3575 1301 3665; x_wconf 87' lang='lat' dir='ltr'>ducendam</span> <span class='ocrx_word' id='word_1_261' title='bbox 1323 3609 1400 3667; x_wconf 87' lang='lat' dir='ltr'>esse</span> <span class='ocrx_word' id='word_1_262' title='bbox 1422 3610 1534 3696; x_wconf 85' lang='lat' dir='ltr'>prae·</span> 
     </span>
     <span class='ocr_line' id='line_1_30' title="bbox 93 3690 1532 3812; baseline 0.008 -36"><span class='ocrx_word' id='word_1_263' title='bbox 93 3690 249 3799; x_wconf 89' lang='lat' dir='ltr'>videre,</span> <span class='ocrx_word' id='word_1_264' title='bbox 280 3697 346 3781; x_wconf 91' lang='lat' dir='ltr'>nisi</span> <span class='ocrx_word' id='word_1_265' title='bbox 362 3695 602 3812; x_wconf 81' lang='lat' dir='ltr'>prospexisset</span> <span class='ocrx_word' id='word_1_266' title='bbox 634 3695 869 3782; x_wconf 91' lang='lat' dir='ltr'>connexione</span> <span class='ocrx_word' id='word_1_267' title='bbox 896 3725 1090 3782; x_wconf 89' lang='lat' dir='ltr'>causarum</span> <span class='ocrx_word' id='word_1_268' title='bbox 1105 3697 1304 3782; x_wconf 86' lang='lat' dir='ltr'>necessaria</span> <span class='ocrx_word' id='word_1_269' title='bbox 1334 3701 1532 3807; x_wconf 89' lang='lat' dir='ltr'>contineri,</span> 
     </span>
     <span class='ocr_line' id='line_1_31' title="bbox 93 3811 1532 3931; baseline 0.009 -38"><span class='ocrx_word' id='word_1_270' title='bbox 93 3831 139 3894; x_wconf 93' lang='lat' dir='ltr'>ut</span> <span class='ocrx_word' id='word_1_271' title='bbox 161 3811 270 3922; x_wconf 77' lang='lat' dir='ltr'>Laius</span> <span class='ocrx_word' id='word_1_272' title='bbox 295 3815 488 3927; x_wconf 89' lang='lat' dir='ltr'>Oedipum</span> <span class='ocrx_word' id='word_1_273' title='bbox 521 3838 733 3931; x_wconf 88' lang='lat' dir='ltr'>procrearet</span> <span class='ocrx_word' id='word_1_274' title='bbox 758 3812 947 3929; x_wconf 91' lang='lat' dir='ltr'>primum,</span> <span class='ocrx_word' id='word_1_275' title='bbox 976 3814 1111 3900; x_wconf 87' lang='lat' dir='ltr'>deinde</span> <span class='ocrx_word' id='word_1_276' title='bbox 1127 3844 1237 3902; x_wconf 89' lang='lat' dir='ltr'>servo</span> <span class='ocrx_word' id='word_1_277' title='bbox 1266 3819 1532 3930; x_wconf 90' lang='lat' dir='ltr'>exponendum</span> 
     </span>
     <span class='ocr_line' id='line_1_32' title="bbox 92 3924 1533 4050; baseline 0.006 -36"><span class='ocrx_word' id='word_1_278' title='bbox 92 3924 225 4035; x_wconf 83' lang='lat' dir='ltr'>daret,</span> <span class='ocrx_word' id='word_1_279' title='bbox 252 3952 335 4015; x_wconf 90' lang='lat' dir='ltr'>tum</span> <span class='ocrx_word' id='word_1_280' title='bbox 350 3930 412 4016; x_wconf 88' lang='lat' dir='ltr'>hic</span> <span class='ocrx_word' id='word_1_281' title='bbox 425 3930 528 4017; x_wconf 85' lang='lat' dir='ltr'>alteri</span> <span class='ocrx_word' id='word_1_282' title='bbox 544 3931 683 4046; x_wconf 78' lang='lat' dir='ltr'>pastori</span> <span class='ocrx_word' id='word_1_283' title='bbox 701 3991 714 4037; x_wconf 95' lang='lat'>,</span> <span class='ocrx_word' id='word_1_284' title='bbox 745 3955 784 4017; x_wconf 92' lang='lat' dir='ltr'>et</span> <span class='ocrx_word' id='word_1_285' title='bbox 806 3932 855 4016; x_wconf 92' lang='lat' dir='ltr'>sic</span> <span class='ocrx_word' id='word_1_286' title='bbox 879 3931 976 4047; x_wconf 92' lang='lat' dir='ltr'>Regi</span> <span class='ocrx_word' id='word_1_287' title='bbox 1004 3931 1289 4019; x_wconf 88' lang='lat' dir='ltr'>Corinthiorum</span> <span class='ocrx_word' id='word_1_288' title='bbox 1303 3934 1451 4050; x_wconf 89' lang='lat' dir='ltr'>Polybo</span> <span class='ocrx_word' id='word_1_289' title='bbox 1463 3962 1533 4022; x_wconf 84' lang='lat' dir='ltr'>tra-</span> 
     </span>
     <span class='ocr_line' id='line_1_33' title="bbox 95 4043 1533 4166; baseline 0.006 -37"><span class='ocrx_word' id='word_1_290' title='bbox 95 4043 210 4153; x_wconf 85' lang='lat' dir='ltr'>ditus,</span> <span class='ocrx_word' id='word_1_291' title='bbox 225 4047 466 4164; x_wconf 89' lang='lat' dir='ltr'>apudipsum</span> <span class='ocrx_word' id='word_1_292' title='bbox 487 4049 664 4166; x_wconf 88' lang='lat' dir='ltr'>ignoratis</span> <span class='ocrx_word' id='word_1_293' title='bbox 684 4049 897 4163; x_wconf 89' lang='lat' dir='ltr'>parentibus</span> <span class='ocrx_word' id='word_1_294' title='bbox 921 4048 971 4136; x_wconf 91' lang='lat' dir='ltr'>ad</span> <span class='ocrx_word' id='word_1_295' title='bbox 995 4048 1151 4134; x_wconf 87' lang='lat' dir='ltr'>multam</span> <span class='ocrx_word' id='word_1_296' title='bbox 1174 4075 1335 4136; x_wconf 89' lang='lat' dir='ltr'>aetatem</span> <span class='ocrx_word' id='word_1_297' title='bbox 1351 4055 1533 4139; x_wconf 88' lang='lat' dir='ltr'>educare·</span> 
     </span>
     <span class='ocr_line' id='line_1_34' title="bbox 92 4165 1532 4287; baseline 0.008 -43"><span class='ocrx_word' id='word_1_298' title='bbox 92 4181 182 4265; x_wconf 91' lang='lat' dir='ltr'>tur,</span> <span class='ocrx_word' id='word_1_299' title='bbox 209 4188 248 4250; x_wconf 94' lang='lat' dir='ltr'>et</span> <span class='ocrx_word' id='word_1_300' title='bbox 262 4192 387 4254; x_wconf 87' lang='lat' dir='ltr'>cetera</span> <span class='ocrx_word' id='word_1_301' title='bbox 402 4193 501 4283; x_wconf 88' lang='lat' dir='ltr'>quae</span> <span class='ocrx_word' id='word_1_302' title='bbox 516 4174 656 4284; x_wconf 69' lang='lat' dir='ltr'>po&#39;e‘tae</span> <span class='ocrx_word' id='word_1_303' title='bbox 668 4167 932 4270; x_wconf 88' lang='lat' dir='ltr'>tradiderunt:</span> <span class='ocrx_word' id='word_1_304' title='bbox 955 4190 1049 4252; x_wconf 90' lang='lat' dir='ltr'>nota</span> <span class='ocrx_word' id='word_1_305' title='bbox 1062 4190 1117 4252; x_wconf 91' lang='lat' dir='ltr'>est</span> <span class='ocrx_word' id='word_1_306' title='bbox 1132 4167 1232 4252; x_wconf 91' lang='lat' dir='ltr'>enim</span> <span class='ocrx_word' id='word_1_307' title='bbox 1246 4165 1370 4254; x_wconf 86' lang='lat' dir='ltr'>fabula</span> <span class='ocrx_word' id='word_1_308' title='bbox 1387 4199 1532 4287; x_wconf 89' lang='lat' dir='ltr'>,quam</span> 
     </span>
     <span class='ocr_line' id='line_1_35' title="bbox 91 4278 1533 4399; baseline 0.009 -38"><span class='ocrx_word' id='word_1_309' title='bbox 91 4278 296 4392; x_wconf 82' lang='lat' dir='ltr'>Sophocles</span> <span class='ocrx_word' id='word_1_310' title='bbox 321 4284 361 4368; x_wconf 92' lang='lat' dir='ltr'>in</span> <span class='ocrx_word' id='word_1_311' title='bbox 385 4284 540 4398; x_wconf 90' lang='lat' dir='ltr'>Oedipo</span> <span class='ocrx_word' id='word_1_312' title='bbox 554 4311 721 4399; x_wconf 89' lang='lat' dir='ltr'>tyranno</span> <span class='ocrx_word' id='word_1_313' title='bbox 739 4285 944 4370; x_wconf 88' lang='lat' dir='ltr'>accuratius</span> <span class='ocrx_word' id='word_1_314' title='bbox 959 4284 1193 4398; x_wconf 87' lang='lat' dir='ltr'>exsequitur,</span> <span class='ocrx_word' id='word_1_315' title='bbox 1229 4309 1274 4371; x_wconf 91' lang='lat' dir='ltr'>ut</span> <span class='ocrx_word' id='word_1_316' title='bbox 1299 4287 1442 4374; x_wconf 91' lang='lat' dir='ltr'>rediens</span> <span class='ocrx_word' id='word_1_317' title='bbox 1473 4286 1533 4375; x_wconf 91' lang='lat' dir='ltr'>ille</span> 
     </span>
     <span class='ocr_line' id='line_1_36' title="bbox 93 4394 1533 4517; baseline 0.012 -41"><span class='ocrx_word' id='word_1_318' title='bbox 93 4394 309 4486; x_wconf 86' lang='lat' dir='ltr'>aboraculo</span> <span class='ocrx_word' id='word_1_319' title='bbox 323 4402 463 4515; x_wconf 88' lang='lat' dir='ltr'>Pythio</span> <span class='ocrx_word' id='word_1_320' title='bbox 473 4403 656 4517; x_wconf 87' lang='lat' dir='ltr'>ignotum</span> <span class='ocrx_word' id='word_1_321' title='bbox 673 4425 822 4516; x_wconf 89' lang='lat' dir='ltr'>patrem</span> <span class='ocrx_word' id='word_1_322' title='bbox 835 4400 1121 4515; x_wconf 90' lang='lat' dir='ltr'>exasperatusin</span> <span class='ocrx_word' id='word_1_323' title='bbox 1150 4403 1212 4488; x_wconf 88' lang='lat' dir='ltr'>via</span> <span class='ocrx_word' id='word_1_324' title='bbox 1238 4401 1465 4513; x_wconf 87' lang='lat' dir='ltr'>conficeret,</span> <span class='ocrx_word' id='word_1_325' title='bbox 1493 4431 1533 4493; x_wconf 91' lang='lat' dir='ltr'>et</span> 
     </span>
     <span class='ocr_line' id='line_1_37' title="bbox 91 4513 1724 4638; baseline 0.006 -40"><span class='ocrx_word' id='word_1_326' title='bbox 91 4537 287 4624; x_wconf 88' lang='lat' dir='ltr'>postremo</span> <span class='ocrx_word' id='word_1_327' title='bbox 303 4519 447 4605; x_wconf 88' lang='lat' dir='ltr'>Thebis</span> <span class='ocrx_word' id='word_1_328' title='bbox 459 4524 650 4635; x_wconf 87' lang='lat' dir='ltr'>Jocastam</span> <span class='ocrx_word' id='word_1_329' title='bbox 666 4521 831 4606; x_wconf 88' lang='lat' dir='ltr'>duceret.</span> <span class='ocrx_word' id='word_1_330' title='bbox 862 4520 935 4604; x_wconf 91' lang='lat' dir='ltr'>Sed</span> <span class='ocrx_word' id='word_1_331' title='bbox 958 4518 1028 4602; x_wconf 92' lang='lat' dir='ltr'>hac</span> <span class='ocrx_word' id='word_1_332' title='bbox 1045 4513 1285 4626; x_wconf 83' lang='lat' dir='ltr'>difficttltate,</span> <span class='ocrx_word' id='word_1_333' title='bbox 1300 4550 1399 4638; x_wconf 88' lang='lat' dir='ltr'>quae</span> <span class='ocrx_word' id='word_1_334' title='bbox 1415 4525 1532 4609; x_wconf 88' lang='lat' dir='ltr'>maxi·</span> <span class='ocrx_word' id='word_1_335' title='bbox 1549 4514 1724 4635; x_wconf 57' lang='lat' dir='ltr'>„lfjlssflssff</span> 
     </span>
     <span class='ocr_line' id='line_1_38' title="bbox 92 4635 1724 4759; baseline 0.009 -45"><span class='ocrx_word' id='word_1_336' title='bbox 92 4659 155 4715; x_wconf 88' lang='lat' dir='ltr'>me</span> <span class='ocrx_word' id='word_1_337' title='bbox 173 4636 347 4720; x_wconf 89' lang='lat' dir='ltr'>omnium</span> <span class='ocrx_word' id='word_1_338' title='bbox 362 4638 588 4750; x_wconf 87' lang='lat' dir='ltr'>quibusdam</span> <span class='ocrx_word' id='word_1_339' title='bbox 604 4637 752 4723; x_wconf 85' lang='lat' dir='ltr'>videtur</span> <span class='ocrx_word' id='word_1_340' title='bbox 781 4635 1066 4750; x_wconf 88' lang='lat' dir='ltr'>inexplicabilis,</span> <span class='ocrx_word' id='word_1_341' title='bbox 1091 4665 1130 4723; x_wconf 89' lang='lat' dir='ltr'>se</span> <span class='ocrx_word' id='word_1_342' title='bbox 1147 4638 1357 4726; x_wconf 87' lang='lat' dir='ltr'>Alexander</span> <span class='ocrx_word' id='word_1_343' title='bbox 1382 4642 1533 4756; x_wconf 76' lang='lat' dir='ltr'>Aphrm</span> <span class='ocrx_word' id='word_1_344' title='bbox 1549 4636 1724 4759; x_wconf 54' lang='lat' dir='ltr'>{how</span> 
     </span>
     <span class='ocr_line' id='line_1_39' title="bbox 89 4746 1617 4872; baseline 0.009 -40"><span class='ocrx_word' id='word_1_345' title='bbox 89 4746 255 4834; x_wconf 87' lang='lat' dir='ltr'>disiensis</span> <span class='ocrx_word' id='word_1_346' title='bbox 279 4752 527 4864; x_wconf 82' lang='lat' dir='ltr'>superstitiose</span> <span class='ocrx_word' id='word_1_347' title='bbox 558 4753 711 4838; x_wconf 91' lang='lat' dir='ltr'>minime</span> <span class='ocrx_word' id='word_1_348' title='bbox 744 4753 884 4865; x_wconf 87' lang='lat' dir='ltr'>patitur</span> <span class='ocrx_word' id='word_1_349' title='bbox 918 4753 1121 4868; x_wconf 75' lang='lat' dir='ltr'>implicari,</span> <span class='ocrx_word' id='word_1_350' title='bbox 1147 4755 1212 4842; x_wconf 88' lang='lat' dir='ltr'>secl</span> <span class='ocrx_word' id='word_1_351' title='bbox 1245 4785 1387 4872; x_wconf 87' lang='lat' dir='ltr'>negans</span> <span class='ocrx_word' id='word_1_352' title='bbox 1419 4758 1534 4845; x_wconf 85' lang='lat' dir='ltr'>talem</span> <span class='ocrx_word' id='word_1_353' title='bbox 1549 4767 1617 4807; x_wconf 54' lang='grc' dir='ltr'><strong>Μ</strong></span> 
     </span>
     <span class='ocr_line' id='line_1_40' title="bbox 88 4861 1534 4990; baseline 0.008 -42"><span class='ocrx_word' id='word_1_354' title='bbox 88 4861 248 4954; x_wconf 84' lang='lat' dir='ltr'>deorum</span> <span class='ocrx_word' id='word_1_355' title='bbox 284 4869 669 4987; x_wconf 89' lang='lat' dir='ltr'>praecognitionem,</span> <span class='ocrx_word' id='word_1_356' title='bbox 696 4868 984 4964; x_wconf 73' lang='lat' dir='ltr'>inernicabilcm</span> <span class='ocrx_word' id='word_1_357' title='bbox 1011 4874 1160 4967; x_wconf 88' lang='lat' dir='ltr'>nodum</span> <span class='ocrx_word' id='word_1_358' title='bbox 1188 4872 1370 4974; x_wconf 82' lang='lat' dir='ltr'>abscirrdit</span> <span class='ocrx_word' id='word_1_359' title='bbox 1403 4877 1534 4990; x_wconf 89' lang='lat' dir='ltr'>magis,</span> 
     </span>
    </p>

    <p class='ocr_par' dir='ltr' id='par_1_4' title="bbox 1421 5021 1538 5112">
     <span class='ocr_line' id='line_1_41' title="bbox 1421 5021 1538 5112; baseline 0.026 -33"><span class='ocrx_word' id='word_1_360' title='bbox 1421 5021 1538 5112; x_wconf 85' lang='lat' dir='ltr'>quam</span> 
     </span>
    </p>
   </div>
   <div class='ocr_carea' id='block_1_4' title="bbox 0 0 2008 5850">
    <p class='ocr_par' dir='ltr' id='par_1_5' title="bbox 0 0 2008 5850">
     <span class='ocr_line' id='line_1_42' title="bbox 0 0 2008 5850; baseline 0 4"><span class='ocrx_word' id='word_1_361' title='bbox 0 0 2008 5850; x_wconf 95' lang='lat' dir='ltr'> </span> 
     </span>
    </p>
   </div>
  </div>
 </body>
</html>
