4020 5864
529 391 597 475 566
881 386 1238 462 ANTAPOLOGIA
1253 388 1352 464 PRO
1376 387 1478 460 ALB.
1494 393 1575 462 1210

503 515 596 600 bros
628 535 716 597 tuos
740 508 940 596 oscitanter
969 509 1193 599 lectitarent.
1222 512 1404 599 Ceterum
1433 514 1523 628 quia
1547 525 1592 600 tu
1621 509 1772 601 factrtm
1821 516 1958 607 institu-

501 659 662 746 tumque
678 628 771 716 illius
786 629 903 746 longe
918 628 1022 714 aliter
1037 628 1323 746 interpretaris,
1348 633 1456 748 quasi
1471 633 1636 720 studiose
1651 636 1853 724 vexaverit
1879 639 1956 725 scri·

501 776 569 866 pta
583 776 676 856 tua,
702 776 773 834 nec
790 746 963 833 habuerit
977 748 1062 834 satis
1086 778 1267 866 magnam
1281 777 1432 851 cauum
1445 751 1496 838 ad
1526 780 1571 837 ea
1596 752 1682 838 loca
1703 809 1719 859 ,
1736 781 1839 869 quae
1854 784 1954 845 com·

494 893 690 956 memorat
709 897 756 955 ex
771 865 843 967 tuis
864 865 990 973 libris,
1007 866 1112 955 velut
1136 867 1277 953 lubrica
1308 892 1348 954 et
1378 895 1547 985 suspectu
1572 871 1870 973 denotandum:
1896 907 1950 964 res

499 993 578 1109 ipsa
607 987 796 1105 postulare
822 983 1006 1090 videtur,
1037 1011 1080 1071 ut
1111 986 1317 1072 rationibus
1348 988 1544 1104 utriusque
1574 1013 1750 1076 vestrum
1784 992 1949 1101 collatis,

500 1114 645 1230 aliquot
660 1135 796 1192 eorum
813 1103 1074 1190 discutiamus:
1102 1112 1172 1189 n'ec
1187 1105 1287 1190 enim
1303 1106 1373 1192 erit
1388 1102 1535 1192 difficile
1556 1135 1603 1191 cx
1624 1137 1749 1222 parva
1777 1111 1886 1198 velut
1897 1112 1950 1198 in·

499 1234 667 1321 dicatura
682 1255 763 1311 rem
774 1248 899 1310 totam
915 1221 1006 1307 citra
1021 1251 1203 1337 magnum
1218 1251 1384 1309 errorem
1400 1224 1606 1311 aestimate.

557 1347 727 1435 XXXV.
787 1340 952 1426 Primum
967 1341 1139 1426 omnium
1162 1370 1251 1427 cum
1270 1341 1442 1453 objicimr
1457 1342 1526 1428 tibi
1541 1343 1700 1447 Morio,
1720 1343 1760 1428 in
1777 1374 1948 1461 quanm

497 1469 621 1558 solum
647 1487 770 1551 cetera
792 1459 921 1545 omnia
946 1460 1121 1563 omnium
1145 1459 1346 1545 hominum
1371 1459 1522 1566 studia,
1553 1459 1672 1548 etiarn
1690 1462 1949 1552 honestissima

495 1585 670 1687 derides,
695 1608 829 1668 verum
845 1601 884 1663 et
910 1577 1148 1670 sacerdotum
1179 1577 1532 1713 monachorumque
1562 1577 1740 1667 institutis
1775 1582 1946 1670 vivendi·

439 1716 442 1721 ‘
497 1734 575 1824 que
590 1700 752 1803 rationi,
775 1695 826 1782 ad
854 1724 1041 1781 summam
1069 1693 1136 1811 ipsi
1162 1695 1331 1812 religioni
1350 1695 1582 1782 Chrisnanac
1612 1696 1753 1785 videris
1772 1699 1944 1787 illudere:

494 1851 611 1939 caput
624 1846 713 1907 tuae
728 1813 975 1930 responsionis
989 1837 1072 1899 est:
1103 1812 1355 1924 Scriptiouem
1378 1811 1513 1920 fuisse
1532 1815 1778 1923 jocularem,
1801 1847 1866 1903 aon
1890 1847 1948 1902 se-

493 1951 594 2030 riam
611 2001 623 2046 ,
639 1943 894 2043 seminumque
914 1929 1045 2038 fuisse
1055 1950 1238 2040 personae
1251 1932 1403 2017 Mariua
1419 1991 1433 2038 ,
1459 1958 1485 2018 c
1500 1958 1574 2040 qua
1598 1929 1699 2019 nibil
1711 1943 1805 2020 sarri
1813 1954 1943 2046 postu-

494 2067 573 2145 lari
605 2059 747 2158 debet,
783 2054 880 2135 nihil
905 2074 977 2133 uon
1001 2055 1156 2135 stultum
1187 2066 1226 2134 et
1253 2056 1422 2160 ineptum
1447 2057 1699 2162 exspes-turi.
1717 2094 1719 2099 ·
1736 2056 1861 2148 Quod
1891 2083 1943 2167 est

494 2176 656 2264 maxime
670 2194 803 2257 contra
816 2163 1009 2273 te,.aliets
1024 2167 1066 2252 in
1078 2192 1185 2254 tuam
1201 2168 1491 2254 excusationem:
1524 2174 1588 2255 An
1603 2194 1735 2285 potest
1746 2173 1940 2288 essequid·

494 2324 613 2411 quam
634 2288 751 2406 magis
767 2285 1040 2400 criminosum,
1059 2291 1176 2402 quain
1194 2347 1207 2390 ,
1232 2311 1276 2372 ut
1290 2300 1416 2374 cetera
1443 2288 1649 2394 omittam,
1671 2290 1785 2375 rehtu
1808 2289 1944 2399 iomis-

493 2415 593 2499 ribus
608 2409 826 2524 religionem
841 2400 1093 2489 Christianam
1109 2413 1134 2510 ,‘
1148 2403 1313 2520 ejusque¹
1321 2405 1509 2492 ministros
1528 2430 1598 2510 ,et
1621 2436 1714 2493 cum
1741 2406 1837 2495 divis
1858 2410 1947 2495 Dei·

494 2556 660 2647 puraque
672 2524 829 2641 Virgine
843 2520 1034 2607 Christum
1051 2522 1173 2637 ipsum
1188 2524 1418 2611 admiscere?
1431 2528 1536 2609 Nam
1553 2521 1638 2639 qui,
1654 2524 1754 2611 dum
1772 2526 1822 2614 de
1846 2528 1946 2614 vanis

493 2649 699 2736 hominum
725 2641 853 2729 studiis
887 2637 1082 2756 stultisque¹
1099 2640 1340 2755 opinionibus
1354 2642 1509 2757 agitur,
1537 2642 1780 2730 mentionem
1805 2639 1946 2732 facitdc

493 2760 734 2882 indulgentiis
752 2821 765 2865 ,
782 2758 1048 2863 anathemate,
1070 2758 1332 2864 caerimoniis,
1359 2759 1411 2845 ds
1427 2762 1621 2848 &orant
1635 2788 1683 2850 ac
1705 2761 1846 2849 beatae
1864 2764 1946 2852 Vn·

492 2884 588 3003 ginis
603 2881 738 2985 cultu,
764 2876 812 2964 de
837 2875 974 2961 Christi
991 2876 1067 2963 vita
1085 2935 1099 2980 ,
1119 2877 1176 2962 ad
1202 2884 1390 2962 summam
1405 2879 1454 2966 dc
1480 2876 1589 2964 omni
1614 2903 1725 2993 parte
1764 2880 1941 2997 religionis

492 3001 752 3089 Christianae:
781 2994 875 3112 quid
891 2993 951 3080 hic
966 2993 1068 3080 aliud
1083 2995 1201 3082 videri
1216 3019 1370 3110 potest,
1395 3003 1515 3114 quain
1531 2994 1626 3081 'hacc
1655 2997 1795 3087 omnia
1810 3000 1940 3087 rodon

495 3121 584 3208 loco
600 3119 767 3219 habere,
789 3143 871 3229 quo
887 3134 1009 3198 cetera
1035 3173 1048 3215 ,
1089 3141 1189 3228 quae
1219 3140 1308 3200 sunt
1338 3113 1379 3205 in
1415 3109 1590 3200 confesso
1635 3143 1743 3205 vana
1784 3141 1824 3204 et
1856 3117 1945 3205 deti

494 3239 643 3326 denda?
667 3231 881 3351 praesertim
897 3254 983 3345 post
1014 3229 1074 3314 illa
1098 3231 1240 3317 verba:
1271 3231 1395 3339 Usque
1411 3235 1501 3318 adeo
1525 3231 1838 3320 Christianorum
1866 3244 1945 3318 situ

493 3358 705 3441 istiusmodi
732 3349 1015 3433 delicatioribus
1040 3353 1199 3455 undique
1216 3364 1370 3455 scatet,
1395 3376 1491 3458 quas
1517 3356 1598 3460 ipsi
1625 3366 1756 3435 tarnem
1778 3351 1939 3452 sacrifici

494 3499 565 3560 nou
584 3475 782 3582 gravatim
809 3470 1011 3549 acatium:
1035 3479 1073 3547 et
1094 3471 1198 3550 ulum
1224 3493 1293 3551 ooo
1318 3475 1475 3576 ignari,
1506 3483 1681 3576 warum
1706 3469 1803 3556 biae
1828 3477 1943 3556 herili

494 3598 612 3679 soleat
627 3610 853 3672 accrescere.
882 3581 996 3676 Quae
1012 3586 1129 3670 verba
1152 3611 1241 3670 cum
1273 3584 1443 3673 latissime
1458 3585 1498 3670 in
1530 3586 1659 3672 Moria
1688 3612 1879 3701 pateant,
1901 3615 1942 3674 tu

494 3734 626 3796 ‘tamen
640 3706 679 3790 in
694 3699 941 3818 responsione
951 3698 1151 3806 laborans,
1171 3704 1230 3791 'ad
1259 3704 1553 3818 superstitiosum
1578 3703 1727 3790 cultum
1757 3706 1945 3811 divorum,

497 3852 539 3913 et
555 3824 715 3942 magicas
731 3818 925 3936 preculas,
952 3817 1114 3933 aliasque
1138 3820 1178 3904 id
1205 3847 1324 3940 genus
1353 3822 1505 3909 naenias
1531 3821 1761 3909 contrahere
1789 3824 1944 3911 conans.

497 3949 571 4033 An
585 3942 652 4029 tibi
669 3939 806 4027 videris
829 3934 980 4048 objectis
990 3932 1231 4043 satisfacere,
1256 3939 1297 4043 si,
1313 3969 1413 4054 quae
1431 3941 1471 4026 in
1483 3934 1702 4027 universum
1728 3941 1836 4029 dicta
1848 3966 1943 4048 sunt,

497 4063 552 4151 ad
568 4088 708 4177 paucos
731 4083 930 4174 paucaque.
942 4050 1069 4140 referri
1085 4057 1221 4142 debere
1244 4057 1322 4144 sine
1339 4060 1414 4145 ulla
1430 4059 1576 4145 ratione
1589 4059 1806 4147 contendas
1822 4069 1837 4147 i

553 4180 748 4266 XXXVL
785 4177 976 4262 ,Omnem
992 4172 1161 4290 undique
1189 4174 1490 4264 Christianorum
1520 4177 1635 4265 vitam
1650 4176 1775 4282 dicis,
1803 4203 1847 4264 et
1860 4179 1947 4267 visa

498 4296 571 4383 Pio
595 4323 736 4412 paucos
752 4290 935 4410 religionis
949 4318 1060 4377 causa
1081 4292 1385 4410 peregrinantes,
1418 4320 1457 4381 et
1483 4293 1613 4380 deliras
1636 4294 1830 4410 quasdam
1861 4327 1948 4382 anm

493 4413 683 4529 intelligi?
712 4412 892 4498 Gessisset'
923 4408 991 4495 tibi
1015 4406 1169 4498 forsitan
1201 4440 1379 4517 morem,
1419 4411 1488 4498 nisi
1517 4412 1607 4499 illud
1639 4442 1686 4500 ex
1707 4414 1855 4501 eodem
1883 4444 1945 4502 ore

385 4580 389 4582 -
501 4531 720 4650 prodiisset:
749 4530 907 4613 Wdetur
932 4534 1052 4614 omms
1086 4532 1296 4615 christiana
1319 4537 1454 4641 religio
1474 4534 1668 4638 quamdam
1693 4532 1840 4618 bahem
1872 4561 1944 4621 cm

502 4647 668 4737 stultitia
693 4655 953 4758 cognationem.
993 4646 1088 4742 Qua
1111 4674 1211 4752 ‚voce
1232 4647 1326 4761 quid
1349 4648 1514 4736 hostilius
1529 4647 1698 4766 religioni
1725 4652 1937 4741 nostraeah

501 4771 583 4886 ipso
598 4765 845 4882 theomastige
860 4762 1057 4867 Luciano,
1088 4763 1151 4850 vel
1175 4769 1376 4871 Averroe,
1404 4767 1607 4883 quemipse
1621 4766 1762 4855 merito
1779 4769 1936 4886 blasphe-

501 4918 609 4979 mum
623 4883 814 5003 appellas,
835 4880 1036 4995 exspectari
1051 4891 1200 4997 posset?
1229 4883 1294 4972 Ad
1310 4885 1418 5002 quod
1434 4884 1524 4973 nihil
1549 4886 1759 5010 respondes
1781 4889 1933 4977 Albttto
