4034 5858
509 364 670 502 ,60
850 358 918 429 on
943 353 1096 429 narro
1123 360 1331 433 coumn
1357 359 1550 437 turcas

480 605 570 691 inde
587 604 695 722 quod
707 633 787 718 spes
804 627 888 708 est,
916 630 1023 718 posse
1039 601 1164 738 aliqua
1195 601 1340 687 ratione
1369 634 1453 688 eam
1470 605 1752 692 calamitatem
1743 637 1783 691 m
1811 609 1935 696 mitio

480 753 560 812 rem
588 723 844 810 conditionem
872 721 1118 807 commutari.
1165 725 1283 835 Saepe
1330 751 1496 837 namque
1539 725 1688 841 iniquus
1721 756 1933 858 saevusque

478 843 650 980 Princeps
665 840 714 928 ad
730 841 923 928 sanitatem
940 840 1103 947 redivit,
1136 841 1197 927 vel
1212 841 1340 926 aetatis
1356 842 1567 950 medicina,
1591 845 1653 931 vel
1667 844 1934 981 obiurgatione

355 1007 357 1009 >
480 962 715 1066 amicorum,
747 990 832 1046 aut
843 985 942 1046 certe
967 985 1075 1046 metu
1090 985 1129 1046 et
1143 961 1375 1096 temporibus
1403 961 1602 1052 adductus
1639 962 1795 1056 Quid
1768 994 1798 1048 sr
1812 967 1930 1051 minus

466 1023 715 1198 *contingatl
727 1079 862 1165 certior
885 1108 966 1196 spes
981 1105 1037 1165 est
1053 1078 1092 1166 in
1110 1077 1316 1164 fortunae
1307 1080 1584 1188 inconstantia,
1616 1109 1716 1197 quae
1740 1086 1863 1200 Reges
1887 1112 1928 1172 et

478 1230 596 1317 regna
613 1231 683 1315 pro
698 1230 764 1284 sua
780 1196 928 1285 libidine
944 1198 1088 1301 variat,
1117 1196 1179 1283 vel
1194 1222 1293 1282 certe
1308 1199 1349 1282 in
1363 1200 1558 1285 communi
1588 1200 1794 1287 hominum
1824 1199 1933 1337 fragi-

477 1318 594 1424 litate,
610 1349 708 1435 quos
727 1343 861 1407 natura
882 1347 962 1402 non
978 1341 1212 1433 perpetuos,
1238 1344 1309 1402 nec
1332 1317 1583 1424 immortales,
1600 1318 1666 1404 sed
1680 1319 1872 1406 brevis
1838 1347 1936 1407 vitae

478 1463 517 1524 et
546 1439 644 1523 mille
672 1439 801 1524 mortis
816 1436 1011 1552 generibus
1038 1435 1224 1522 obnoxios
1252 1430 1419 1521 effinxit:
1448 1465 1536 1523 cum
1562 1465 1671 1574 saepe
1699 1437 1884 1554 improbo
1899 1466 1937 1527 et

475 1585 611 1669 parum
628 1557 693 1671 pio
709 1555 867 1667 Principi
894 1553 1149 1642 dissimillimus
1175 1554 1410 1659 successerit,
1434 1556 1501 1672 qui
1530 1554 1665 1668 justitia
1700 1583 1739 1643 et
1755 1557 1939 1675 religione

477 1674 663 1788 subjectos
681 1674 747 1760 sibi
763 1673 936 1760 mortales
953 1673 1174 1759 sanctissime
1191 1673 1464 1808 moderaretur,
1478 1698 1516 1759 et
1527 1700 1678 1761 vexatas
1693 1675 1868 1762 civitates
1882 1677 1935 1762 le·

478 1823 627 1931 gesque·
646 1792 684 1878 in
709 1793 897 1928 pristinam
927 1791 1146 1909 dignitatem
1160 1792 1387 1877 restitueret.
1417 1795 1478 1878 At
1491 1791 1557 1908 qui
1586 1795 1700 1880 semel
1718 1798 1931 1880 Tutcarurn

476 1913 695 2028 gravissimo
710 1911 891 2000 servitutis
915 1910 1005 2028 jugo
1021 1910 1116 1996 colla
1131 1909 1401 2020 subjecerint,”
1380 1940 1420 1995 ns
1436 1940 1547 2028 rogo,
1570 1912 1681 2027 quod
1700 1912 1862 1999 tandem
1877 1944 1936 1999 so·

476 2031 606 2132 latium
622 2056 785 2145 superest
801 2055 994 2116 tantorum
1011 2029 1226 2116 malorum?
1256 2057 1332 2145 qua
1348 2058 1413 2143 spe
1431 2034 1580 2120 valeant
1606 2056 1844 2144 praesentem
1875 2061 1937 2117 ca

477 2128 725 2236 lamitatem
698 2179 775 2234 sine
792 2180 940 2234 summo
956 2150 1089 2237 dolore
1103 2147 1262 2236 tolerare
1279 2206 1295 2258 ,
1320 2177 1400 2235 non
1418 2148 1537 2237 modo
1554 2148 1752 2257 libertate,
1782 2151 1848 2237 sed
1867 2179 1936 2266 spe

477 2295 638 2384 quoque
653 2267 828 2354 libertatis
850 2269 1011 2354 amissa?

326 2490 465 2540 mmm
489 2390 606 2472 lV.
666 2387 799 2485 Qualis
825 2387 926 2472 enim
943 2387 987 2473 sit
1001 2388 1299 2475 Christianorum
1314 2389 1510 2495 conditio,
1540 2416 1639 2506 quos
1664 2390 1804 2506 premit
1831 2393 1933 2474 Tur

282 2554 316 2602 m·
310 2565 360 2601 11111
361 2553 438 2600 nnn
477 2533 606 2593 carum
623 2506 862 2612 dominatus,
879 2535 924 2592 ex
949 2536 1081 2592 eorum
1107 2508 1282 2595 servitute
1301 2508 1384 2596 licet
1409 2452 1640 2625 intelligere,
1679 2510 1933 2645 quibuscum

476 2650 643 2761 tyranno
659 2656 729 2711 suo
746 2624 849 2709 natio
865 2649 904 2709 et
929 2625 1057 2740 religio
1072 2629 1283 2712 communis
1296 2652 1352 2713 est
1367 2627 1619 2743 ,libertasque
1645 2652 1690 2712 ut
1714 2630 1814 2713 inter
1842 2625 1937 2740 ipsos

478 2745 651 2830 maxima.
683 2742 832 2839 Quibus
848 2743 1010 2857 primum
1027 2743 1198 2829 omnium
1226 2745 1276 2831 ad
1293 2745 1477 2833 tollendas
1493 2775 1625 2831 omnes
1651 2775 1767 2834 verae
1795 2745 1936 2829 liberta-

479 2864 526 2949 tis
542 2862 780 2966 occasiones,
798 2860 1002 2948 litterarum
1021 2862 1184 2948 studium
1202 2862 1348 2978 penitus
1362 2888 1417 2949 est
1432 2865 1689 2968 interdictum,
1703 2891 1744 2950 et
1764 2865 1933 2980 ingenua·

284 2625 372 2666 status

479 3010 565 3069 tum
584 2981 840 3068 doctrinarum
855 2980 1024 3097 cognitio
1040 2980 1258 3097 prohibita,
1283 3011 1383 3099 quae
1410 2983 1528 3067 solet
1519 3014 1557 3068 m
1574 2979 1700 3097 primis
1718 2981 1938 3068 mortalium

478 3128 625 3185 ammos
637 3100 687 3186 ad
704 3126 830 3190 veram
857 3101 1074 3215 religionem
1099 3125 1138 3186 et
1152 3100 1359 3186 libertatem
1379 3100 1548 3186 excitare.
1579 3107 1713 3216 ltaque
1734 3100 1829 3185 nulli
1857 3122 1941 3184 sunt

479 3219 606 3334 apud
598 3249 695 3334 ipsos
721 3218 964 3354 philosophi,
992 3217 1083 3303 nulli
1108 3243 1305 3325 oratores,
1322 3219 1386 3305 the
1389 3220 1490 3335 olngi
1508 3219 1607 3303 nulli
1651 3221 1715 3306 Ad
1749 3246 1936 3303 summam

478 3337 558 3452 ipsa
569 3338 754 3447 Graecia
745 3337 981 3452 rngeniorum
997 3331 1240 3442 feracissima,
1256 3362 1298 3422 et
1315 3337 1437 3422 omnis
1462 3338 1661 3472 quondam
1681 3335 1941 3451 philosophiae

481 3485 526 3541 ac
538 3439 726 3541 bonarum
742 3455 1017 3591 disciplinarum
1033 3455 1231 3572 magistra,
1255 3479 1294 3540 et
1319 3485 1418 3570 quae
1434 3456 1561 3542 ceteris
1579 3456 1803 3541 mortalibus
1816 3452 1937 3540 omnis

480 3575 723 3660 humanitatis
740 3574 911 3659 notitiam
926 3600 966 3660 et
991 3599 1211 3659 cunctarum
1228 3573 1462 3660 scientiarum
1480 3574 1771 3690 cognitionem,
1809 3603 1940 3690 quam-

484 3693 551 3778 diu
580 3692 694 3779 libera
719 3689 817 3796 fuit,
847 3688 1114 3777 diffundebat:
1150 3717 1354 3807 postquam
1384 3693 1599 3807 Principum
1629 3693 1939 3778 Christianorum

485 3810 671 3897 discordia
685 3807 783 3896 facta
797 3833 852 3895 est
878 3809 1025 3920 ditionis
1042 3815 1274 3946 Turcarum,
1304 3836 1383 3896 tam
1407 3814 1544 3897 obruta
1564 3834 1620 3897 est
1646 3812 1772 3897 omnis
1795 3809 1939 3927 generis

451 3941 453 3945 ’
488 3927 728 4015 litterarum
719 3929 960 4065 rgnorantia,
981 3952 1025 4013 ut
1041 3929 1103 4016 vix
1120 3958 1238 4023 unum
1255 3929 1293 4012 in
1321 3952 1404 4016 tota
1419 3930 1496 4044 ipsa
1513 3929 1699 4044 reperias,
1723 3961 1790 4046 qur
1780 3927 1865 4015 vel
1881 3954 1940 4012 se-

489 4045 690 4160 miplenam
707 4047 877 4133 notitiam
900 4047 1092 4132 habeat
1062 4076 1139 4159 erus
1165 4048 1375 4149 sermonis,
1407 4079 1488 4163 quo
1507 4074 1650 4135 veteres
1666 4047 1715 4132 illi
1743 4044 1941 4180 sapientiae

491 4194 536 4252 ac
553 4164 808 4251 doctrinarum
824 4165 1000 4300 magistri,
1016 4195 1182 4300 quorum
1198 4196 1300 4252 nunc
1315 4166 1447 4281 scripta
1460 4167 1720 4272 demiramur,
1751 4164 1806 4250 usi
1835 4193 1944 4249 sunt.

491 4283 639 4369 Deinde
654 4313 741 4368 cum
757 4284 878 4369 omnis
909 4283 1175 4419 respublica,
1151 4314 1227 4371 stve
1253 4286 1471 4400 popularis,
1500 4310 1568 4373 aut
1596 4314 1696 4401 quae
1732 4312 1944 4416 paucorum

494 4401 646 4485 consilio
664 4403 925 4518 gubernatur,
953 4401 1030 4490 sive
1020 4405 1147 4541 regia
1167 4462 1181 4508 ,
1205 4432 1322 4539 quam
1338 4405 1465 4490 ceteris
1493 4401 1654 4520 praefert
1691 4402 1823 4488 schola
1851 4400 1949 4486 Peri·

493 4520 769 4634 pateticorum,
795 4519 939 4635 legibus
955 4523 1177 4638 sapientium
1195 4522 1361 4608 virorum
1376 4520 1580 4609 fundata
1554 4547 1631 4626 stt,
1658 4547 1728 4606 nec
1764 4521 1846 4607 sine
1864 4520 1949 4639 legi·

496 4641 566 4723 bus
580 4637 702 4726 valeat
717 4667 822 4723 suam
839 4638 1059 4772 dignitatem
1073 4665 1139 4725 aut
1155 4669 1296 4725 nomen
1312 4641 1432 4727 saltim
1449 4641 1633 4727 retinere.
1652 4644 1869 4725 Turcarum
1882 4670 1948 4753 po

496 4758 578 4892 puli
588 4783 667 4843 tam
680 4759 775 4844 dura
791 4758 967 4842 servitute
981 4758 1141 4874 depressi
1162 4783 1276 4864 sunt,
1304 4785 1346 4845 ut
1361 4759 1479 4845 nullas
1496 4760 1659 4846 habeant
1686 4757 1817 4874 leges,
1846 4755 1951 4847 nullis

496 4875 670 4967 institutis
686 4877 978 4995 gubernentur,
1009 4878 1134 4995 paucis
1157 4820 1384 4998 quibdsdam
1409 4879 1568 4999 exceptis
1591 4903 1850 4998 tyrannorum
1872 4877 1950 5082 lig:-
