4006 5850
468 439 521 508 su
540 433 700 508 cnusss
723 429 934 505 occurs.
971 432 1161 506 camma
1420 459 1489 526 411

74 579 220 652 tenerur
234 572 271 648 el
286 574 485 647 aecusatus
502 561 728 668 respondere
749 618 761 663 ,
786 562 857 640 seu
872 572 1001 665 purast
1016 565 1084 640 uel
1098 576 1173 666 per
1202 562 1515 668 appellationem,

73 691 140 768 uel
152 692 262 767 aliter
278 689 365 766 licei
389 673 678 786 subieffugere,
707 682 933 760 mendacium
948 691 1070 759 rumen
1093 681 1218 760 dicere
1242 685 1429 763 nonlicet.
1461 686 1514 767 Et
1618 786 1620 789 Ι

74 802 188 916 paulo
221 824 308 916 post
331 800 368 882 in
405 797 538 882 eadem
556 794 800 911 quaestione:
832 798 1077 900 Accusatus,
1098 794 1245 912 inquit,
1272 821 1340 880 non
1367 811 1513 882 reamur
1571 851 1627 902 A,
1641 864 1669 904 2,

65 929 273 1003 veritatem
295 914 496 1018 confiteri,
517 919 701 996 sedilium
730 920 877 1018 solnm,
906 939 1017 1020 quam
1036 916 1085 997 ab
1115 940 1158 997 eo
1184 928 1311 1022 potest
1340 929 1378 996 et
1407 918 1514 1000 leber

72 1046 264 1144 requirere
270 1040 421 1146 jullea,
447 1036 643 1116 secundum
658 1037 822 1116 ordinem
835 1033 966 1138 juris,
993 1046 1093 1142 puta
1115 1059 1198 1117 cum
1217 1040 1432 1142 praecessit
1457 1042 1511 1116 in·

58 1153 190 1259 famia
204 1175 317 1263 super
332 1160 454 1259 aliquo
469 1158 638 1252 crimine,
655 1157 731 1233 nisi
746 1156 874 1258 aliqua
888 1171 1074 1260 expressa
1089 1155 1233 1237 indicia
1247 1160 1511 1261 apparuerim,
1548 1259 1551 1265 ι

70 1279 137 1355 vel
157 1281 269 1356 eiiam
292 1296 377 1354 cum
396 1277 609 1379 praecessit
620 1270 797 1376 probatio
820 1276 1034 1377 semiplena.
1064 1272 1172 1355 Haec
1201 1293 1328 1356 autem
1360 1268 1509 1384 praefa-

69 1413 130 1476 tus
145 1391 347 1492 Thomas,
374 1416 423 1473 ne
439 1388 521 1502 quis
535 1416 573 1471 se
590 1410 737 1500 putaret
752 1416 859 1500 posse
881 1388 1021 1471 crimen
1039 1416 1172 1473 verum
1199 1387 1379 1491 inficiari,
1409 1418 1508 1505 quae

70 1508 167 1593 ratio
190 1532 283 1593 esset
309 1503 604 1619 expeditissima,
625 1503 792 1613 subjicit:
826 1505 1050 1587 Falsituiem
1082 1519 1204 1587 romeu
1230 1525 1439 1615 proponere
1466 1515 1507 1589 in

70 1630 165 1709 nullo
180 1630 371 1709 casulicet
393 1629 519 1706 alicui.
554 1626 648 1708 Item
672 1645 717 1708 ut
740 1650 897 1706 omnem
922 1622 1127 1710 verborum
1142 1647 1260 1708 artem
1285 1624 1336 1710 ad
1366 1625 1507 1710 crimen

73 1740 313 1829 inficiandum
324 1739 535 1826 excluderet
549 1799 562 1841 ,
578 1739 656 1824 hoc
667 1739 778 1826 etiam
794 1740 1008 1854 adscripsit:
1042 1742 1130 1825 Non
1144 1747 1233 1824 licet
1249 1747 1286 1824 ei
1294 1740 1511 1846 falsitatem

74 1864 228 1964 dicere,
249 1884 362 1967 neque
375 1865 490 1940 etlam
502 1863 659 1963 aliquem
667 1860 789 1942 dolum
801 1855 1059 1964 uelfraudem
1073 1859 1249 1942 adbibem
1266 1857 1512 1965 ,quiafrans

77 1980 243 2062 ardalus
257 1983 340 2060 uim
367 1977 550 2058 mendacii
571 1969 713 2079 babet,
744 1976 1018 2060 orbacense
1051 1982 1273 2061 calumniose
1297 1975 1506 2082 definiere.

79 2094 259 2180 Potuitne
289 2092 459 2204 Thomas
473 2092 632 2206 apertius
647 2090 803 2177 istorum
819 2093 998 2181 damnare
1011 2093 1235 2180 seurmtiam
1252 2154 1264 2197 ‚
1281 2092 1349 2208 qui
1370 2092 1512 2178 docent

77 2207 131 2296 fas
148 2239 224 2296 esse
247 2239 316 2296 reo
351 2209 491 2294 crimen
521 2237 655 2296 verum
682 2209 750 2298 sihi
775 2210 962 2296 intentum
987 2233 1071 2296 arte
1101 2211 1305 2298 verborum
1330 2206 1512 2295 inficiari!

77 2330 326 2442 Quamquam
339 2326 447 2438 hujus
461 2326 678 2430 sententiae,
699 2327 730 2412 si
746 2356 878 2412 verum
892 2327 1104 2444 quaerimus
1121 2388 1133 2433 ,
1150 2356 1230 2412 non
1242 2350 1325 2412 tam
1341 2327 1514 2441 Aquinas

69 2447 259 2549 Thomas,
273 2472 390 2559 quam
409 2441 577 2528 Aurelius
594 2443 827 2559 Augustinus
842 2471 977 2531 auctor
1002 2473 1079 2531 esse
1088 2445 1267 2531 dicendus
1286 2468 1374 2548 est,
1398 2469 1441 2529 ut
1457 2442 1513 2528 in·

72 2561 197 2647 dicant
210 2559 288 2673 ejus
303 2560 449 2665 verba,
472 2588 573 2674 quae
587 2589 700 2674 supra
717 2590 764 2646 ex
778 2561 899 2677 quinti
914 2562 1044 2677 psahni
1056 2561 1290 2678 expouuone
1306 2561 1511 2668 retulimus,
1554 2583 1619 2644 cu·
1635 2584 1677 2635 ιε.

73 2679 176 2770 idem
192 2706 311 2794 paene
324 2677 433 2793 quod
449 2678 619 2763 Thomas
636 2679 716 2784 ait,
730 2679 970 2767 declarantia.

555 3034 835 3120 CAPUT
891 3033 1020 3120 XIX.
1162 3081 1165 3083 Α

663 3266 927 3353 Summanum.

112 3505 140 3563 l.
201 3500 363 3562 iunocentii
371 3509 402 3559 et
414 3500 618 3559 Panormitam
632 3509 662 3559 aa
674 3499 874 3572 alimaniam
887 3500 1049 3575 peritorum
1060 3500 1204 3568 emenia
1216 3500 1253 3560 le
1264 3514 1379 3579 semera
1390 3518 1470 3562 aaa·

254 3582 358 3638 misso:
378 3598 450 3656 quoe
465 3583 600 3638 conuenit
615 3597 677 3637 cum
689 3579 839 3640 veteribus
852 3580 1006 3660 theologis.

112 3661 159 3719 ll.
200 3659 344 3755 Eandem
352 3675 416 3720 esse
429 3661 571 3719 rariorem
582 3659 689 3719 arcani
700 3661 736 3720 de
745 3668 870 3735 peccora
878 3661 1024 3720 moissi
1030 3701 1042 3735 ,
1058 3677 1095 3721 ae
1108 3661 1245 3720 criminis
1257 3659 1367 3720 meurs·
1378 3659 1472 3720 aliter

111 3819 178 3878 ΙΙΙ.
200 3740 466 3880 Aniihniiheua
474 3817 589 3879 Bielem
602 3859 613 3893 ,
631 3816 779 3896 quipiam
794 3776 1042 3881 eminentia
1052 3766 1227 3880 meursio·
1239 3859 1251 3893 ,
1273 3836 1350 3879 nemo
1360 3814 1470 3877 smilis

251 3897 405 3980 theologus
419 3900 578 3974 oppositum
597 3899 738 3993 ussonia

103 4099 134 4179 l.
164 4008 294 4181 UBI
310 4120 366 4183 est
380 4096 493 4216 igitur
516 4096 718 4184 doctorum
731 4096 799 4185 iste
825 4106 1054 4185 consensus?
1081 4096 1284 4214 quomodo
1296 4096 1510 4182 communis

72 4210 246 4299 omnium
263 4218 446 4302 sententia
472 4214 590 4303 videri
614 4241 765 4331 potest,
783 4245 909 4333 quam
927 4217 1154 4332 propositam
1185 4199 1705 4329 Jo.Gersonnon{1‘fff,23f“'

72 4326 199 4415 asserit
215 4333 376 4435 ,Scotus
392 4360 519 4419 autem
536 4333 657 4418 multo
672 4333 786 4421 etiam
804 4336 925 4419 minus
941 4396 953 4440 ‚
982 4334 1168 4420 Henricus
1185 4361 1265 4418 non
1281 4333 1431 4448 probat,
1447 4361 1513 4418 cud

73 4447 130 4560 jus
146 4443 203 4530 isti
219 4451 440 4536 auctoritate
456 4451 654 4558 nituntur,
683 4453 855 4539 Thomas
868 4461 963 4542 vero
980 4453 1171 4568 perspicue
1187 4450 1343 4538 damnat
1360 4514 1372 4554 ,
1389 4450 1455 4566 qui
1471 4482 1513 4538 o-

76 4590 182 4652 mues
197 4560 304 4652 facile
326 4566 610 4682 principessuae
627 4598 670 4654 ac
685 4566 863 4660 mfenoris
876 4569 1513 4688 aetatis-theologorum'habenmr,

75 4708 247 4796 utquam
263 4687 496 4802 Augustinus
511 4687 795 4775 hisnonaet'ate
816 4689 970 4794 solum,
1002 4683 1066 4775 se'd
1084 4687 1429 4783 otiamauctoritate
1453 4716 1516 4773 su·

77 4802 199 4915 perior
216 4801 339 4890 muitis'
360 4805 404 4890 in*
427 4803 516 4891 locis
537 4806 801 4924 inprobavit?
820 4803 860 4892 et
886 4835 1002 4923 aqua
1030 4808 1228 4894 discedunt
1241 4834 1328 4890 cum
1354 4803 1411 4890 alii
1433 4801 1515 4915 jure

77 4918 271 5035 pontificio
285 4922 391 5042 periti
405 4947 530 5032 ,samm
543 4925 723 5046 inprimis
738 4927 977 5131 Innocerfrpius
1019 4950 1059 5013 et
1086 4921 1517 5014 {nicolaus*i-'anotrnitad

851 5049 878 5130 F
933 5077 958 5132 2
1446 5067 1519 5131 nus
