4050 5858
520 384 586 453 κῃ
957 354 1448 455 ,ΒΕΜοοκΑτΕε

489 508 577 566 nere
597 478 636 563 in
661 503 891 593 percussores
915 472 1062 562 irruunt
1086 473 1192 560 nullo
1226 472 1392 587 periculo
1423 496 1490 558 aut
1517 472 1653 574 timore
1678 465 1926 561 retar'da'rae'

560 600 698 682 XXIII.
758 595 832 681 Sed
860 623 910 679 ne
942 623 1076 684 eorum
1102 594 1257 711 quidem
1290 620 1381 683 vcta
1408 587 1594 693 fortiutdo
1624 591 1748 705 putari
1785 593 1934 700 debet,-

478 716 579 834 'qui‚
599 712 706 830 quod
727 742 837 827 saepe
850 712 1078 829 multosque
1108 711 1264 799 vicerint
1282 773 1293 817 ‚
1310 739 1436 824 caspe
1460 707 1699 816 confirmati,
1716 739 1774 795 res
1804 707 1934 797 formi-

494 833 631 920 dabiles
647 831 882 917 confidenter
898 831 1193 948 aggrediuntur:
1219 826 1334 915 fortes
1360 827 1461 914 enirn
1485 826 1715 933 honestatis,
1730 857 1850 943 quam
1865 859 1938 916 sae·

493 949 642 1069 pedico
659 1011 671 1053 ,
688 978 800 1034 causa
825 978 881 1034 res
906 948 1127 1062 periculosas
1154 947 1355 1062 suscipiunt
1373 954 1385 1051 ’,
1400 945 1457 1030 isti
1484 945 1538 1030 ob
1565 944 1652 1031 alias
1666 974 1796 1031 caussas
1812 1007 1825 1052 ,
1840 948 1933 1036 dum

493 1100 532 1155 sc
557 1067 761 1182 superiores
787 1097 863 1153 esse
891 1065 1092 1152 confidunt
1111 1127 1124 1171 ,
1140 1066 1248 1181 quod
1271 1065 1313 1150 iis
1344 1061 1421 1149 fere
1453 1062 1547 1149 solet
1581 1063 1843 1170 usuvenire,
1870 1067 1936 1181 qui

483 1216 603 1301 wsaepe
619 1186 745 1271 hostes
761 1213 842 1269 non
869 1208 948 1269 tam
974 1213 1042 1271 sua
1056 1186 1196 1273 virtute
1222 1180 1477 1298 superaverint
1491 1241 1505 1286 ,
1519 1210 1638 1296 quam
1667 1179 1816 1268 illorum
1838 1182 1932 1300 igna-

495 1307 584 1409 via,
600 1304 668 1419 qui
693 1333 740 1388 ex
767 1300 890 1387 multis
919 1301 1078 1389 victoriis
1096 1301 1453 1417 ‚quemadmodum
1481 1298 1571 1384 ebrii
1600 1328 1647 1384 ex
1679 1299 1803 1386 mtdto
1829 1302 1933 1409 vino,

484 1451 658 1539 magnos
685 1419 828 1534 spiritus
857 1444 896 1505 et
926 1418 1101 1506 fiduciam
1129 1443 1306 1506 sumunt.
1338 1422 1442 1502 Nam
1464 1416 1579 1502 hoste
1607 1440 1786 1524 mutato,
1810 1418 1841 1503 si
1871 1415 1937 1507 lor·

485 1566 593 1626 runa
617 1536 748 1624 reflare
772 1536 964 1650 coeperit,
992 1562 1187 1653 perspecto
1218 1535 1383 1653 periculo
1401 1597 1414 1641 ,
1429 1534 1496 1620 ubi
1519 1534 1639 1621 ‘timor
1666 1533 1827 1621 fiduciae
1859 1565 1939 1623 suc·

500 1656 644 1744 cesserit
660 1717 673 1762 ‚
690 1682 770 1740 non
785 1652 1005 1769 persistunt.
1033 1656 1220 1770 Aquibus
1245 1684 1326 1739 non
1350 1653 1514 1739 mrdnrm
1527 1651 1762 1760 abhorrent,
1779 1653 1845 1770 qui
1858 1686 1938 1770 pro

501 1801 583 1891 pter
609 1773 858 1889 periculorum
886 1772 1163 1890 ignorationem
1192 1771 1292 1879 facta
1322 1770 1475 1858 fortium
1506 1771 1674 1860 virorum
1707 1772 1941 1888 aliquatenus

501 1893 692 1980 imitantur
710 1954 723 1997 ‚
740 1892 816 1977 hoc
832 1914 960 1976 tamen
979 1891 1179 1978 deteriores
1196 1952 1210 1999 ,
1226 1891 1335 2009 quod
1354 1889 1403 1975 illi
1427 1920 1484 1976 res
1499 1889 1722 2004 periculosas
1737 1952 1757 1997 ,.
1769 1893 1836 1978 sed
1850 1920 1944 2008 qua·

501 2013 531 2099 si
554 2011 745 2125 explorata
772 2008 928 2098 victoria
958 2010 1161 2124 prudentes
1195 2040 1218 2095 a
1312 2008 1496 2116 diuntur,
1518 2009 1630 2125 quod
1659 2009 1776 2095 habet
1803 2010 1944 2126 aliquid

505 2128 692 2246 dignitatis
712 2159 721 2210 :
740 2126 778 2211 hi
799 2156 894 2214 vcro
908 2189 920 2233 ‚
936 2127 1029 2214 dum
1051 2154 1187 2243 putant
1238 2128 1284 2144 ''
1326 2127 1434 2213 inre
1458 2127 1607 2213 subesse
1635 2126 1810 2241 periculi,
1827 2127 1943 2243 quod

309 2278 369 2350 uon
378 2280 491 2379 essepeg
502 2244 635 2362 procul
661 2246 767 2330 abest
799 2244 850 2327 ab
878 2245 985 2332 omni
1012 2246 1149 2333 laude.
1186 2245 1300 2332 Unde
1323 2241 1464 2332 facturn
1500 2270 1556 2331 est
1573 2307 1586 2352 ,
1604 2268 1649 2331 ut
1672 2243 1824 2360 quidam
1850 2244 1948 2331 utile

310 2339 585 2451 libili-fore
614 2362 890 2469 eristimarent‚
923 2362 1126 2470 militibus,
1155 2365 1203 2450 de
1233 2392 1401 2480 quorum
1427 2365 1566 2452 virtute
1601 2363 1832 2450 dubitarenu
1845 2398 1863 2469 *,
1882 2386 1948 2449 aut

311 2456 384 2507 ‘¹¹⁶²'
504 2481 692 2571 occultare
715 2479 877 2595 pericula
894 2542 906 2587 ‚
922 2506 989 2567 aut
1005 2482 1127 2569 verbis
1144 2541 1158 2587 ‚
1173 2482 1305 2600 quoad
1330 2482 1407 2568 lieri
1432 2509 1585 2598 posset,
1605 2505 1809 2569 extenuare
1830 2512 1948 2596 :quo

504 2632 589 2688 rum
613 2628 716 2686 error
734 2597 958 2713 perniciosus
974 2600 1135 2713 primum
1163 2627 1293 2715 aperta
1316 2601 1462 2686 ratione
1486 2600 1722 2688 convincitur
1738 2663 1752 2708 ,
1768 2602 1950 2717 quoniam

506 2719 557 2804 ad
577 2718 726 2836 provisa
748 2715 908 2829 pericula
932 2718 1141 2832 complures
1165 2747 1204 2802 se
1232 2719 1461 2836 cogitatione
1485 2716 1804 2836 meditationeque
1831 2718 1952 2804 muni·

506 2860 576 2922 unt
593 2834 688 2951 ‚qui
713 2832 912 2946 repentinis
927 2833 1201 2921 deterrerentur
1216 2900 1229 2943 ,
1247 2837 1286 2923 in
1308 2837 1445 2952 quibus
1474 2837 1581 2924 insita
1604 2837 1723 2925 virtus
1744 2862 1781 2923 et
1808 2837 1953 2924 invere-

492 2978 609 3044 ratus
634 2949 782 3037 habitus
807 2950 1009 3065 plurimum
1034 2952 1229 3039 elucescit:
1253 2954 1389 3040 deinde
1412 2957 1557 3074 magnis
1584 2956 1761 3072 exemplis
1776 3016 1788 3060 ‚
1803 2979 1843 3039 et
1859 2983 1954 3039 sum

508 3100 659 3156 morum
688 3069 956 3184 imperatorum
979 3071 1201 3158 auctoritate
1226 3069 1402 3159 refellitur
1419 3135 1432 3178 ,
1448 3102 1492 3159 ac
1517 3074 1698 3188 inprimis
1714 3073 1804 3187 Julii
1818 3075 1953 3158 Caesa·

508 3188 585 3294 ris,
606 3216 722 3304 quem
749 3185 900 3272 solitum
929 3217 1007 3275 esse
1036 3214 1212 3296 constat,
1229 3191 1443 3277 timentibus
1474 3192 1546 3278 suis
1576 3191 1725 3307 periculi
1759 3191 1952 3307 magnitu-

511 3305 637 3392 dinem
670 3332 714 3389 ac
738 3303 904 3391 hostium
926 3336 1126 3393 numerum
1142 3337 1365 3426 exaggerare
1381 3371 1393 3416 ‚
1411 3336 1456 3394 ur
1478 3311 1518 3395 in
1532 3311 1656 3421 Jubae
1677 3309 1867 3397 adventus
1891 3334 1959 3394 ter·

509 3423 603 3511 ribili
625 3423 897 3537 exspectatione
920 3426 1138 3512 convocatis
1162 3425 1211 3510 ad
1234 3429 1456 3512 concionem
1483 3427 1683 3514 militibus:
1712 3428 1889 3532 Scitote,
1908 3425 1958 3508 in·

511 3541 594 3657 quit
610 3601 622 3647 ,
633 3549 771 3651 paucis
795 3542 855 3624 his
871 3544 1000 3625 diebus
1020 3571 1143 3653 regem
1159 3542 1364 3648 affictururn
1380 3573 1462 3628 cum
1478 3551 1600 3631 decem
1615 3547 1822 3656 legionibus
1840 3607 1853 3651 ‚
1869 3551 1960 3650 equi·

501 3674 589 3745 aum
610 3666 792 3767 triginta,
812 3664 909 3742 levis
926 3677 1139 3746 armaturae
1160 3679 1301 3746 centum
1317 3665 1503 3770 millibus,
1520 3666 1797 3775 elephantisque
1821 3662 1933 3748 0OE

507 3862 510 3873 ἦ
573 3779 719 3861 XXIV.
780 3778 869 3859 Ars.
888 3777 928 3860 Ο
948 3775 1049 3864 factu
1075 3779 1185 3896 igitur
1202 3777 1347 3867 difficile
1364 3844 1375 3888 ‚
1395 3787 1639 3868 Democrates
1656 3844 1670 3889 ‚
1685 3782 1810 3869 virum
1824 3777 1959 3867 sortem

502 3893 681 3983 invenire
697 3953 710 3997 ‚
726 3893 755 3978 si
782 3893 897 3979 intot
917 3893 1116 3983 hominum
1135 3899 1331 4028 generibus
1354 3899 1443 3983 nihil
1469 3900 1610 3986 solidae
1624 3900 1772 3987 virtutis
1785 3901 1963 4002 habenas,

508 4012 584 4111 sed
607 4011 721 4096 inanis
751 4009 948 4098 dumtaxat
976 4015 1113 4127 species
1137 4016 1361 4104 lortitudinis
1393 4016 1487 4103 vitio
1511 4019 1663 4105 cuidam
1689 4021 1874 4105 obtenta:
1893 4042 1964 4101 noc

505 4154 646 4217 tamen
670 4127 832 4234 dubito,
854 4131 947 4243 quin
979 4130 1047 4216 ista
1075 4132 1261 4220 verissime
1289 4133 1483 4221 tradantur
1504 4165 1613 4243 ,non
1638 4137 1763 4222 solum
1790 4135 1846 4222 ob
1870 4130 1964 4219 tanti

509 4246 734 4381 *philosophi
750 4247 1010 4333 auctoritatem
1026 4311 1038 4353 ,
1056 4249 1122 4334 sed
1139 4253 1228 4366 quia
1251 4276 1289 4339 re
1307 4253 1531 4360 disserente,
1548 4255 1666 4339 multa
1684 4253 1776 4339 milri
1800 4250 1966 4364 exempla

508 4393 559 4448 ern
590 4387 755 4448 mentem
784 4392 969 4452 venerunt
1000 4366 1198 4453 hominum
1224 4370 1314 4454 milri
1339 4369 1616 4484 notissimorum
1634 4400 1759 4488 ,quae
1784 4399 1877 4456 cum
1905 4369 1967 4454 ista

508 4481 697 4567 doctrina
713 4479 822 4567 valde
838 4482 925 4566 milri
944 4511 1153 4602 congruere
1171 4487 1359 4573 videntur.
1378 4491 1454 4575 Sed
1469 4520 1549 4574 non
1565 4514 1718 4604 oportet
1735 4517 1968 4605 quemquam

508 4596 747 4685 nominarim
774 4597 811 4680 in
846 4597 1024 4685 invidiam
1056 4631 1217 4689 vocare.
1248 4605 1407 4721 Reliqua
1445 4606 1457 4691 i
1483 4607 1556 4694 itur
1588 4608 1761 4694 oratione
1792 4632 1864 4692 tua
1894 4633 1969 4690 non

525 4715 758 4803 mediocriter
786 4744 869 4799 sum
886 4716 1089 4805 delectatus
1106 4750 1119 4829 3
1139 4721 1206 4807 sed
1225 4721 1316 4807 illud
1345 4724 1436 4808 mihi
1493 4725 1522 4811 't
1550 4725 1822 4811 submolestum
1837 4787 1849 4829 ,
1865 4719 1970 4839 quod

526 4833 643 4924 nostri
667 4832 805 4923 ordinis
822 4895 835 4947 ,
852 4831 928 4922 hoc
952 4860 1009 4924 est
1025 4837 1220 4930 militarem
1244 4837 1501 4931 fortitudinem
1525 4844 1576 4932 ad
1600 4843 1751 4930 inanem
1765 4843 1974 4974 quamdam

509 5009 514 5019 .
1910 4985 1978 5047 Vlt-
