4006 5850
642 343 958 423 LIBERI·
1425 351 1498 442 4'79

84 477 382 596 arrogantissime
410 473 649 578 contemnit,
680 472 745 592 sed
777 497 923 587 praeter
954 496 1063 560 vetus
1084 499 1123 560 et
1157 504 1303 564 novum
1325 500 1528 579 testamen·¹

85 621 169 682 rum
186 595 398 711 ,quidquid
421 594 489 679 viri
515 590 756 697 sanctissimi,
789 589 962 679 doctrina
991 616 1030 677 et
1045 595 1270 681 auctoritate
1287 621 1528 710 praestantes,

81 715 188 830 quod
206 714 355 799 ‘litteras
374 739 495 797 sacras
519 739 585 796 seu
601 710 819 826 religionem
850 709 1037 824 attingat,
1062 712 1374 826 conscripserint,
1406 745 1528 802 meras

81 860 200 946 nugas
217 855 334 946 atque
358 829 512 942 ineptias
528 857 606 914 esse
631 828 852 913 contendit:
885 857 965 912 non
981 828 1163 943 ignarus,
1192 832 1392 938 uidelicet,
1423 834 1527 920 salva

79 947 221 1047 horum
254 947 477 1037 auctoritate
512 945 731 1063 ,dogmata
764 974 831 1031 sua
862 942 1002 1030 nefaria
1046 948 1265 1064 gravissimis
1309 951 1526 1038 testimoniis

80 1064 295 1180 scriptisque
311 1063 600 1180 prudentissimis
615 1065 653 1148 in
672 1089 826 1179 promtu
851 1091 929 1149 esse
950 1059 1122 1150 reliuari..
1148 1068 1251 1152 Prius
1278 1068 1379 1153 enim
1408 1098 1526 1185 quant

77 1184 326 1272 uerecundiae
344 1183 520 1268 terminos
538 1205 618 1267 tam
645 1182 760 1299 longe
787 1182 1025 1267 Luthetanus
1036 1181 1139 1269 furor
1164 1209 1258 1270 esset
1282 1211 1547 1304 praetergres->

80 1330 171 1420 sus,
193 1329 383 1387 sactorum
401 1301 604 1389 doctorum
621 1298 846 1386 admittebat
860 1300 1122 1388 auctoritates.
1155 1303 1231 1388 Sed
1246 1331 1333 1387 cum
1359 1332 1456 1391 voce
1470 1305 1527 1392 di·

80 1418 186 1531 uittas
202 1418 338 1506 litteras
364 1446 403 1502 se
419 1417 531 1503 ‘tueri
551 1415 802 1530 profiteatur,
824 1441 904 1503 tam
935 1415 1030 1502 falsis
1053 1419 1416 1536 interpretationibus
1431 1425 1527 1539 ipsas

81 1537 314 1655 contaminat
332 1597 344 1640 ,
362 1558 405 1620 ut
422 1534 580 1621 sifidem
596 1535 662 1622 illis
677 1533 885 1647 simpliciter
904 1535 1145 1652 derogasset,
1170 1537 1292 1624 multo
1309 1539 1431 1626 minus
1447 1538 1528 1629 fue·
1555 1547 1560 1558 '

80 1654 126 1775 rit
143 1654 208 1769 piis
231 1654 447 1740 mortalibus
466 1654 672 1740 nociturus.
703 1656 820 1734 Nunc
837 1652 937 1739 enim
952 1682 1139 1740 sacrarum
1152 1654 1358 1742 litterarum
1375 1688 1526 1773 petver-

79 1801 117 1874 se
144 1773 382 1886 interpretata
400 1773 545 1876 verba,
572 1771 680 1859 novis
696 1769 899 1874 monstris,
932 1798 1032 1884 quae
1065 1772 1172 1859 nullo
1205 1799 1379 1889 tempore
1409 1806 1528 1867 cessat

80 1891 260 2004 parturire
280 1890 587 2003 ,praetendens,
617 1884 755 1974 facilius
781 1887 926 1973 animos
952 1887 1210 2003 impetitorum
1240 1894 1386 1999 eludit,
1418 1920 1457 1982 et
1473 1926 1529 1983 se·

79 2034 190 2107 curos
206 2008 395 2103 interdum
412 2006 463 2092 ad
479 2004 601 2091 omnis
618 2007 815 2121 impietatis
845 2005 1102 2122 praecipitium
1118 2007 1260 2097 inducit
1277 2043 1286 2095 :
1318 2012 1428 2127 quod
1443 2045 1530 2100 mea

135 2124 236 2213 'dem
252 2123 434 2212 sententia
467 2186 481 2231 ,
506 2121 664 2210 nullate
680 2125 751 2209 alia
781 2121 1008 2210 manifestius
1030 2127 1266 2244 apertiusque
1288 2131 1448 2218 tentavit
1475 2130 1529 2217 ef-

79 2153 218 2349 liuere,
247 2272 366 2360 quam
391 2241 454 2328 illo
479 2241 800 2355 impudentissimo
834 2240 959 2326 libello
975 2267 1014 2327 et
1030 2244 1203 2330 omniurn
1232 2247 1390 2334 maxime
1407 2252 1530 2364 perni-

81 2360 184 2446 cioso
199 2423 212 2465 ,
229 2390 346 2475 quem
363 2359 532 2473 proxime
548 2363 724 2444 deservo
740 2360 903 2443 arbitrio
929 2357 1146 2474 inscriptum
1164 2364 1293 2449 emisit.
1326 2371 1429 2450 Nam
1440 2396 1528 2456 cum

79 2477 209 2567 ceteris
234 2474 423 2595 dogmatis
449 2476 701 2562 Christianam
725 2473 943 2591 religionem
972 2506 1037 2591 per
1066 2505 1188 2592 partes
1207 2482 1391 2588 adortus,
1420 2485 1527 2573 velut

79 2595 259 2680 machinis
281 2593 590 2712 impugnaverit,
614 2597 691 2681 hoc'
713 2622 795 2679 uno
812 2594 861 2681 de
883 2593 1020 2681 arbitrii
1048 2598 1255 2704 servitute,
1280 2624 1321 2685 et
1353 2603 1527 2690 omnium

79 2741 204 2800 terum
221 2738 336 2830 arque
357 2713 549 2799 actionum
574 2712 817 2817 necessitate,
838 2712 944 2799 omni
960 2743 1110 2829 prorsus
1125 2715 1294 2833 religioni
1317 2718 1527 2837 divinoque

79 2830 195 2917 cultui
218 2831 360 2918 bellum
377 2833 467 2919 mihi
494 2829 643 2919 videtur
660 2830 866 2918 vindixisset
894 2857 938 2916 ut
965 2833 1060 2946 jam,
1077 2834 1260 2950 quoniam
1290 2838 1526 2926 Luthetanas

78 2947 225 3035 insidias
241 2951 325 3037 satis
347 2952 520 3066 quodam
536 2949 642 3038 velut
667 2948 862 3066 praeludio
879 2949 1051 3038 videmur
1068 2953 1249 3067 aperuisse
1266 3013 1278 3058 ,
1298 2953 1336 3038 in
1359 2984 1440 3070 quo
1466 2987 1530 3044 mc

78 3067 216 3181 partim
234 3068 419 3156 miseratio
433 3071 692 3185 quorumdam
719 3067 932 3173 caecitatis,
960 3069 1095 3184 partim
1121 3068 1312 3181 justissima
1335 3075 1431 3158 tanti
1452 3104 1531 3160 sce·

78 3181 161 3279 leris
182 3186 380 3308 indignitas
402 3187 550 3304 longius
577 3185 780 3303 provexit,
803 3215 919 3300 quam
936 3210 1108 3300 putaram
1123 3248 1136 3292 ,
1153 3187 1203 3272 ad
1229 3190 1460 3302 propositam
1481 3197 1529 3277 de

70 3298 165 3408 freto
184 3307 364 3397 erlibero
389 3309 551 3391 arbitrio
576 3304 835 3421 quaestionem
860 3301 1079 3391 veniamus,
1116 3307 1248 3401 Quam
1284 3306 1335 3391 sic
1354 3338 1430 3426 ego
1456 3335 1531 3395 tra·

81 3445 183 3513 ctare
197 3421 404 3527 constitui,
428 3452 473 3508 ut
500 3452 580 3508 non
612 3422 734 3508 solum
764 3420 976 3537 quidratio
996 3422 1230 3508 Christianae
1254 3423 1438 3540 religionis
1454 3458 1528 3539 po-

84 3563 176 3643 scat,
198 3539 399 3655 explicetur
414 3599 429 3646 ,
442 3540 507 3626 sed
523 3541 636 3627 eriam
657 3566 729 3646 ,ut
744 3562 890 3625 remota
905 3538 1096 3655 religione,
1108 3566 1278 3626 veretum
1292 3542 1530 3658 philosopho·

84 3683 172 3742 turn
183 3679 408 3773 argumenta
422 3681 611 3773 quantum
627 3655 792 3760 valeant,
810 3655 1048 3773 intelligatur.
1056 3659 1319 3772 Quod-neque
1333 3661 1382 3744 ab
1395 3689 1448 3764 re,
1459 3690 1530 3749 nec

83 3799 230 3887 praeter
248 3802 380 3860 causae
396 3774 651 3861 necessitatem
669 3772 759 3860 mihi
774 3771 906 3859 videor
937 3802 1013 3859 esse
1030 3771 1222 3880 facturus,
1247 3800 1329 3860 tum
1345 3778 1529 3890 quoniam

83 3892 149 4006 qui
164 3888 230 3978 fari
246 3891 499 3983 necessitatem
515 3892 715 3998 inducunt,
732 3890 772 3977 iis
787 3915 1082 3978 consentaneum
1097 3917 1210 3997 est‚ut
1222 3892 1358 3978 tollant
1372 3925 1529 3983 omnem

83 4010 300 4126 religionem
316 4042 325 4096 ε
341 4035 424 4097 tum
441 4010 568 4118 etiam,
581 4015 671 4126 quia
691 4009 893 4096 nonnullos
910 4010 1036 4097 videas
1052 4034 1130 4096 tam
1148 4034 1384 4124 praepostere
1400 4013 1530 4100 instu-

84 4124 149 4211 dio
164 4126 368 4218 litterarum
393 4129 638 4236 ambitiosos,
660 4155 705 4215 ut
721 4131 761 4214 in
777 4126 1013 4242 philosophia
1051 4127 1395 4242 mathematicisque
1421 4131 1529 4216 disci·

82 4241 188 4359 plinis
213 4276 262 4334 eo
283 4279 322 4335 se
338 4249 527 4335 doctiores
548 4277 625 4335 esse
649 4246 802 4362 intelligi
817 4245 964 4349 velint,
990 4274 1071 4358 quo
1088 4242 1209 4328 minus
1240 4244 1440 4357 scripturae
1469 4281 1530 4335 sa·

82 4388 167 4446 crae
182 4366 399 4451 testimoniis
415 4392 653 4452 moveantur.
683 4367 864 4457 Quorum
882 4362 1143 4481 cum'quidam
1158 4361 1233 4446 hoc
1253 4362 1408 4447 Lutheri
1425 4395 1536 4453 men·¹

85 4478 234 4565 dacium
252 4483 387 4597 ,quasi
403 4508 557 4570 naturae
578 4510 848 4594 astrorumque·
870 4479 1006 4564 rationi
1021 4503 1330 4584 consentaneum,
1345 4510 1410 4594 per
1430 4513 1531 4570 sum·

85 4617 186 4684 nram
204 4601 391 4686 stultitiam
407 4628 611 4706 tueantur,
632 4603 680 4685 sic
695 4629 784 4683 cum
800 4598 966 4711 utrisque
989 4597 1181 4714 agendum
1198 4626 1274 4684 esse
1290 4596 1466 4706 videtur,
1486 4627 1530 4688 ut

83 4716 223 4800 etiamn
240 4717 423 4835 religionis
444 4719 704 4803 auctoritatem
733 4739 977 4826 aspernentur
994 4775 1014 4820 „
1042 4711 1240 4801 manifestis
1259 4741 1387 4802 tamen
1412 4777 1425 4821 ,
1451 4742 1530 4806 eta

75 4858 218 4924 ⁸natura
234 4836 354 4926 ductis
385 4836 642 4954 argumentis,
672 4835 840 4948 ipsorum
863 4859 965 4920 error
991 4833 1265 4939 convincatur,
1296 4858 1336 4919 et
1365 4833 1448 4930 hos,
1466 4863 1533 4951 ap·

1467 4981 1533 5065 P2·
