4020 5864
672 394 1023 470 LIBERIII.
1467 416 1531 486 515

110 526 300 612 casionem
316 514 499 638 praebent
521 544 560 608 et
576 517 790 607 latebram?

165 646 233 728 lV.
292 644 393 738 Quo
411 642 451 725 in
480 639 569 723 loco
593 668 659 725 eos
685 636 928 752 philosophos
958 633 1152 740 admiror,
1177 664 1342 754 quorum
1368 663 1455 725 sunt
1481 667 1551 729 nec

108 782 233 873 turpes
250 820 263 863 ,
290 788 358 844 nce
373 756 610 872 improbandi
626 785 751 841 mores
768 817 781 860 ,
800 755 865 845 sed
880 756 947 870 qui
963 753 1107 844 virtutis
1124 756 1251 844 studio
1276 784 1320 840 ac
1345 756 1548 845 honestatis

104 905 235 961 amore
251 876 441 962 ducuntur
458 873 604 989 ,quod
620 903 701 958 non
719 873 898 977 videant,
925 872 989 957 tali
1010 902 1080 956 suo
1111 872 1264 959 decreto
1292 869 1480 991 flagitiosis
1508 901 1547 965 et

105 994 284 1079 sceleratis
314 992 527 1078 hominibus
555 1019 734 1106 magnam
773 990 952 1077 scelerum
987 990 1264 1080 excusationem
1305 993 1545 1106 suppeditari.

103 1110 185 1203 Qui
212 1105 383 1224 profecto
406 1105 473 1196 sibi
498 1109 648 1195 veniam
678 1106 794 1192 nihilo
808 1106 940 1196 'minus
968 1108 1137 1212 deberi,
1163 1107 1319 1223 possunt
1352 1110 1544 1225 magistros

102 1227 352 1340 convincere,
377 1256 494 1343 quam
508 1225 572 1329 iis,
587 1226 654 1341 qui
669 1225 839 1312 nolentes
855 1248 895 1310 et
919 1224 1026 1311 inviti
1039 1224 1079 1311 in
1100 1253 1141 1312 re
1164 1227 1344 1342 quapiam
1374 1227 1541 1346 delique-

102 1372 154 1431 re.
188 1349 291 1428 Nam
306 1345 335 1431 si
354 1374 461 1430 suam
487 1370 671 1445 causam,
699 1341 917 1453 hujusmodi
939 1344 1194 1431 necessitatem
1225 1345 1466 1459 allegantes,
1497 1373 1547 1448 ne

101 1458 185 1574 ipsis
198 1461 353 1576 quidem
373 1459 672 1575 praeceptoribus
691 1459 1005 1575 assertoribusque
1029 1455 1095 1546 fati
1107 1461 1266 1575 probare
1284 1461 1442 1567 valent,
1468 1462 1545 1548 du-

105 1578 215 1664 bium
228 1606 306 1664 esse
327 1608 408 1664 non
424 1602 573 1693 potest,
601 1579 695 1692 quio
719 1603 757 1663 et
779 1576 863 1692 ipsis
886 1603 926 1663 et
957 1576 1086 1664 ceteris
1112 1577 1295 1670 omnibus
1328 1578 1547 1668 mortalibus

101 1693 254 1781 insitum
277 1695 322 1782 sit
338 1724 382 1780 ac
398 1725 654 1809 persuasum,
683 1693 793 1780 nobis
819 1723 897 1781 esse
925 1723 1050 1781 terum
1075 1695 1337 1811 agendarum,
1365 1720 1405 1784 et
1426 1724 1544 1802 secur,

100 1810 260 1899 liberum
287 1813 480 1898 arbitrium
494 1842 518 1898 a
533 1815 625 1899 Deo
648 1813 803 1928 ipsaque
819 1837 955 1899 natura
979 1812 1183 1898 tributum:
1213 1841 1311 1928 quos
1334 1837 1463 1900 tamen
1479 1814 1547 1899 mi·

102 1957 175 2016 nus
191 1930 439 2039 miraremur,
461 1930 491 2015 si
506 1929 628 2016 saltim
644 1928 809 2044 ipsorum
825 1929 904 2016 vita
920 1926 1096 2044 factaque
1112 1990 1125 2036 ,
1141 1957 1230 2015 cum
1255 1930 1358 2018 dictis
1372 1955 1411 2016 et
1435 1959 1547 2047 prae·

99 2048 214 2161 ceptis
239 2048 363 2163 aliqua
378 2072 551 2161 exparte
584 2046 852 2134 consentirent.
883 2051 988 2138 Nam
1016 2047 1084 2162 qui
1112 2075 1327 2161 persuasum
1354 2047 1545 2154 habeant,
1573 2039 1736 2160 ,lffillffil

101 2161 315 2250 bominibus
346 2165 492 2252 diversa
517 2193 635 2280 quam
667 2191 812 2280 agunt,
844 2192 956 2280 agere
982 2191 1048 2276 per
1063 2161 1185 2249 fatum
1212 2194 1293 2250 non
1322 2163 1462 2270 licere,
1491 2164 1546 2253 his
1573 2160 1714 2212 ‘¹¹¹⁵‘01‘l‘

100 2305 393 2367 consentaneum
425 2305 505 2366 erat
534 2283 722 2367 neminem
756 2307 955 2384 accusare,
982 2279 1136 2366 laudare
1164 2282 1383 2385 neminem,
1407 2282 1548 2386 nemini

98 2398 321 2503 consulere,
347 2397 397 2482 acl
424 2427 611 2483 summam
636 2397 781 2483 nullum
799 2393 968 2482 officium
998 2396 1131 2502 obire,
1165 2397 1273 2513 quod
1296 2397 1473 2485 indicium
1502 2399 1548 2487 sit

95 2511 236 2601 liberae
250 2516 290 2601 in
315 2517 425 2600 rebus
447 2515 602 2632 agendis
631 2512 828 2600 facultatis.
860 2518 976 2599 Nunc
1006 2541 1095 2599 cum
1111 2537 1255 2603 ceteros
1279 2514 1330 2599 ad
1355 2515 1548 2630 quaedam

98 2632 313 2749 peragenda
329 2661 408 2717 non
424 2633 544 2720 modo
574 2631 808 2747 praeceptis,
833 2631 1032 2718 sedetiam
1059 2628 1380 2747 objurgationibus
1406 2633 1546 2719 adhor-

98 2771 255 2854 tentur,
284 2778 414 2837 nonne
433 2749 536 2835 taciti
547 2748 806 2858 confitentur,
827 2777 936 2861 posse
952 2747 1032 2834 illos
1050 2809 1064 2853 ‚
1091 2747 1160 2833 nisi
1182 2748 1365 2836 admoniti
1393 2744 1544 2856 fuerint,

105 2868 277 2982 opposita
290 2928 305 2972 ,
316 2893 434 2982 atquc
448 2866 531 2981 ipsis
553 2866 854 2982 praecipiuntur,
871 2861 1017 2956 efficere
1035 2873 1048 2947 l
1064 2865 1170 2962 Quin
1192 2889 1232 2952 ct
1258 2865 1371 2952 libros
1386 2866 1546 2955 conscri-

99 2983 197 3070 bunt
218 2986 269 3070 ad
287 2985 433 3070 animos
458 2983 740 3071 adolescentum
757 2980 929 3068 institutis
958 3007 1073 3097 atque
1092 2981 1261 3067 doctrina
1277 2980 1544 3071 informandos:

100 3100 210 3213 quod
226 3131 323 3215 opus
339 3130 459 3186 nona
482 3098 549 3186 fati
570 3101 818 3205 necessitate,
844 3099 908 3186 sed
937 3101 987 3186 ab
1003 3098 1238 3188 humanitate
1253 3124 1292 3186 ct
1317 3099 1545 3190 benevolen-

95 3215 148 3301 tia
167 3216 379 3331 profectum
402 3247 480 3303 esse
500 3219 652 3336 intelligi
680 3219 876 3320 volentes,
907 3215 958 3302 sic
973 3215 1134 3332 gloriam
1162 3217 1423 3329 promercede
1439 3217 1543 3304 labo-

96 3332 145 3418 ris
167 3359 329 3449 penmt,
357 3336 463 3452 quasi
487 3336 581 3423 dum
608 3335 807 3422 scriberent
824 3387 836 3439 ,
853 3327 1022 3420 officium
1042 3331 1213 3421 lubentes
1238 3358 1278 3420 et
1302 3332 1406 3420 liberi
1428 3335 1543 3422 secuti

97 3450 197 3557 sint,
217 3482 296 3540 non
311 3454 432 3539 coacti
456 3449 608 3538 fatalem
622 3453 893 3538 necessitatem.
1376 3538 1378 3541 ,
1684 3520 1685 3530 r

106 3603 112 3649 ε
158 3572 211 3654 V.
270 3575 374 3654 Nam
390 3570 565 3656 Martioo
577 3567 747 3655 Luthero
769 3569 861 3656 nibil
873 3595 962 3653 sane
977 3591 1064 3673 cst,
1088 3568 1197 3684 quod
1209 3566 1307 3655 hanc
1323 3567 1540 3684 impruden·
1552 3563 1730 3676 ἰξθῖξῖἕξξξ

97 3683 189 3770 tiam
206 3714 273 3771 aut
289 3686 576 3777 inconstantiam
592 3686 808 3798 objiciamus
827 3745 839 3789 ,
857 3686 923 3798 qui
940 3686 1016 3770 hoc
1032 3688 1153 3800 ipsum
1176 3686 1282 3802 agit,
1311 3685 1386 3771 hoc
1410 3686 1683 3775 albolum·

97 3826 185 3907 tat,
214 3828 257 3889 ut
272 3804 443 3889 homines
462 3803 706 3919 areligione,
736 3803 909 3888 avirtute
923 3802 963 3887 in
978 3832 1133 3891 omnem
1148 3803 1377 3918 impietatem
1410 3804 1541 3891 scelus·

99 3946 177 4034 que
190 3921 390 4024 traducat,
418 3950 500 4037 quo
513 3921 723 4006 multorum
741 3921 780 4005 in
797 3917 941 4036 flagitiis
966 3919 1141 4008 societate
1159 3981 1172 4025 ,
1198 3920 1308 4034 ipsius
1322 3920 1456 4006 scelera
1472 3923 1541 4008 mi·

101 4062 171 4121 nus
187 4038 425 4150 turpitudinis
448 4039 586 4125 habere
608 4038 835 4141 videantur,
863 4065 934 4122 nec
955 4065 1020 4150 per
1043 4066 1232 4123 summum
1250 4037 1413 4124 studium
1429 4038 1539 4127 aliam

99 4153 198 4238 viam
216 4156 515 4242 commodiorem
531 4156 634 4260 hac,
654 4184 726 4242 nec
743 4154 860 4271 magis
889 4154 1202 4267 compendiariam
1229 4154 1439 4269 excogitare
1469 4186 1537 4269 po·

98 4269 202 4375 tuit,
225 4274 275 4358 ad
290 4275 554 4359 xexcusandum
577 4272 771 4390 sacrilegia
798 4296 838 4362 et
862 4271 1048 4374 incestus,
1070 4271 1132 4357 vel
1155 4301 1272 4375 suos,
1299 4269 1360 4357 vel
1390 4299 1537 4382 eorum,

99 4414 198 4502 quos
220 4389 335 4475 habet
358 4389 527 4476 satellites
542 4391 767 4503 impietatis,
798 4413 837 4473 et
866 4417 964 4503 quos
979 4386 1141 4502 legitime
1172 4388 1266 4474 solet
1294 4384 1422 4474 fratres
1449 4420 1537 4478 suos

98 4530 327 4618 nuncupare.
344 4511 399 4593 Ut
420 4507 521 4592 enim
537 4508 676 4592 Paulru
691 4507 746 4591 sui
763 4504 895 4591 similes
916 4565 928 4608 ,
952 4505 1028 4620 boc
1054 4531 1111 4591 est
1127 4505 1252 4611 ,viros
1275 4506 1532 4611 sanctissimos,

96 4623 220 4735 etqui
239 4653 310 4736 pro
330 4623 483 4708 Christo
513 4648 553 4708 et
582 4623 812 4738 Evangelica
830 4620 985 4709 veritate
1013 4624 1278 4709 occrunbentes
1295 4684 1307 4727 ,
1323 4624 1537 4709 honestissi-

97 4768 203 4822 mum
221 4740 583 4854 pulcherrimumque
599 4739 853 4824 totirnonium
875 4740 1155 4852 praebuerunt,
1184 4764 1223 4825 et
1256 4740 1435 4827 miraculis
1464 4739 1537 4828 cla·
1548 4794 1618 4858 Qm,
1636 4769 1738 4846 sm,

98 4883 232 4944 ruere:
255 4857 305 4945 sic
321 4856 510 4945 Martinus
523 4886 624 4966 suos,
639 4880 683 4943 ut
702 4860 850 4944 Graece
866 4855 1005 4960 dicam,
1021 4864 1315 4964 oneror-aleas,
1337 4880 1537 4975 compoto
1549 4855 1728 4966 marani.-

931 4979 1045 5063 Tttr.
1473 5002 1545 5082 res,
