4006 5850
666 399 864 472 ernau
901 398 948 466 11.
1429 421 1495 493 493

81 532 247 646 gantur,
267 553 311 614 ut
325 544 528 629 crescant,
559 546 598 608 et
613 517 776 607 fructum
806 516 961 625 ferant,
988 518 1150 634 plurima
1178 547 1306 606 tamen
1337 524 1375 607 in
1391 521 1530 623 eisdem

70 648 286 751 invenias,
311 673 411 760 quae
438 642 579 728 nullam
602 637 818 751 hujusmodi
848 637 1033 722 rationem
1061 636 1257 745 habeant,
1291 638 1335 725 ut
1367 641 1532 753 corrupti

83 759 245 869 fructus,
270 762 355 849 sive
387 760 536 866 nuclei,
563 758 626 846 vel
644 757 711 872 qui
735 784 886 871 prorsus
918 783 1155 841 exaruerunt.
1202 760 1315 850 Quos
1359 755 1533 872 profecto

79 880 212 966 nullius
243 881 296 965 rei
318 877 528 995 posterioris
554 903 684 962 causas
708 902 785 960 esse
820 871 893 959 dici
916 899 1053 989 potest.
1088 876 1146 960 Ut
1174 875 1202 960 si
1231 905 1362 962 verum
1388 877 1532 989 quaeri-

77 1028 189 1104 mus,
208 997 312 1082 facile
339 1019 550 1112 appareat,
573 990 901 1110 quemadmodum
933 1020 1014 1077 non
1039 992 1168 1076 omnia
1186 1020 1343 1108 possunt
1372 993 1532 1102 efficere,

77 1118 126 1200 sic
147 1145 232 1201 non
259 1113 444 1231 quidquid
476 1110 552 1219 fit,
582 1139 733 1197 causam
765 1109 933 1213 habere,
966 1109 1032 1193 nisi
1041 1107 1145 1195 forte
1163 1140 1210 1196 ex
1234 1112 1446 1217 accidenti,
1468 1143 1536 1199 ne·

84 1262 162 1347 que
186 1261 264 1317 csse
295 1232 357 1333 yel
389 1228 470 1316 fore
501 1231 554 1316 rei
583 1227 789 1343 cujuspiam
823 1226 985 1312 alterius
1002 1253 1164 1313 causam.
1201 1232 1305 1312 Nam
1335 1231 1443 1343 quod
1476 1231 1534 1317 isti

80 1349 217 1434 talibus
252 1349 341 1435 victi
387 1347 589 1435 rationibus
615 1346 666 1431 ad
694 1373 890 1429 causarum
931 1341 1209 1459 effectuumque
1255 1346 1531 1462 ignorationem

81 1463 336 1583 confugiunt,
367 1466 461 1581 quid
490 1464 591 1551 aliud
621 1489 766 1579 agunt,
795 1490 913 1577 quam
929 1462 1040 1546 rebus
1069 1461 1287 1569 difficillimis
1320 1460 1537 1577 facilitatem

83 1586 352 1699 praetendunt,
377 1584 558 1669 latebram
580 1581 776 1666 mendacio
793 1578 1039 1664 fabricantes?
1063 1582 1155 1664 Hac
1171 1581 1271 1664 enim
1289 1581 1455 1688 ratione,
1471 1584 1533 1669 vel

81 1700 342 1788 absurdissima
366 1728 541 1816 quaeque
564 1697 672 1782 liceat
703 1691 930 1799 defendere,
958 1721 996 1781 et
1012 1697 1132 1810 specie
1155 1697 1411 1784 commentitia
1428 1729 1532 1810 prae·

94 1839 250 1924 texere,
283 1817 388 1904 velut
418 1845 546 1902 causas
572 1814 786 1932 quasdam,
815 1842 951 1931 easque
977 1812 1213 1929 probabiles,
1245 1816 1310 1902 sed
1343 1815 1451 1902 nobis
1478 1820 1534 1935 ig-

95 1962 210 2023 notas
238 1935 445 2022 obtineant.
1523 2043 1526 2050 y

146 2058 215 2139 Vl.
272 2055 385 2148 Quae
414 2054 549 2140 sivera
583 2075 706 2157 sunt,
726 2048 845 2135 multa
876 2048 1049 2136 nimirum
1068 2050 1159 2136 citra
1189 2080 1341 2138 causam
1373 2051 1535 2141 efficien-

85 2193 173 2277 tur,
206 2200 441 2287 quamquam
476 2197 524 2253 ne
539 2172 662 2254 oratio
683 2167 839 2281 quidem
868 2166 956 2272 illa,
983 2167 1089 2253 velsi
1111 2169 1272 2255 maxime
1293 2199 1422 2258 veram
1457 2203 1535 2261 esse

82 2289 370 2394 condonemus,
399 2315 629 2402 magnopere
654 2310 794 2399 urget,
840 2283 1002 2368 alienum
1033 2284 1151 2370 videri
1182 2286 1390 2402 quidquam
1424 2287 1535 2398 effici,

82 2405 177 2517 quin
206 2433 357 2491 causam
388 2403 527 2487 habeat
557 2428 843 2518 antegressum,
869 2429 939 2485 nec
968 2399 1006 2484 id
1033 2403 1254 2488 sententiam
1283 2430 1448 2491 nostram
1477 2410 1534 2493 la·
1606 2497 1613 2512 ‚

83 2518 261 2608 befactat.
294 2527 398 2606 Nam
417 2501 464 2606 ’et
480 2520 586 2604 nobis
608 2518 769 2625 ,omissa
797 2517 1012 2630 hujusmodi
1047 2520 1301 2628 resolutione,
1332 2549 1372 2609 et
1403 2548 1531 2612 conse:
1549 2498 1727 2620 hillidii
1786 2591 1788 2594 >

83 2639 286 2752 quentium‘
305 2668 498 2724 causarum
529 2637 774 2741 necessitate,
800 2662 1016 2721 constanter
1048 2663 1177 2722 tamen
1207 2636 1282 2723 hoc
1316 2638 1435 2754 ipsum
1453 2631 1727 2730 tue-'hiliih”l¹a¹l

84 2757 115 2839 ri
145 2757 240 2843 licet.
276 2763 404 2875 Atque
420 2756 520 2841 adeo
549 2755 577 2839 si
609 2755 759 2869 proprie
791 2782 916 2837 rerum
952 2751 1232 2841 efficiendarum
1265 2787 1393 2843 causas
1421 2758 1534 2850 libeat
1548 2738 1683 2787 ‘mimi'

84 2873 333 2992 investigare,
360 2875 449 2959 nihil
472 2901 658 2987 umquam
678 2873 759 2956 sine
772 2899 882 2955 causa
909 2867 1005 2955 effici
1034 2873 1246 2988 reperiatur.
1282 2882 1429 2962 Atnon
1446 2897 1533 2994 pro*

84 2989 184 3076 tinus
208 2991 394 3108 quidquid
423 2989 591 3076 futurum
607 3014 692 3095 est,
718 2990 757 3074 id
778 2987 951 3074 omnino
982 2985 1082 3074 fatali
1100 2993 1326 3079 necessitate
1340 3000 1532 3109 procedere

85 3112 225 3224 Neque
254 3110 399 3194 enimsi
420 3107 608 3222 Philippus
642 3107 707 3212 sit,
739 3106 861 3192 statim
894 3134 937 3191 ut
967 3107 1149 3192 Carolum
1180 3136 1246 3196 aut
1292 3109 1558 3204 fernandum

86 3224 250 3314 aliumve
273 3226 389 3311 lilium
406 3250 592 3343 generet,
616 3225 736 3340 sitque
762 3250 998 3339 posterorum
1026 3254 1136 3310 causa
1165 3255 1312 3314 necesse
1336 3259 1402 3317 est.
1434 3237 1531 3322 Arsi

91 3344 252 3433 Carolus
269 3385 275 3401 .
294 3342 403 3430 fuerit
435 3344 582 3459 genitus
595 3400 614 3448 ,-
640 3368 684 3428 ut
717 3367 863 3456 apatre
883 3366 1089 3457 tamquam
1114 3373 1137 3427 a
1167 3371 1275 3429 causa
1291 3349 1438 3463 genitus
1472 3353 1530 3460 sit,

88 3462 289 3572 oportebit.
327 3467 430 3546 Nam
452 3485 496 3545 ut
522 3460 621 3572 iacto
635 3457 916 3565 fundamento,
950 3462 1109 3547 domum
1126 3461 1203 3546 fieti
1225 3492 1305 3547 non
1327 3491 1382 3551 est
1408 3495 1535 3555 neces·

89 3575 198 3682 sitas,
226 3578 292 3664 sed
318 3580 440 3664 domo
454 3651 457 3656 .
471 3576 665 3662 aedificata
683 3639 695 3682 ,
713 3576 849 3689 jacam
869 3575 991 3663 *fuisse
1007 3575 1295 3673 ftmdamentum
1311 3645 1322 3686 ,
1339 3610 1394 3669 est
1409 3614 1533 3672 ncces·

91 3695 253 3778 sarium:
274 3696 325 3780 sic
355 3698 403 3781 de
431 3723 625 3781 causarum
652 3694 868 3780 necessitate
897 3699 939 3778 in
968 3698 1143 3811 operibus
1165 3700 1390 3787 naturalibus
1405 3704 1534 3817 opina·

87 3811 118 3894 ri
147 3813 355 3917 convenit,
384 3836 524 3898 utnon
558 3812 741 3927 prioribus
769 3811 975 3926 posteriora
1004 3816 1205 3900 necessario
1221 3819 1450 3926 succedant,
1466 3822 1534 3908 sed

88 3929 270 4041 posterius
309 3927 442 4015 effecta
472 3930 638 4043 aliquam
663 3959 710 4015 ex
738 3927 951 4016 necessitate
972 3932 1125 4017 causam
1144 3935 1427 4023 antecedentem
1457 3942 1535 4024 ob-

88 4048 245 4135 tineant.
278 4047 445 4134 Tametsi
476 4048 667 4163 quaedam
700 4045 916 4156 hujusmodi
940 4077 1058 4155 sunt,
1087 4075 1140 4134 ut.
1163 4051 1326 4136 habeant
1357 4056 1420 4139 illa
1452 4058 1535 4171 qui·

14 4258 18 4261 ,
89 4159 179 4248 dem
204 4195 383 4272 causam,
412 4195 494 4250 non
509 4191 638 4251 tamen
663 4164 879 4281 propriam,
896 4168 1117 4279 arque.huc
1137 4169 1257 4269 ,dum
1270 4196 1422 4284 ageret,
1448 4204 1536 4288 spe·

90 4305 259 4367 ctanrem
277 4345 290 4386 ,
306 4284 372 4370 sed
385 4312 515 4399 quam.
531 4282 816 4369 accidentariam
839 4311 1113 4396 nuncupamus.
1146 4284 1360 4372 Thesaurus
1384 4289 1482 4376 enim
1508 4296 1537 4378 si

89 4395 158 4483 tui·
186 4401 341 4488 serendi.
363 4401 481 4516 gratia
510 4397 671 4487 fodienti
701 4423 868 4514 repertus
892 4425 978 4504 est,
1011 4426 1190 4508 causam,
1219 4428 1262 4487 ut
1302 4408 1535 4520 reperiretur,

94 4509 300 4602 fossionem
315 4518 491 4622 babuit,
523 4548 604 4603 non
620 4544 748 4603 tamen
776 4517 994 4630 propriam,
1024 4546 1095 4602 nec
1115 4519 1190 4602 hoc
1205 4519 1324 4634 ipsum
1345 4553 1536 4641 agentem,

92 4642 138 4719 u't
169 4633 393 4721 thesaurum„
413 4634 610 4722 inveniret.
642 4639 747 4717 Nam
763 4661 894 4718 musae
908 4691 922 4738 ,
935 4661 1034 4749 quae
1051 4637 1236 4750 propriae
1268 4639 1537 4759 intelliguntur,

103 4752 308 4839 necessario
341 4778 380 4849 et
406 4781 580 4866 semper,
611 4750 683 4836 .ch
709 4773 809 4834 certe
838 4780 982 4866 magna¹
1005 4783 1051 4838 ex
1098 4779 1231 4867 parre,
1257 4761 1364 4870 quod
1392 4782 1540 4872 petunt,

91 4894 365 4988 assequuntur:
398 4867 669 4960 accidentariae
700 4864 861 4958 vicissim
891 4896 988 4981 raro.
1028 4876 1158 4988 Atque
1187 4873 1259 4959 hac
1298 4874 1451 4988 quidem
1486 4908 1543 4962 ra·

1467 4995 1545 5090 tiu
