4020 5864
501 390 569 479 548
853 385 1210 458 auratoroom
1226 382 1325 458 nno
1348 381 1452 456 aar.
1468 387 1568 455 rto·

474 519 565 601 tur?
594 510 776 598 Ablatum
794 537 816 593 a
832 535 871 596 te
892 511 1102 626 quidquam
1120 505 1279 615 audias,
1301 537 1353 593 atr
1376 505 1480 595 furto
1504 506 1765 625 subreptum?
1797 538 1928 627 patum

477 631 645 745 religiose
662 631 833 733 dietum,
858 658 907 712 an
923 629 1065 741 impie?
1094 625 1273 732 mentiris,
1288 631 1516 743 respondeas
1535 656 1614 730 ,au
1638 657 1726 714 non
1747 624 1817 714 feci
1834 641 1850 715 ,²
1874 661 1928 718 et·

399 768 401 779 ’
480 779 550 852 ras,
567 778 617 832 an
633 747 889 833 calumniaris?
919 748 992 832 Sed
1008 745 1190 860 quoniam
1207 745 1311 860 ipse,
1336 747 1446 862 quod
1467 745 1607 830 acriore
1625 808 1638 854 ,
1653 774 1773 862 quam
1797 749 1925 858 velles,

481 896 634 954 censura
650 867 784 983 scripta
799 892 869 952 tua
883 890 1133 969 vexarentur,
1157 863 1271 948 semel
1285 864 1419 951 dolore
1434 864 1607 950 incitatus
1626 927 1639 972 ,
1661 863 1829 950 cohiberi
1843 897 1922 957 nou

482 986 633 1102 potuisti
648 986 874 1101 ,quominus
889 1011 999 1070 saeve
1015 982 1053 1067 in
1064 981 1260 1068 Albertum
1277 982 1385 1068 Pium
1400 981 1626 1069 invehetctis
1644 1043 1657 1091 ,
1676 983 1784 1097 jam,
1810 989 1837 1070 si
1849 986 1922 1102 pla-

483 1132 571 1209 cer,
596 1106 722 1220 qualia
739 1104 810 1190 sint
829 1133 928 1219 quae
945 1101 993 1186 illi
1009 1101 1164 1214 objicis,
1188 1100 1480 1217 consideremus.

291 1237 473 1350 ,ssbffigffssflfg
544 1224 627 1307 Vll.
689 1222 799 1309 lnitio
815 1218 1016 1337 praefatis,
1039 1220 1161 1333 ipsum
1187 1246 1267 1304 non
1290 1250 1362 1306 suo
1393 1218 1556 1334 judicio,
1582 1219 1649 1306 sed
1665 1223 1925 1336 quorumdam

289 1361 373 1410 Pium·
482 1341 638 1428 hortatu
654 1371 809 1456 operam
837 1341 875 1424 in
891 1366 929 1426 te
949 1337 1132 1424 scribendi
1155 1340 1363 1452 suscepisse.
1392 1342 1482 1424 Hoc
1503 1337 1532 1423 si
1558 1362 1671 1424 tuum
1703 1365 1763 1427 est
1795 1343 1926 1431 inven-

326 1453 420 1504 ΝΜ·
482 1487 597 1568 tum,
619 1460 750 1573 injuste
767 1456 881 1566 facis,
911 1481 949 1542 et
964 1485 1098 1572 parum
1113 1456 1362 1573 evangelice,
1390 1455 1585 1574 quiviro,
1614 1485 1702 1570 quo
1725 1458 1821 1545 nihil
1850 1492 1927 1579 gea-

483 1581 565 1666 vius
582 1578 674 1695 fingi
696 1602 846 1694 potest,
868 1605 1053 1662 summam
1070 1573 1232 1661 levitatis
1248 1601 1380 1662 notam
1396 1576 1542 1662 inurere
1559 1575 1714 1665 moliris.
1744 1577 1784 1662 si
1795 1581 1842 1664 ab
1856 1582 1928 1667 aliis

379 1751 399 1791 .
481 1699 533 1784 ad
555 1723 593 1783 te
622 1696 788 1783 delatum
811 1698 864 1800 ,⁶
884 1719 1026 1785 temere
1041 1692 1253 1778 admodum
1284 1693 1496 1781 credidisti.
1531 1691 1641 1798 Quid
1679 1695 1787 1781 enim
1816 1698 1925 1786 babet

289 1811 472 1922 {lfiffim‘l'glll
482 1815 776 1931 probabilitatis,
803 1813 997 1900 hominem
1014 1805 1152 1897 afflicta
1167 1811 1412 1919 valetudine,
1438 1837 1477 1898 et
1502 1809 1605 1897 mole
1620 1837 1743 1930 atque
1763 1842 1850 1902 cura
1874 1846 1927 1903 re·

290 1941 566 2052 {ffiqssglfg'c‘grum
591 1935 836 2020 maximarum
854 1960 1050 2048 pressum,
1074 1958 1155 2014 non
1170 1929 1391 2044 reipublicae
1407 1929 1469 2017 vel
1490 1929 1681 2046 religionis
1697 1962 1841 2042 causa,
1866 1935 1925 2024 sed

290 2055 415 2162 {ffll‘lm
429 2049 526 2140 s⁶·ut
540 2053 680 2139 lrbrdrnr
708 2051 834 2136 nescio
863 2076 1028 2167 quorum
1057 2048 1277 2152 inserviret,
1315 2078 1395 2134 rem
1425 2051 1623 2163 suscepisse
1652 2048 1842 2140 difficilem
1868 2078 1924 2140 at-

481 2202 557 2289 que
573 2170 798 2256 laboriosam
815 2230 827 2274 ,
842 2194 881 2253 et
897 2196 1032 2282 parum
1048 2164 1165 2251 laudis
1180 2165 1420 2254 habituram?
1451 2169 1537 2254 Aut
1550 2167 1635 2283 quis
1654 2198 1750 2257 esser
1764 2200 1838 2257 tam
1852 2172 1916 2256 im·

480 2290 668 2408 pudenter
692 2290 843 2391 audax,
865 2310 910 2372 ut
933 2284 1018 2373 viro
1048 2284 1230 2400 principi,
1253 2313 1331 2391 ac,
1357 2283 1516 2392 urdixi,
1542 2285 1852 2399 impeditissimo,
1877 2291 1922 2375 ab

480 2408 739 2523 articularique
756 2407 892 2492 morbo
920 2404 984 2492 vix
1009 2431 1130 2518 pauca
1146 2403 1338 2490 intervalla
1359 2404 1492 2518 quietis
1507 2403 1728 2517 impetranti
1748 2467 1763 2513 ‚
1787 2435 1925 2494 tantum

480 2528 628 2614 molesti
651 2527 773 2611 oneris
788 2547 949 2610 tentaret
963 2522 1158 2635 imponere
1175 2530 1188 2604 ἓ
1207 2521 1257 2606 ad
1272 2553 1490 2627 summam,
1520 2551 1604 2640 quo
1621 2530 1800 2637 praemio
1826 2557 1927 2615 verae

482 2646 601 2764 laudis
616 2644 752 2732 adduci
779 2665 929 2759 poterat
945 2642 999 2727 vir
1018 2668 1066 2724 eo
1081 2637 1282 2752 splendore
1303 2703 1316 2747 ,
1344 2639 1517 2726 doctrina
1533 2666 1573 2727 er
1596 2645 1821 2757 gravitate?
1842 2647 1926 2732 Glo

484 2764 642 2868 riosum,
658 2762 793 2879 inquis,
810 2756 964 2845 fortasse
977 2758 1125 2875 putavit
1141 2757 1180 2842 in
1197 2761 1396 2845 Erasmum
1413 2759 1581 2844 scribere.
1598 2762 1739 2854 Quam
1758 2793 1856 2850 vane
1869 2764 1926 2850 tibi

486 2883 771 2988 blandiebatur,
799 2884 981 2983 Erasme,
1009 2875 1173 2993 quisquis
1190 2875 1282 2960 tein
1300 2875 1407 2964 istam
1424 2877 1707 2991 persuasionem
1737 2882 1926 2970 detrudere

487 3001 645 3088 curavit.
657 3002 788 3098 Quam
804 2998 919 3117 longe
935 2996 1140 3100 abhorrent
1155 2993 1223 3080 ista
1238 2996 1287 3080 ab
1303 2995 1356 3102 iis,
1373 2995 1526 3112 quaein
1542 2995 1703 3111 epistola
1720 3025 1794 3087 tua
1810 3002 1929 3089 alber-

488 3148 570 3210 tum
588 3123 695 3208 Pium
712 3121 761 3208 de
776 3146 815 3207 te
829 3119 1039 3235 praedicare
1057 3117 1206 3205 solitum
1220 3147 1297 3206 esse
1312 3145 1542 3236 conquestus
1556 3148 1621 3225 es,
1647 3125 1856 3209 Erasmum
1869 3148 1929 3207 nec

488 3242 758 3357 philosophum
786 3269 889 3349 esse,
909 3269 980 3328 nec
1009 3241 1235 3357 theologum
1264 3303 1277 3347 ,
1307 3242 1389 3327 ‘nec
1413 3240 1521 3326 ullius
1553 3238 1696 3327 solidae
1727 3242 1925 3330 doctrinae.

489 3362 753 3479 Qtisquamne
782 3361 869 3445 talia
901 3360 1010 3445 sentit
1031 3360 1079 3445 de
1106 3365 1293 3465 Erasmo,
1318 3384 1357 3446 et
1385 3359 1590 3476 gloriosum
1615 3384 1731 3474 putat
1767 3361 1809 3446 in
1833 3366 1926 3445 Eras-

490 3509 598 3565 mum
613 3480 797 3566 scribere?
827 3483 880 3564 At
904 3475 994 3562 falsa
1008 3472 1110 3582 fuit,
1136 3478 1309 3594 inquies,
1341 3477 1508 3583 delatio,
1537 3503 1579 3562 ut
1597 3475 1699 3564 idem
1715 3473 1930 3565 affirmatin

489 3598 646 3713 epistola
660 3629 755 3702 sua,
781 3596 867 3684 talia
883 3624 1065 3711 umquam
1090 3595 1210 3708 ipsum
1226 3596 1376 3707 jactasse
1391 3596 1441 3682 de
1470 3601 1641 3682 Erasmo.
1672 3601 1732 3683 lta
1762 3597 1933 3714 equidem

491 3718 687 3805 existimo:
715 3740 821 3803 tanta
844 3716 944 3801 enim
977 3738 1056 3800 crat
1084 3715 1152 3802 viri
1176 3714 1268 3800 illius
1293 3714 1506 3821 modestia,
1525 3739 1632 3801 tanta
1664 3716 1932 3802 humanitasin

492 3864 559 3920 eos
576 3835 821 3952 praesertim,
846 3863 945 3947 quos
973 3831 1033 3920 vel
1062 3833 1257 3919 mediocris
1281 3833 1443 3919 eruditio
1465 3834 1791 3941 commendaret,
1818 3861 1933 3921 uteo

492 3984 577 4041 turn
593 3955 714 4068 lapsus
730 4014 743 4059 ,
766 3953 795 4038 si
808 3953 875 4067 qui
890 3977 1013 4040 essent
1030 4010 1044 4057 ,
1059 3979 1238 4037 excusare.
1248 3950 1466 4067 ingeniose,
1486 3980 1525 4040 et
1541 3951 1732 4068 quidquid
1749 3978 1849 4040 esset
1864 3953 1934 4037 lau·

491 4073 643 4179 dabile,
668 4072 706 4157 in
724 4068 840 4173 maius
856 4073 971 4158 etiam
984 4068 1159 4156 extollere
1172 4070 1341 4156 libenter
1357 4070 1491 4158 soleret
1510 4103 1529 4173 :ss
1547 4094 1698 4158 tantum
1725 4072 1837 4159 abest
1855 4133 1870 4179 ,
1897 4092 1937 4156 ut

492 4193 542 4278 de
559 4192 642 4280 viris
656 4189 811 4309 egregiis
828 4190 926 4276 male
941 4214 1086 4304 praeter
1103 4188 1275 4275 meritum
1290 4187 1520 4302 loqueretur.

553 4312 654 4394 Vlll.
715 4314 767 4397 At
795 4309 871 4423 ipse
899 4338 1010 4425 urges
1035 4309 1075 4390 in
1100 4331 1167 4393 tua
1206 4307 1451 4420 responsione
1487 4333 1527 4395 et
1552 4306 1676 4396 libello
1707 4358 1723 4416 ,
1754 4337 1939 4428 testesque

492 4429 701 4545 producere
723 4452 875 4543 paratus
906 4456 973 4532 es,
1001 4423 1138 4540 quibus
1154 4454 1273 4528 eum,
1305 4455 1406 4542 quae
1438 4426 1567 4513 dixisse
1582 4457 1621 4512 se
1636 4457 1758 4545 negat
1777 4493 1792 4538 ,
1808 4431 1938 4544 jactare

490 4547 644 4634 solitum
661 4574 746 4632 esse.
761 4546 975 4631 convincas.
1004 4543 1078 4630 Sed
1100 4544 1328 4647 credamus,
1357 4543 1555 4633 Albertum
1583 4544 1631 4632 de
1666 4574 1737 4635 tua
1772 4550 1935 4637 doctriua

491 4667 588 4753 bene
611 4688 651 4751 et
680 4663 786 4779 loqui
802 4663 979 4769 solitum,
1004 4689 1045 4748 et
1061 4662 1222 4749 sentite:
1248 4662 1424 4750 statimne
1440 4665 1651 4782 gloriosum
1676 4692 1837 4782 putatet
1852 4672 1934 4756 inte

489 4787 644 4873 scribere
660 4783 717 4871 vir
732 4807 889 4887 tantus,
915 4808 992 4869 tarn
1020 4781 1187 4886 illustris,
1211 4807 1291 4868 tam
1308 4811 1389 4869 non
1414 4782 1629 4871 ambitiosus
1646 4844 1659 4889 ,
1676 4811 1717 4874 et
1737 4787 1872 4904 ,quod
1897 4784 1934 4867 irr

488 4905 612 5022 primis
622 4903 833 5023 meminisse
850 4901 1042 5014 debebas,
1067 4900 1223 4990 iultalia
1238 4927 1382 5013 natus,
1410 4932 1481 4993 nec
1504 4902 1684 5022 ignarus,
1709 4908 1839 5026 qualis
1854 4931 1938 4994 essct

487 5056 490 5061 .
1044 5062 1050 5075 ,
1872 5052 1925 5108 α,
