4020 5864
597 388 662 465 su
696 387 1040 464 erasmum.
1438 411 1504 487 549

85 554 298 620 ceterorum
321 518 502 611 Italorum
532 521 581 608 de
605 543 644 606 te
675 516 834 634 opinio?
862 519 976 617 Quos
1001 545 1083 605 non
1110 517 1266 636 perinde
1297 519 1426 609 solitos
1458 552 1537 610 esse

86 648 258 738 demirari
275 644 409 760 scripta
438 666 534 745 tua,
560 666 606 723 ac
633 642 851 724 Germanos
867 663 984 744 tuos,
1013 662 1052 723 et
1073 666 1257 724 meorum
1277 641 1538 755 Hispanorum

85 769 317 886 plerosque,
342 760 457 847 miror
473 758 501 846 si
523 756 589 846 tibi
604 786 686 844 non
704 781 761 846 est
776 756 930 844 abunde
950 756 1199 872 exploratum.
1229 762 1333 843 Nam
1349 762 1458 876 quod
1488 763 1539 850 ad
1632 865 1634 870 .

83 911 121 972 te
138 887 188 973 de
215 880 364 968 Alberti
380 880 536 971 vocibus
551 904 683 983 vane,
712 901 757 962 ut
772 876 940 992 opinor,
966 875 1134 962 delatum
1153 901 1238 981 est,
1266 876 1304 962 id
1333 879 1382 964 de
1413 881 1539 967 multis

80 997 264 1092 Italorum
281 1029 362 1086 non
383 998 488 1113 parvi
516 995 712 1099 nominis,
734 1023 805 1080 nec
821 994 984 1110 vulgaris
1018 995 1238 1098 doctrinae,
1267 994 1358 1080 citra
1384 1001 1539 1087 menda·
1591 1063 1592 1066 r

81 1122 185 1208 cium
202 1115 337 1208 deferri
353 1117 515 1232 potuisse
546 1177 559 1222 ,
588 1137 697 1201 certo
724 1113 816 1199 scio.
845 1116 947 1197 Cum
978 1113 1116 1230 quibus
1143 1109 1316 1229 profecto
1343 1117 1462 1239 mihi,
1494 1145 1539 1210 ut

74 1268 234 1357 possem
250 1266 411 1355 magnos
428 1236 527 1320 viros
544 1234 659 1320 citare
677 1258 817 1338 testes,
846 1233 976 1348 ingens
997 1263 1067 1347 pro
1097 1257 1135 1318 te
1164 1261 1274 1346 saepe
1306 1240 1538 1325 concertatio

84 1355 187 1463 fuit,
215 1386 303 1442 cum
320 1352 416 1440 ferre
448 1382 529 1439 non
552 1379 709 1467 possem
738 1351 996 1467 quorumdam
1012 1348 1179 1458 fastum,
1212 1352 1344 1466 tuique
1367 1381 1540 1443 contem·

84 1501 199 1582 rum,
226 1475 291 1590 qui
325 1498 364 1560 te
397 1470 654 1587 philosophiae
682 1494 873 1584 expertem
906 1498 984 1554 esse
1013 1470 1180 1556 dicerent
1198 1471 1392 1577 „Luciani
1421 1478 1540 1594 magis

82 1623 203 1711 quam
233 1591 440 1679 Aristotelis
463 1587 711 1694 familiarem,
736 1588 874 1703 duplici
904 1612 1051 1674 utentes
1084 1615 1325 1706 argumento.
1355 1593 1539 1704 Primum,

68 1712 196 1830 ,quod
230 1710 352 1797 homo
367 1714 514 1795 Graeca
544 1707 811 1820 interpretandi
841 1706 966 1792 studio
985 1707 1164 1811 deditus,
1192 1707 1344 1794 Luciani
1373 1709 1538 1823 fabellas,

87 1860 251 1948 quarum
277 1827 494 1947 cognitione
521 1826 643 1913 Latini
671 1849 710 1910 et
739 1824 909 1942 theologi
942 1851 982 1912 et
1009 1825 1222 1942 philosophi
1263 1828 1342 1914 sine
1372 1830 1448 1915 ulla
1464 1835 1540 1918 reli-

88 1950 211 2066 gionis
238 1974 304 2037 aut
335 1976 485 2033 morum
515 1943 654 2056 jactura
685 1971 811 2029 carere
840 1969 1042 2058 poterant,
1058 1945 1198 2054 latine
1222 1949 1434 2060 expresseris
1466 1952 1541 2039 dili

87 2092 251 2184 genter,
276 2065 481 2153 Aristotelis
499 2092 548 2149 ne
566 2065 723 2152 verbum
740 2062 896 2176 quidem
916 2063 1173 2167 converteris,
1195 2090 1282 2148 cum
1312 2095 1434 2155 essent
1457 2098 1538 2158 non

82 2214 208 2301 pauca
235 2185 329 2270 illius
350 2182 419 2272 viri
444 2181 561 2270 divini
587 2209 706 2296 opera
741 2182 790 2265 de
816 2179 1083 2293 philosophia,
1117 2210 1216 2298 quae
1245 2185 1380 2297 partim
1407 2218 1540 2304 perpe.

84 2333 201 2406 ram,
231 2302 367 2415 partim
400 2301 558 2385 barbare
589 2324 806 2404 conversa,
831 2299 1006 2382 Latinam
1022 2301 1235 2386 orationem
1265 2302 1539 2397 desiderabant.

83 2420 268 2521 Deinde,
290 2417 400 2535 quod
429 2445 518 2502 cum
551 2415 768 2501 innumeros
799 2417 1079 2531 propemodum
1112 2417 1255 2504 libellos
1285 2420 1397 2507 edere
1429 2456 1539 2512 num·

80 2565 201 2655 quam
219 2537 370 2625 desistas
389 2594 403 2639 ,
433 2534 580 2620 nullum
596 2559 725 2620 tamen
742 2563 926 2650 umquam
957 2534 1152 2649 physicum
1169 2564 1437 2652 argumentum
1463 2571 1540 2632 tra·

79 2655 248 2745 ctaveris·
281 2661 323 2740 ln
339 2653 560 2774 theologicis
578 2681 693 2770 porro
710 2653 762 2741 ita
791 2678 831 2739 te
849 2678 1037 2741 versatum
1054 2684 1132 2741 esse
1162 2655 1294 2744 dicunt
1312 2719 1324 2761 ,
1350 2684 1396 2745 ut
1418 2665 1539 2752 multa

79 2773 123 2861 in
138 2774 210 2862 tuis
225 2774 324 2862 libris
341 2775 442 2879 sint,
474 2802 574 2891 quae
601 2772 903 2861 doctissimorum
940 2773 1213 2892 theologorum
1246 2805 1432 2864 consensu
1457 2784 1539 2895 reji-

81 2892 238 2981 ciantur.
270 2897 372 2980 Cum
404 2922 499 2982 vero
526 2893 591 2980 ad.
607 2891 849 2978 humaniores
880 2892 1018 2978 litteras
1047 2921 1207 2980 ventum
1222 2921 1278 2982 est
1300 2954 1314 2999 ,
1340 2900 1450 3014 quod
1475 2902 1540 2989 de·

81 3043 185 3099 mere
202 3044 281 3099 nou
298 3038 475 3129 possunt,
496 3041 676 3130 magnam
691 3012 758 3098 tibi
774 3009 974 3097 lectionem
990 3013 1235 3116 concedunt,
1259 3015 1396 3131 ingenii
1412 3049 1540 3133 prom·

83 3129 317 3238 titudinem,
345 3158 384 3219 et
400 3131 562 3249 argutias
597 3129 853 3244 orationisque
887 3131 1038 3245 copiam
1064 3131 1266 3237 tribuunt,
1298 3135 1363 3229 sed
1390 3137 1540 3227 dicendi

81 3251 366 3356 characterem,
395 3249 480 3336 licet
500 3250 690 3337 interdum
720 3278 923 3366 exsurgas,
943 3249 1122 3336 humilem
1154 3280 1232 3338 esse
1263 3257 1539 3366 contendunt,

83 3393 124 3455 et
143 3400 278 3483 parum
296 3369 501 3456 habentem
518 3370 729 3487 gravitatis,
748 3369 799 3455 ad
822 3399 1023 3477 summam,
1042 3369 1196 3456 minime
1217 3371 1536 3464 Ciceronianum:

84 3484 138 3574 ita
152 3514 190 3575 te
216 3485 422 3573 fecundum
450 3515 529 3589 esse
560 3487 676 3602 magis
702 3515 821 3602 quam
852 3488 1062 3574 lacundum
1091 3550 1103 3594 ,
1137 3488 1294 3577 dicteriis
1327 3492 1451 3603 potius
1498 3521 1539 3584 et

85 3604 284 3722 argutiis,
327 3636 446 3721 quam
477 3605 666 3692 sententiis
712 3604 969 3723 orationisque
1019 3607 1217 3696 virtutibus
1250 3608 1430 3699 lectorem
1461 3614 1538 3701 alli-

89 3722 270 3811 cientem.

149 3844 222 3928 IX.
282 3845 366 3930 Sed
376 3855 483 3953 isto,
509 3846 656 3964 inquis,
676 3851 936 3935 malevolorum
951 3843 1139 3959 figmenta
1155 3865 1268 3958 sorrt,
1294 3851 1380 3967 quis
1396 3862 1537 3973 negat?

87 3968 237 4070 levique
241 3960 487 4069 fiaodomeoto
491 3965 723 4071 frabricoto3
745 3997 825 4054 non
841 3998 890 4054 eo
905 3967 1063 4055 infitias:
1097 3996 1164 4053 nec
1186 3996 1238 4054 ex
1260 3972 1432 4079 judicio,
1471 3977 1540 4057 sed

88 4084 408 4188 equorumdom*
428 4086 608 4170 Italorum
637 4091 789 4171 invidio
805 4087 1019 4196 profecto,
1049 4096 1116 4194 qur·
1132 4095 1297 4172 volentes
1320 4119 1408 4175 suos
1435 4100 1475 4172 io
1493 4120 1535 4175 οε
1566 4087 1672 4207 mg,
1690 4147 1732 4198 Μ,

87 4206 165 4282 mni
183 4220 318 4308 genere
343 4211 557 4289 litterarum
572 4213 785 4312 excellere,
815 4212 1011 4316 indignari
1029 4209 1208 4288 videntur
1231 4263 1245 4311 ,
1273 4215 1410 4314 siquis
1433 4217 1535 4292 ultra
1551 4209 1729 4322 }{j,¹,¹,¹,¹2„35¹‘“

88 4332 229 4415 montes
254 4320 296 4365 ³*
326 4340 438 4406 notus
465 4327 519 4406 od
545 4351 670 4408 rerum
697 4329 908 4409 doctrinam
941 4331 1124 4408 orationis
1154 4349 1295 4431 quoque
1322 4345 1536 4412 ornamento
1622 4384 1656 4421 r..

90 4437 276 4543 adjecisse
296 4456 464 4548 potetur.
495 4443 586 4526 Hoc
601 4472 759 4559 quoque
783 4442 851 4527 tibi
874 4438 978 4526 facile
1001 4440 1206 4548 assentiar,
1232 4441 1299 4558 qui
1317 4443 1423 4530 simili
1453 4478 1537 4532 ora·
1553 4443 1733 4553 ,ῗξῖῐροξῖξξς

89 4550 198 4651 tione
214 4556 269 4642 uti
294 4558 400 4645 soleo
416 4559 466 4646 ad
499 4586 658 4647 conatus
675 4587 714 4647 te
742 4561 792 4646 sic
816 4558 1078 4674 impetentium
1107 4560 1377 4677 reprimendos.
1408 4569 1538 4682 Atque
1554 4562 1732 4685 ffi,¹},¹,;‘f⁸¹'¹*

93 4672 271 4786 equidem
291 4677 455 4785 vellem,
488 4677 526 4764 id
552 4707 669 4793 quam
696 4677 866 4791 plurimis
883 4704 978 4766 esset
1009 4707 1255 4793 persuasum,
1285 4706 1329 4767 ut
1355 4682 1476 4797 siquid
1499 4684 1540 4768 in

92 4789 185 4878 meis
203 4792 370 4910 scriptis,
394 4824 593 4910 quae-non
611 4824 760 4910 pauca,
788 4798 921 4911 partim
946 4828 992 4885 cx
1010 4797 1210 4887 Aristotele
1232 4798 1318 4884 aliis
1346 4828 1395 4883 ue
1423 4805 1542 4887 Grae·

94 4908 147 4997 cis
163 4911 397 5032 philosophis
419 4912 650 5008 inlatinum
665 4944 876 5029 conversa,
904 4918 1042 5038 partim
1059 4949 1149 5014 mco
1175 4918 1306 5009 labore
1318 4828 1542 5058 humburo,

93 5097 97 5104 ·
1506 5066 1547 5128 m
