4192 5880
483 380 1277 456 anotnenonuorrrunrr.
1431 471 1436 492 γ
1543 399 1582 474 53

159 505 351 601 Rarnabos
379 531 419 599 et
432 504 433 507 Ὺ
448 490 651 599 Galeatius
671 503 827 612 fratres,
858 501 1073 617 hujusmodi
1103 504 1152 592 ad
1179 502 1381 624 Aegidium
1418 501 1612 624 epistolam
1653 524 1810 635 Barglpvis

160 631 325 717 mittunt·
1407 623 1413 667 3
1630 599 1812 720 ihlhrgitfiiriii

191 792 194 796 ·
223 751 403 835 XXXIII.
464 748 622 858 „Venit
648 777 768 865 nuper
797 747 847 833 ad
878 774 948 831 nos
970 745 1180 832 Franciscus
1212 746 1465 862 Ordelaphius
1495 747 1616 861 patria
1630 714 1750 773 ‘pm‘

162 867 327 983 „pulsus
342 930 356 975 ,
371 869 477 954 luctu
508 896 547 955 et
571 898 744 953 moerore
772 865 927 980 plenus,
962 865 1029 981 qui
1054 865 1172 950 multa
1206 867 1254 952 de
1286 897 1352 952 sua
1377 863 1615 953 infelicissima

162 1013 305 1093 „sorte
325 987 578 1073 miserandum
596 987 635 1071 in
661 985 819 1072 modum
834 1008 1011 1101 questus,
1028 984 1079 1070 ita
1094 1014 1165 1069 nos
1180 981 1326 1091 affecit,
1344 1011 1483 1072 utnon
1513 1015 1618 1074 secus

167 1135 252 1211 „ac
272 1105 438 1219 eiusdem
462 1105 676 1211 calamitatis
698 1105 786 1191 socii
800 1120 889 1189 curn
917 1133 966 1189 eo
980 1102 1211 1191 doleremus.
1244 1107 1513 1221 Demumque,
1529 1133 1618 1193 cum

165 1279 193 1333 ,‚
207 1252 247 1311 se
265 1254 289 1316 a
305 1247 429 1315 tanto.
446 1225 578 1313 dolore
602 1225 756 1340 paulum
788 1223 1009 1339 recepisset,
1034 1252 1104 1308 nos
1125 1222 1359 1330 obsecravit,
1377 1224 1618 1341 quandoqui-

166 1395 197 1460 ‚,
215 1341 302 1428 dem
320 1343 455 1429 auxilio
478 1367 630 1448 nostr0,
647 1344 780 1460 inquo
803 1372 988 1428 summam
1006 1370 1110 1456 spem
1134 1340 1340 1456 posuisset,
1362 1368 1472 1425 causa
1496 1368 1619 1431 vestra

161 1514 193 1563 „
208 1459 429 1566 destitutus,
447 1461 654 1576 principatu
679 1461 815 1548 amisso
844 1489 928 1566 ,eo
949 1456 1164 1545 infelicitatis
1195 1459 1376 1564 venisset,
1398 1483 1442 1545 ut
1468 1478 1616 1574 praeter

165 1575 373 1683 „miseram
397 1579 561 1664 animam
594 1579 684 1664 nihil
714 1580 781 1664 sibi
798 1578 964 1664 relictum
980 1605 1102 1682 esset,
1132 1600 1257 1662 tecum
1283 1604 1501 1694 ageremus,
1532 1608 1615 1693 pte·

168 1749 196 1799 ‚,
211 1722 478 1813 caremurque,
495 1697 551 1782 uti
575 1697 662 1804 sibi,
679 1725 796 1814 quem
817 1725 936 1811 nuper
952 1725 1040 1781 cum
1057 1694 1275 1801 devicisses,
1292 1696 1424 1782 vivtun
1439 1698 1619 1788 excedere

169 1842 334 1926 „passus
356 1843 476 1920 esses,
492 1815 656 1930 aliquam
681 1816 799 1903 vitam
832 1814 994 1900 ducendi
1020 1813 1204 1900 rationem
1240 1811 1421 1929 reliquam
1458 1809 1620 1904 faceres.

170 1931 332 2033 „Quod
349 1956 388 2016 et
402 1957 554 2046 propter
579 1957 750 2018 mutuam
766 1933 988 2037 amicitiam,
1006 1956 1045 2017 et
1066 1962 1137 2046 pro
1153 1953 1275 2016 cetera
1293 1937 1360 2017 tua
1384 1932 1618 2022 humanitate

171 2077 231 2151 „a
246 2047 535 2164 teirnpetratum
561 2049 603 2133 iri
631 2081 713 2136 non
743 2051 938 2136 dubitabat
955 2050 1119 2164 :quippe
1143 2078 1223 2136 rem
1240 2077 1320 2134 non
1342 2048 1418 2134 sine
1444 2051 1618 2165 exemplo

166 2219 193 2268 „
206 2161 308 2251 fore.
339 2172 442 2252 Nam
470 2167 714 2283 superioribus
743 2167 871 2253 diebus
903 2169 942 2252 in
958 2170 1148 2280 Joannem
1175 2166 1342 2270 Vicum,
1372 2164 1609 2275 Malatestas,

168 2338 197 2392 ,‚
211 2284 483 2370 Bernardinum
497 2287 720 2372 Poletanum
734 2347 747 2391 ,
763 2313 802 2372 ct
817 2285 1014 2403 plerosque
1035 2285 1127 2371 alios
1144 2309 1221 2370 ate
1237 2285 1430 2390 devictos,
1449 2313 1548 2399 quos
1563 2288 1619 2374 ob

169 2454 196 2502 „
208 2402 382 2488 eamdem
390 2430 538 2487 causam
550 2403 676 2490 hostes
692 2405 890 2509 habuisses,
906 2429 1104 2489 summare
1121 2433 1229 2489 usum
1245 2402 1441 2488 clementia
1458 2405 1618 2490 demon·

168 2571 197 2620 „
214 2521 368 2606 strabat.
401 2520 551 2615 Quibus
566 2523 795 2629 rationibus,
811 2536 964 2636 quaque
983 2518 1117 2605 fiducia
1136 2520 1238 2605 ducti
1254 2520 1321 2605 has
1344 2520 1394 2606 ad
1411 2546 1450 2606 te
1479 2519 1618 2610 litteras

166 2638 410 2751 „scripsimus
425 2700 438 2744 ,
453 2639 597 2754 tibique
611 2669 700 2725 etun
732 2668 877 2725 summe
896 2639 1204 2724 commendamus
1233 2665 1303 2722 nec
1318 2638 1445 2752 iniqua
1459 2667 1616 2752 poscen-
1707 2690 1710 2694 ·

169 2805 197 2854 „
211 2777 317 2862 tem,
340 2781 379 2842 et
395 2756 503 2841 nobis
531 2758 675 2874 magnis
689 2757 816 2843 studiis
840 2756 1104 2869 conjunctum:
1127 2784 1176 2840 ne
1190 2754 1310 2839 homo
1322 2755 1424 2840 claro
1440 2755 1529 2841 loco
1549 2783 1617 2841 na·

170 2895 293 2976 ‚,tus,
312 2903 434 2988 nuper
460 2899 593 2989 potens
625 2900 665 2960 et
679 2875 906 2990 opulentus,
934 2905 958 2958 a
985 2904 1066 2989 quo
1109 2872 1304 2985 sityranni
1323 2901 1464 2957 nomen
1491 2873 1616 2960 abstu-

139 3018 143 3023 ·
169 3041 197 3090 „
210 2987 317 3095 leris,
337 2991 427 3110 nihil
443 2993 505 3079 vel
520 2993 559 3104 in
577 2995 816 3108 praeteritum
830 3055 842 3099 ,
857 2992 966 3108 quod
982 3019 1212 3107 magnopere
1232 2989 1382 3106 culpare
1397 2991 1512 3105 possis
1529 2991 1615 3097 ,in-

134 3181 146 3185 -
165 3156 192 3206 „
207 3108 357 3214 venias,
373 3111 527 3194 nuncin
543 3111 788 3226 opprobrium
807 3107 981 3195 fortunae
998 3108 1208 3195 mendicare
1223 3133 1407 3224 cogatur.
1432 3114 1476 3197 In
1492 3138 1614 3226 quem

168 3223 335 3339 „siquo
353 3251 497 3341 praeter
510 3254 653 3314 ceteros
668 3230 817 3343 privato
833 3228 926 3313 odio
944 3226 1094 3312 utereris
1111 3287 1123 3331 ,
1140 3225 1180 3310 id
1195 3225 1250 3310 uti
1266 3250 1415 3311 nostrae
1432 3227 1615 3315 amicitiae

164 3394 192 3444 „
205 3343 460 3450 condonares,
476 3374 738 3460 precaremur,
754 3344 929 3451 relaturi,
945 3373 1034 3428 curn
1057 3343 1279 3457 reposceris,
1296 3343 1358 3431 vel
1373 3343 1514 3430 etiamsi
1529 3375 1612 3435 non

167 3514 194 3562 „
206 3487 398 3573 reposces,
416 3463 597 3579 gratiam,
614 3465 886 3579 quodcumque
905 3459 1126 3548 beneficium
1150 3461 1187 3574 in
1205 3465 1434 3547 franciscum
1453 3464 1611 3549 Ordela·

166 3577 341 3689 „phium
363 3581 615 3687 contuleris.“
645 3581 797 3696 Quibus
824 3580 953 3684 lectis,
974 3578 1154 3694 Aegidius
1180 3603 1219 3666 et
1245 3580 1515 3665 consuetudine
1543 3609 1612 3668 sua

112 3701 123 3711 “
166 3694 491 3784 etVicecomitum
514 3698 683 3813 precibus
712 3700 871 3805 ductus,
888 3697 969 3783 duo
984 3696 1124 3810 oppida
1139 3695 1277 3807 Joanni
1293 3694 1499 3782 Manfredo
1527 3726 1612 3811 pers

165 3809 282 3908 misit,
298 3845 397 3928 quae
417 3815 589 3903 ecclesiae
603 3816 758 3901 nornine
772 3839 942 3919 renuet,
962 3842 1007 3898 ac
1031 3843 1164 3898 eorum
1176 3812 1352 3900 reditibus
1377 3812 1548 3910 aleretur.

222 3930 408 4017 XXXIV.
465 3933 523 4017 Sic
537 3931 713 4019 confecto
735 3932 834 4019 bello
851 3930 1003 4035 Italico,
1021 3959 1109 4015 cum
1137 3929 1284 4046 singulis
1296 3931 1504 4018 civitatibus
1520 3960 1602 4046 pro·

163 4041 274 4131 barae
288 4046 376 4135 fidei
389 4050 490 4136 viros
510 4048 763 4164 praefecisset,
781 4048 1056 4164 necessariaque
1083 4047 1307 4134 adhibuisset
1322 4050 1519 4164 praesidia,
1534 4046 1609 4135 suf·

163 4158 264 4250 fecto
283 4166 350 4251 sibi
364 4167 567 4253 Androino
582 4169 732 4255 Abbate
750 4167 1009 4272 cluniacensi,
1026 4165 1264 4252 Avenionem
1285 4166 1482 4254 contendit
1498 4195 1511 4268 ·‚
1547 4195 1608 4253 ex·
1621 4196 1801 4260 sennam„

163 4304 368 4398 septusque
389 4309 445 4370 est
473 4283 840 4372 honorificentissime
863 4285 1006 4402 ingenti
1030 4283 1201 4370 omnium
1214 4281 1369 4370 laetitia.
1396 4272 1801 4400 Appropirr-l‘llnlll'l:

162 4399 297 4510 quanti
309 4402 408 4487 enim
440 4433 607 4488 summus
624 4403 796 4490 Pontifex
814 4433 904 4488 cum
918 4403 1092 4489 universo
1106 4400 1361 4488 cardinalium
1384 4402 1544 4519 collegio
1559 4402 1609 4489 ad
1620 4381 1802 4498 llllllla

159 4514 245 4600 duo
267 4515 377 4600 millia
390 4520 439 4602 ab
457 4520 551 4605 urbe
572 4549 747 4634 passuum
769 4523 924 4609 obviarn
939 4517 1052 4605 officii
1065 4517 1185 4634 gratia
1202 4523 1434 4633 procedunt.
1468 4518 1546 4606 Ubi
1569 4511 1721 4606 in“¹'‘¹¹⁸'

163 4632 341 4747 palatium
357 4633 595 4721 Pontificium
615 4639 800 4736 deductus
829 4664 910 4742 est,
931 4636 1117 4751 locuplete
1139 4637 1312 4726 oratione
1342 4667 1467 4725 rerum
1484 4663 1609 4755 gesta-

80 4750 93 4765 ‘
163 4779 247 4840 rum
261 4752 411 4872 Aegidii
430 4782 617 4845 summam
632 4756 847 4879 complexio
860 4754 1061 4868 Pontifex,
1076 4755 1199 4874 ipsum
1220 4783 1293 4877 pro
1326 4779 1504 4877 naggestu
1531 4786 1611 4844 ma·

302 4944 305 4946 ·
1519 4901 1611 4996 ΒΜ·
