<?xml version="1.0" encoding="UTF-8"?>
<!DOCTYPE html PUBLIC "-//W3C//DTD XHTML 1.0 Transitional//EN"
    "http://www.w3.org/TR/xhtml1/DTD/xhtml1-transitional.dtd">
<html xmlns="http://www.w3.org/1999/xhtml" xml:lang="en" lang="en">
 <head>
  <title>
</title>
<meta http-equiv="Content-Type" content="text/html;charset=utf-8" />
  <meta name='ocr-system' content='tesseract 3.04.00' />
  <meta name='ocr-capabilities' content='ocr_page ocr_carea ocr_par ocr_line ocrx_word'/>
</head>
<body>
  <div class='ocr_page' id='page_1' title='image "./joannisgenesiis01sepgoog/joannisgenesiis01sepgoog_0054.png"; bbox 0 0 4192 5880; ppageno 0'>
   <div class='ocr_carea' id='block_1_1' title="bbox 161 379 1588 625">
    <p class='ocr_par' dir='ltr' id='par_1_1' title="bbox 161 379 1588 625">
     <span class='ocr_line' id='line_1_1' title="bbox 498 379 1588 491; baseline 0.005 -35"><span class='ocrx_word' id='word_1_1' title='bbox 498 383 637 458; x_wconf 71' lang='lat' dir='ltr'>auc.</span> <span class='ocrx_word' id='word_1_2' title='bbox 672 379 1078 458; x_wconf 74' lang='lat' dir='ltr'>annoanotn</span> <span class='ocrx_word' id='word_1_3' title='bbox 1111 380 1220 460; x_wconf 72' lang='lat' dir='ltr'>aas.</span> <span class='ocrx_word' id='word_1_4' title='bbox 1245 387 1302 460; x_wconf 90' lang='lat'>11.</span> <span class='ocrx_word' id='word_1_5' title='bbox 1543 414 1588 491; x_wconf 73' lang='lat'>4,</span> 
     </span>
     <span class='ocr_line' id='line_1_2' title="bbox 161 508 920 625; baseline 0.003 -25"><span class='ocrx_word' id='word_1_6' title='bbox 161 508 418 625; x_wconf 59' lang='lat' dir='ltr'>prationem,</span> <span class='ocrx_word' id='word_1_7' title='bbox 440 511 762 625; x_wconf 87' lang='lat' dir='ltr'>responsurum.“</span> <span class='ocrx_word' id='word_1_8' title='bbox 882 523 885 529; x_wconf 82' lang='lat'>&#39;</span> <span class='ocrx_word' id='word_1_9' title='bbox 916 596 920 602; x_wconf 84' lang='grc'><strong><em>,</em></strong></span> 
     </span>
    </p>
   </div>
   <div class='ocr_carea' id='block_1_2' title="bbox 152 620 1799 2170">
    <p class='ocr_par' dir='ltr' id='par_1_2' title="bbox 152 620 1799 2170">
     <span class='ocr_line' id='line_1_3' title="bbox 167 620 1612 750; baseline 0.003 -32"><span class='ocrx_word' id='word_1_10' title='bbox 167 680 172 695; x_wconf 53' lang='grc' dir='ltr'><strong><em>ι</em></strong></span> <span class='ocrx_word' id='word_1_11' title='bbox 220 632 346 718; x_wconf 89' lang='lat' dir='ltr'><strong>XVII.</strong></span> <span class='ocrx_word' id='word_1_12' title='bbox 405 632 562 719; x_wconf 86' lang='lat' dir='ltr'>Postero</span> <span class='ocrx_word' id='word_1_13' title='bbox 586 628 647 716; x_wconf 90' lang='lat' dir='ltr'>die</span> <span class='ocrx_word' id='word_1_14' title='bbox 663 655 750 713; x_wconf 93' lang='lat' dir='ltr'>cum</span> <span class='ocrx_word' id='word_1_15' title='bbox 765 653 844 713; x_wconf 91' lang='lat' dir='ltr'>tem</span> <span class='ocrx_word' id='word_1_16' title='bbox 872 621 924 712; x_wconf 90' lang='lat' dir='ltr'>ad</span> <span class='ocrx_word' id='word_1_17' title='bbox 947 620 1141 714; x_wconf 90' lang='lat' dir='ltr'>consilium</span> <span class='ocrx_word' id='word_1_18' title='bbox 1157 625 1316 719; x_wconf 86' lang='lat' dir='ltr'>referens</span> <span class='ocrx_word' id='word_1_19' title='bbox 1331 689 1344 738; x_wconf 94' lang='lat'>,</span> <span class='ocrx_word' id='word_1_20' title='bbox 1360 630 1456 750; x_wconf 90' lang='lat' dir='ltr'>quid</span> <span class='ocrx_word' id='word_1_21' title='bbox 1488 632 1612 722; x_wconf 86' lang='lat' dir='ltr'>Mala·</span> 
     </span>
     <span class='ocr_line' id='line_1_4' title="bbox 163 745 1611 866; baseline 0.003 -29"><span class='ocrx_word' id='word_1_22' title='bbox 163 774 257 837; x_wconf 87' lang='lat' dir='ltr'>testa</span> <span class='ocrx_word' id='word_1_23' title='bbox 283 747 512 866; x_wconf 84' lang='lat' dir='ltr'>postularet,</span> <span class='ocrx_word' id='word_1_24' title='bbox 536 746 785 862; x_wconf 83' lang='lat' dir='ltr'>exposuisset,</span> <span class='ocrx_word' id='word_1_25' title='bbox 815 769 1028 831; x_wconf 90' lang='lat' dir='ltr'>ceterorum</span> <span class='ocrx_word' id='word_1_26' title='bbox 1058 745 1133 832; x_wconf 86' lang='lat' dir='ltr'>huc</span> <span class='ocrx_word' id='word_1_27' title='bbox 1148 776 1355 866; x_wconf 77' lang='lat' dir='ltr'>congruere</span> <span class='ocrx_word' id='word_1_28' title='bbox 1386 754 1611 842; x_wconf 89' lang='lat' dir='ltr'>sententiae:</span> 
     </span>
     <span class='ocr_line' id='line_1_5' title="bbox 158 865 1612 981; baseline 0.004 -26"><span class='ocrx_word' id='word_1_29' title='bbox 158 868 277 955; x_wconf 88' lang='lat' dir='ltr'>nullas</span> <span class='ocrx_word' id='word_1_30' title='bbox 290 867 526 955; x_wconf 89' lang='lat' dir='ltr'>conditiones</span> <span class='ocrx_word' id='word_1_31' title='bbox 543 866 639 980; x_wconf 80' lang='lat' dir='ltr'>pacis</span> <span class='ocrx_word' id='word_1_32' title='bbox 655 894 679 949; x_wconf 90' lang='lat' dir='ltr'>a</span> <span class='ocrx_word' id='word_1_33' title='bbox 695 865 900 951; x_wconf 88' lang='lat' dir='ltr'>Malatestis</span> <span class='ocrx_word' id='word_1_34' title='bbox 930 888 1008 951; x_wconf 86' lang='lat' dir='ltr'>esse</span> <span class='ocrx_word' id='word_1_35' title='bbox 1024 866 1283 981; x_wconf 90' lang='lat' dir='ltr'>accipiendas,</span> <span class='ocrx_word' id='word_1_36' title='bbox 1304 870 1401 958; x_wconf 91' lang='lat' dir='ltr'>eisve</span> <span class='ocrx_word' id='word_1_37' title='bbox 1420 872 1612 961; x_wconf 84' lang='lat' dir='ltr'>dicendas.</span> 
     </span>
     <span class='ocr_line' id='line_1_6' title="bbox 158 983 1610 1103; baseline 0.006 -32"><span class='ocrx_word' id='word_1_38' title='bbox 158 991 262 1074; x_wconf 90' lang='lat' dir='ltr'>Nam</span> <span class='ocrx_word' id='word_1_39' title='bbox 280 987 346 1103; x_wconf 91' lang='lat' dir='ltr'>qui</span> <span class='ocrx_word' id='word_1_40' title='bbox 362 1015 481 1102; x_wconf 83' lang='lat' dir='ltr'>nuper</span> <span class='ocrx_word' id='word_1_41' title='bbox 501 1010 584 1072; x_wconf 94' lang='lat' dir='ltr'>tam</span> <span class='ocrx_word' id='word_1_42' title='bbox 600 984 755 1097; x_wconf 81' lang='lat' dir='ltr'>superbe</span> <span class='ocrx_word' id='word_1_43' title='bbox 772 1012 903 1098; x_wconf 80' lang='lat' dir='ltr'>pacem</span> <span class='ocrx_word' id='word_1_44' title='bbox 932 983 1137 1070; x_wconf 88' lang='lat' dir='ltr'>renuissent</span> <span class='ocrx_word' id='word_1_45' title='bbox 1148 1046 1160 1090; x_wconf 95' lang='lat'>,</span> <span class='ocrx_word' id='word_1_46' title='bbox 1172 988 1391 1074; x_wconf 90' lang='lat' dir='ltr'>necessitate</span> <span class='ocrx_word' id='word_1_47' title='bbox 1418 1019 1483 1076; x_wconf 91' lang='lat' dir='ltr'>eos</span> <span class='ocrx_word' id='word_1_48' title='bbox 1500 1054 1513 1098; x_wconf 95' lang='lat'>,</span> <span class='ocrx_word' id='word_1_49' title='bbox 1529 1021 1610 1081; x_wconf 92' lang='lat' dir='ltr'>non</span> 
     </span>
     <span class='ocr_line' id='line_1_7' title="bbox 159 1102 1609 1221; baseline 0.005 -30"><span class='ocrx_word' id='word_1_50' title='bbox 159 1105 390 1220; x_wconf 90' lang='lat' dir='ltr'>poenitentia</span> <span class='ocrx_word' id='word_1_51' title='bbox 405 1105 454 1191; x_wconf 89' lang='lat' dir='ltr'>ad</span> <span class='ocrx_word' id='word_1_52' title='bbox 469 1130 581 1221; x_wconf 87' lang='lat' dir='ltr'>pacta</span> <span class='ocrx_word' id='word_1_53' title='bbox 597 1102 831 1188; x_wconf 82' lang='lat' dir='ltr'>descendere.</span> <span class='ocrx_word' id='word_1_54' title='bbox 862 1106 956 1188; x_wconf 92' lang='lat' dir='ltr'>Non</span> <span class='ocrx_word' id='word_1_55' title='bbox 972 1130 1050 1187; x_wconf 91' lang='lat' dir='ltr'>esse</span> <span class='ocrx_word' id='word_1_56' title='bbox 1065 1103 1358 1220; x_wconf 89' lang='lat' dir='ltr'>ambigendum,</span> <span class='ocrx_word' id='word_1_57' title='bbox 1375 1130 1480 1192; x_wconf 87' lang='lat' dir='ltr'>tanta</span> <span class='ocrx_word' id='word_1_58' title='bbox 1501 1109 1609 1199; x_wconf 83' lang='lat' dir='ltr'>clade</span> 
     </span>
     <span class='ocr_line' id='line_1_8' title="bbox 162 1220 1607 1340; baseline 0.006 -32"><span class='ocrx_word' id='word_1_59' title='bbox 162 1250 318 1340; x_wconf 87' lang='lat' dir='ltr'>accepta</span> <span class='ocrx_word' id='word_1_60' title='bbox 349 1220 484 1309; x_wconf 89' lang='lat' dir='ltr'>fractos</span> <span class='ocrx_word' id='word_1_61' title='bbox 513 1221 644 1308; x_wconf 89' lang='lat' dir='ltr'>animis</span> <span class='ocrx_word' id='word_1_62' title='bbox 672 1221 889 1337; x_wconf 86' lang='lat' dir='ltr'>viribusque</span> <span class='ocrx_word' id='word_1_63' title='bbox 916 1221 1080 1306; x_wconf 89' lang='lat' dir='ltr'>omnino</span> <span class='ocrx_word' id='word_1_64' title='bbox 1109 1223 1181 1307; x_wconf 90' lang='lat' dir='ltr'>suis</span> <span class='ocrx_word' id='word_1_65' title='bbox 1204 1224 1314 1309; x_wconf 90' lang='lat' dir='ltr'>rebus</span> <span class='ocrx_word' id='word_1_66' title='bbox 1347 1221 1544 1332; x_wconf 84' lang='lat' dir='ltr'>diffidere,</span> <span class='ocrx_word' id='word_1_67' title='bbox 1563 1252 1607 1317; x_wconf 93' lang='lat' dir='ltr'>ut</span> 
     </span>
     <span class='ocr_line' id='line_1_9' title="bbox 189 1339 1606 1458; baseline 0.006 -32"><span class='ocrx_word' id='word_1_68' title='bbox 189 1343 229 1426; x_wconf 93' lang='lat' dir='ltr'>ui</span> <span class='ocrx_word' id='word_1_69' title='bbox 251 1343 400 1428; x_wconf 87' lang='lat' dir='ltr'>minime</span> <span class='ocrx_word' id='word_1_70' title='bbox 418 1341 567 1429; x_wconf 82' lang='lat' dir='ltr'>valeant</span> <span class='ocrx_word' id='word_1_71' title='bbox 600 1339 739 1426; x_wconf 90' lang='lat' dir='ltr'>bellum</span> <span class='ocrx_word' id='word_1_72' title='bbox 756 1368 944 1455; x_wconf 89' lang='lat' dir='ltr'>reparare.</span> <span class='ocrx_word' id='word_1_73' title='bbox 975 1341 1157 1427; x_wconf 86' lang='lat' dir='ltr'>Vecordis</span> <span class='ocrx_word' id='word_1_74' title='bbox 1173 1371 1251 1428; x_wconf 87' lang='lat' dir='ltr'>esse</span> <span class='ocrx_word' id='word_1_75' title='bbox 1278 1341 1449 1458; x_wconf 89' lang='lat' dir='ltr'>aspiranti</span> <span class='ocrx_word' id='word_1_76' title='bbox 1478 1346 1606 1435; x_wconf 51' lang='lat' dir='ltr'>‘deesse</span> 
     </span>
     <span class='ocr_line' id='line_1_10' title="bbox 155 1370 1605 1580; baseline 0.002 -34"><span class='ocrx_word' id='word_1_77' title='bbox 155 1370 342 1546; x_wconf 63' lang='lat' dir='ltr'>bremae.</span> <span class='ocrx_word' id='word_1_78' title='bbox 372 1461 436 1546; x_wconf 83' lang='lat' dir='ltr'>Ad</span> <span class='ocrx_word' id='word_1_79' title='bbox 451 1461 544 1546; x_wconf 91' lang='lat' dir='ltr'>haec</span> <span class='ocrx_word' id='word_1_80' title='bbox 558 1486 810 1575; x_wconf 88' lang='lat' dir='ltr'>tyrannorum</span> <span class='ocrx_word' id='word_1_81' title='bbox 831 1457 945 1546; x_wconf 89' lang='lat' dir='ltr'>fidem</span> <span class='ocrx_word' id='word_1_82' title='bbox 961 1485 1049 1543; x_wconf 92' lang='lat' dir='ltr'>cum</span> <span class='ocrx_word' id='word_1_83' title='bbox 1065 1455 1217 1545; x_wconf 83' lang='lat' dir='ltr'>fornma</span> <span class='ocrx_word' id='word_1_84' title='bbox 1231 1464 1455 1548; x_wconf 86' lang='lat' dir='ltr'>commutati</span> <span class='ocrx_word' id='word_1_85' title='bbox 1466 1495 1478 1548; x_wconf 92' lang='lat'>·:</span> <span class='ocrx_word' id='word_1_86' title='bbox 1495 1464 1605 1580; x_wconf 93' lang='lat' dir='ltr'>quip-</span> 
     </span>
     <span class='ocr_line' id='line_1_11' title="bbox 159 1577 1604 1697; baseline 0.003 -33"><span class='ocrx_word' id='word_1_87' title='bbox 159 1606 207 1692; x_wconf 88' lang='lat' dir='ltr'>pe</span> <span class='ocrx_word' id='word_1_88' title='bbox 222 1607 388 1694; x_wconf 90' lang='lat' dir='ltr'>quorum</span> <span class='ocrx_word' id='word_1_89' title='bbox 402 1578 493 1662; x_wconf 89' lang='lat' dir='ltr'>nihil</span> <span class='ocrx_word' id='word_1_90' title='bbox 507 1578 672 1683; x_wconf 76' lang='lat' dir='ltr'>intersit,</span> <span class='ocrx_word' id='word_1_91' title='bbox 690 1579 827 1693; x_wconf 90' lang='lat' dir='ltr'>quibus</span> <span class='ocrx_word' id='word_1_92' title='bbox 851 1578 991 1662; x_wconf 87' lang='lat' dir='ltr'>artibus</span> <span class='ocrx_word' id='word_1_93' title='bbox 1010 1577 1268 1664; x_wconf 87' lang='lat' dir='ltr'>dominentur.</span> <span class='ocrx_word' id='word_1_94' title='bbox 1294 1586 1401 1697; x_wconf 88' lang='lat' dir='ltr'>Ergo</span> <span class='ocrx_word' id='word_1_95' title='bbox 1411 1583 1604 1695; x_wconf 84' lang='lat' dir='ltr'>optimum</span> 
     </span>
     <span class='ocr_line' id='line_1_12' title="bbox 154 1693 1603 1802; baseline 0.006 -21"><span class='ocrx_word' id='word_1_96' title='bbox 154 1722 259 1802; x_wconf 88' lang='lat' dir='ltr'>esse,</span> <span class='ocrx_word' id='word_1_97' title='bbox 277 1698 560 1782; x_wconf 89' lang='lat' dir='ltr'>Malatestatum</span> <span class='ocrx_word' id='word_1_98' title='bbox 586 1693 763 1781; x_wconf 86' lang='lat' dir='ltr'>familiam</span> <span class='ocrx_word' id='word_1_99' title='bbox 779 1697 828 1779; x_wconf 89' lang='lat' dir='ltr'>ab</span> <span class='ocrx_word' id='word_1_100' title='bbox 840 1693 1082 1781; x_wconf 88' lang='lat' dir='ltr'>ecclesiasticis</span> <span class='ocrx_word' id='word_1_101' title='bbox 1094 1693 1232 1783; x_wconf 73' lang='lat' dir='ltr'>finibus</span> <span class='ocrx_word' id='word_1_102' title='bbox 1245 1699 1507 1785; x_wconf 87' lang='lat' dir='ltr'>exterminate.</span> <span class='ocrx_word' id='word_1_103' title='bbox 1539 1701 1603 1791; x_wconf 88' lang='lat' dir='ltr'>Ad</span> 
     </span>
     <span class='ocr_line' id='line_1_13' title="bbox 154 1814 1557 1934; baseline 0.004 -36"><span class='ocrx_word' id='word_1_104' title='bbox 154 1815 263 1930; x_wconf 89' lang='lat' dir='ltr'>quod</span> <span class='ocrx_word' id='word_1_105' title='bbox 280 1815 349 1920; x_wconf 93' lang='lat' dir='ltr'>,ni</span> <span class='ocrx_word' id='word_1_106' title='bbox 373 1816 520 1901; x_wconf 80' lang='lat' dir='ltr'>occasio</span> <span class='ocrx_word' id='word_1_107' title='bbox 536 1843 706 1930; x_wconf 89' lang='lat' dir='ltr'>praesens</span> <span class='ocrx_word' id='word_1_108' title='bbox 727 1814 1040 1929; x_wconf 84' lang='lat' dir='ltr'>praetermittatur</span> <span class='ocrx_word' id='word_1_109' title='bbox 1055 1874 1068 1918; x_wconf 85' lang='lat'>,</span> <span class='ocrx_word' id='word_1_110' title='bbox 1084 1815 1175 1899; x_wconf 89' lang='lat' dir='ltr'>nihil</span> <span class='ocrx_word' id='word_1_111' title='bbox 1199 1814 1341 1934; x_wconf 92' lang='lat' dir='ltr'>negotii</span> <span class='ocrx_word' id='word_1_112' title='bbox 1356 1846 1557 1933; x_wconf 88' lang='lat' dir='ltr'>superesse.</span> 
     </span>
     <span class='ocr_line' id='line_1_14' title="bbox 211 1932 1595 2051; baseline 0.005 -35"><span class='ocrx_word' id='word_1_113' title='bbox 211 1933 355 2018; x_wconf 88' lang='lat' dir='ltr'><strong>XVIII.</strong></span> <span class='ocrx_word' id='word_1_114' title='bbox 414 1936 522 2018; x_wconf 91' lang='lat' dir='ltr'>Haec</span> <span class='ocrx_word' id='word_1_115' title='bbox 536 1957 575 2019; x_wconf 92' lang='lat' dir='ltr'>et</span> <span class='ocrx_word' id='word_1_116' title='bbox 591 1932 766 2047; x_wconf 89' lang='lat' dir='ltr'>pleraque</span> <span class='ocrx_word' id='word_1_117' title='bbox 789 1932 858 2018; x_wconf 92' lang='lat' dir='ltr'>alia</span> <span class='ocrx_word' id='word_1_118' title='bbox 872 1932 912 2016; x_wconf 89' lang='lat' dir='ltr'>in</span> <span class='ocrx_word' id='word_1_119' title='bbox 926 1932 1024 2016; x_wconf 92' lang='lat' dir='ltr'>hanc</span> <span class='ocrx_word' id='word_1_120' title='bbox 1047 1934 1269 2019; x_wconf 87' lang='lat' dir='ltr'>sententiam</span> <span class='ocrx_word' id='word_1_121' title='bbox 1288 1935 1392 2020; x_wconf 91' lang='lat' dir='ltr'>dictu</span> <span class='ocrx_word' id='word_1_122' title='bbox 1407 1935 1491 2022; x_wconf 87' lang='lat' dir='ltr'>satis</span> <span class='ocrx_word' id='word_1_123' title='bbox 1516 1964 1595 2051; x_wconf 90' lang='lat' dir='ltr'>spe·</span> 
     </span>
     <span class='ocr_line' id='line_1_15' title="bbox 152 2049 1799 2170; baseline 0.008 -36"><span class='ocrx_word' id='word_1_124' title='bbox 152 2049 252 2136; x_wconf 90' lang='lat' dir='ltr'>ciosa</span> <span class='ocrx_word' id='word_1_125' title='bbox 266 2049 525 2165; x_wconf 84' lang='lat' dir='ltr'>jactabantur,</span> <span class='ocrx_word' id='word_1_126' title='bbox 539 2079 640 2166; x_wconf 89' lang='lat' dir='ltr'>quae</span> <span class='ocrx_word' id='word_1_127' title='bbox 661 2074 789 2136; x_wconf 91' lang='lat' dir='ltr'>tamen</span> <span class='ocrx_word' id='word_1_128' title='bbox 805 2050 952 2168; x_wconf 87' lang='lat' dir='ltr'>Aegidii</span> <span class='ocrx_word' id='word_1_129' title='bbox 971 2050 1138 2136; x_wconf 88' lang='lat' dir='ltr'>animum</span> <span class='ocrx_word' id='word_1_130' title='bbox 1156 2052 1260 2140; x_wconf 89' lang='lat' dir='ltr'>haud</span> <span class='ocrx_word' id='word_1_131' title='bbox 1294 2052 1380 2139; x_wconf 87' lang='lat' dir='ltr'>satis</span> <span class='ocrx_word' id='word_1_132' title='bbox 1402 2053 1600 2170; x_wconf 86' lang='lat' dir='ltr'>explebant</span> <span class='ocrx_word' id='word_1_133' title='bbox 1610 2070 1718 2134; x_wconf 64' lang='lat' dir='ltr'>amm</span> <span class='ocrx_word' id='word_1_134' title='bbox 1731 2085 1799 2147; x_wconf 58' lang='grc' dir='ltr'>Φῆ·</span> 
     </span>
    </p>
   </div>
   <div class='ocr_carea' id='block_1_3' title="bbox 1607 2134 1789 2193">
    <p class='ocr_par' dir='ltr' id='par_1_3' title="bbox 1607 2134 1789 2193">
     <span class='ocr_line' id='line_1_16' title="bbox 1607 2134 1789 2193; baseline 0.016 -11"><span class='ocrx_word' id='word_1_135' title='bbox 1607 2134 1693 2182; x_wconf 86' lang='lat' dir='ltr'>silium</span> <span class='ocrx_word' id='word_1_136' title='bbox 1704 2148 1789 2193; x_wconf 79' lang='lat' dir='ltr'>ponus</span> 
     </span>
    </p>
   </div>
   <div class='ocr_carea' id='block_1_4' title="bbox 141 2166 1789 5118">
    <p class='ocr_par' dir='ltr' id='par_1_4' title="bbox 149 2166 1789 3349">
     <span class='ocr_line' id='line_1_17' title="bbox 152 2166 1776 2303; baseline 0.004 -50"><span class='ocrx_word' id='word_1_137' title='bbox 152 2166 272 2257; x_wconf 78' lang='lat' dir='ltr'>mutlta</span> <span class='ocrx_word' id='word_1_138' title='bbox 286 2170 464 2285; x_wconf 87' lang='lat' dir='ltr'>variaque</span> <span class='ocrx_word' id='word_1_139' title='bbox 479 2170 585 2255; x_wconf 92' lang='lat' dir='ltr'>simul</span> <span class='ocrx_word' id='word_1_140' title='bbox 613 2169 837 2286; x_wconf 87' lang='lat' dir='ltr'>agitantem.</span> <span class='ocrx_word' id='word_1_141' title='bbox 876 2169 1038 2284; x_wconf 85' lang='lat' dir='ltr'>Quippe</span> <span class='ocrx_word' id='word_1_142' title='bbox 1047 2197 1095 2254; x_wconf 94' lang='lat' dir='ltr'>ne</span> <span class='ocrx_word' id='word_1_143' title='bbox 1110 2171 1277 2262; x_wconf 85' lang='lat' dir='ltr'>Caesaris</span> <span class='ocrx_word' id='word_1_144' title='bbox 1292 2171 1460 2256; x_wconf 89' lang='lat' dir='ltr'>animum</span> <span class='ocrx_word' id='word_1_145' title='bbox 1478 2170 1776 2303; x_wconf 41' lang='lat' dir='ltr'>offen-semema</span> 
     </span>
     <span class='ocr_line' id='line_1_18' title="bbox 153 2264 1789 2401; baseline 0.002 -26"><span class='ocrx_word' id='word_1_146' title='bbox 153 2285 286 2394; x_wconf 84' lang='lat' dir='ltr'>deret,</span> <span class='ocrx_word' id='word_1_147' title='bbox 307 2313 346 2374; x_wconf 93' lang='lat' dir='ltr'>et</span> <span class='ocrx_word' id='word_1_148' title='bbox 361 2287 566 2374; x_wconf 87' lang='lat' dir='ltr'>Cardinalis</span> <span class='ocrx_word' id='word_1_149' title='bbox 581 2288 789 2373; x_wconf 89' lang='lat' dir='ltr'>Hostiensis</span> <span class='ocrx_word' id='word_1_150' title='bbox 818 2288 1015 2373; x_wconf 86' lang='lat' dir='ltr'>amicitiam</span> <span class='ocrx_word' id='word_1_151' title='bbox 1032 2289 1137 2401; x_wconf 86' lang='lat' dir='ltr'>parvi</span> <span class='ocrx_word' id='word_1_152' title='bbox 1156 2284 1276 2374; x_wconf 85' lang='lat' dir='ltr'>facere</span> <span class='ocrx_word' id='word_1_153' title='bbox 1291 2289 1480 2376; x_wconf 88' lang='lat' dir='ltr'>videretur</span> <span class='ocrx_word' id='word_1_154' title='bbox 1494 2353 1506 2398; x_wconf 94' lang='lat'>,</span> <span class='ocrx_word' id='word_1_155' title='bbox 1519 2264 1789 2378; x_wconf 54' lang='lat' dir='ltr'>nte-litbmpillsst&#39;</span> 
     </span>
     <span class='ocr_line' id='line_1_19' title="bbox 151 2402 1597 2523; baseline 0.002 -32"><span class='ocrx_word' id='word_1_156' title='bbox 151 2408 283 2492; x_wconf 87' lang='lat' dir='ltr'>tuebat</span> <span class='ocrx_word' id='word_1_157' title='bbox 298 2468 311 2513; x_wconf 95' lang='lat'>,</span> <span class='ocrx_word' id='word_1_158' title='bbox 327 2408 357 2493; x_wconf 90' lang='lat' dir='ltr'>si</span> <span class='ocrx_word' id='word_1_159' title='bbox 370 2430 528 2523; x_wconf 90' lang='lat' dir='ltr'>uterque</span> <span class='ocrx_word' id='word_1_160' title='bbox 556 2430 664 2492; x_wconf 89' lang='lat' dir='ltr'>tanto</span> <span class='ocrx_word' id='word_1_161' title='bbox 680 2406 805 2492; x_wconf 86' lang='lat' dir='ltr'>studio</span> <span class='ocrx_word' id='word_1_162' title='bbox 823 2469 834 2513; x_wconf 92' lang='lat'>,</span> <span class='ocrx_word' id='word_1_163' title='bbox 850 2434 982 2521; x_wconf 88' lang='lat' dir='ltr'>pacem</span> <span class='ocrx_word' id='word_1_164' title='bbox 999 2402 1075 2490; x_wconf 86' lang='lat' dir='ltr'>fieti</span> <span class='ocrx_word' id='word_1_165' title='bbox 1091 2467 1103 2511; x_wconf 97' lang='lat'>,</span> <span class='ocrx_word' id='word_1_166' title='bbox 1122 2406 1172 2492; x_wconf 91' lang='lat' dir='ltr'>ab</span> <span class='ocrx_word' id='word_1_167' title='bbox 1187 2407 1268 2522; x_wconf 89' lang='lat' dir='ltr'>ipso</span> <span class='ocrx_word' id='word_1_168' title='bbox 1285 2405 1419 2493; x_wconf 88' lang='lat' dir='ltr'>frustra</span> <span class='ocrx_word' id='word_1_169' title='bbox 1440 2434 1597 2494; x_wconf 90' lang='lat' dir='ltr'>conten·</span> 
     </span>
     <span class='ocr_line' id='line_1_20' title="bbox 149 2522 1597 2630; baseline 0.004 -19"><span class='ocrx_word' id='word_1_170' title='bbox 149 2522 306 2611; x_wconf 83' lang='lat' dir='ltr'>dissent.</span> <span class='ocrx_word' id='word_1_171' title='bbox 337 2530 531 2611; x_wconf 89' lang='lat' dir='ltr'>Praeterea</span> <span class='ocrx_word' id='word_1_172' title='bbox 546 2524 760 2610; x_wconf 90' lang='lat' dir='ltr'>nuntiatum</span> <span class='ocrx_word' id='word_1_173' title='bbox 780 2548 878 2629; x_wconf 88' lang='lat' dir='ltr'>etat,</span> <span class='ocrx_word' id='word_1_174' title='bbox 896 2523 1123 2630; x_wconf 88' lang='lat' dir='ltr'>Patavinos,</span> <span class='ocrx_word' id='word_1_175' title='bbox 1149 2525 1343 2612; x_wconf 88' lang='lat' dir='ltr'>Perusinos</span> <span class='ocrx_word' id='word_1_176' title='bbox 1355 2551 1395 2612; x_wconf 92' lang='lat' dir='ltr'>et</span> <span class='ocrx_word' id='word_1_177' title='bbox 1411 2530 1597 2617; x_wconf 65' lang='lat' dir='ltr'>Mantua-</span> 
     </span>
     <span class='ocr_line' id='line_1_21' title="bbox 151 2638 1648 2756; baseline 0.007 -28"><span class='ocrx_word' id='word_1_178' title='bbox 151 2669 223 2728; x_wconf 86' lang='lat' dir='ltr'>nos</span> <span class='ocrx_word' id='word_1_179' title='bbox 250 2672 338 2729; x_wconf 91' lang='lat' dir='ltr'>cum</span> <span class='ocrx_word' id='word_1_180' title='bbox 354 2641 560 2730; x_wconf 89' lang='lat' dir='ltr'>Malatestis</span> <span class='ocrx_word' id='word_1_181' title='bbox 574 2642 771 2728; x_wconf 87' lang='lat' dir='ltr'>amicitiam</span> <span class='ocrx_word' id='word_1_182' title='bbox 799 2642 1047 2756; x_wconf 83' lang='lat' dir='ltr'>conjunxisse.</span> <span class='ocrx_word' id='word_1_183' title='bbox 1083 2638 1175 2727; x_wconf 88' lang='lat' dir='ltr'>Huc</span> <span class='ocrx_word' id='word_1_184' title='bbox 1189 2645 1391 2730; x_wconf 87' lang='lat' dir='ltr'>accedebat</span> <span class='ocrx_word' id='word_1_185' title='bbox 1414 2674 1599 2733; x_wconf 86' lang='lat' dir='ltr'>nummo·</span> <span class='ocrx_word' id='word_1_186' title='bbox 1647 2734 1648 2738; x_wconf 8' lang='grc' dir='ltr'><strong><em>Ν</em></strong></span> 
     </span>
     <span class='ocr_line' id='line_1_22' title="bbox 151 2759 1595 2876; baseline 0.006 -30"><span class='ocrx_word' id='word_1_187' title='bbox 151 2788 237 2846; x_wconf 84' lang='lat' dir='ltr'>rum</span> <span class='ocrx_word' id='word_1_188' title='bbox 252 2763 432 2876; x_wconf 89' lang='lat' dir='ltr'>penuria,</span> <span class='ocrx_word' id='word_1_189' title='bbox 448 2762 515 2876; x_wconf 93' lang='lat' dir='ltr'>qui</span> <span class='ocrx_word' id='word_1_190' title='bbox 541 2762 721 2848; x_wconf 85' lang='lat' dir='ltr'>exhausto</span> <span class='ocrx_word' id='word_1_191' title='bbox 736 2759 933 2847; x_wconf 85' lang='lat' dir='ltr'>Pontificio</span> <span class='ocrx_word' id='word_1_192' title='bbox 965 2760 1105 2846; x_wconf 88' lang='lat' dir='ltr'>aerario</span> <span class='ocrx_word' id='word_1_193' title='bbox 1133 2762 1184 2847; x_wconf 88' lang='lat' dir='ltr'>ad</span> <span class='ocrx_word' id='word_1_194' title='bbox 1208 2763 1424 2866; x_wconf 90' lang='lat' dir='ltr'>ducendum</span> <span class='ocrx_word' id='word_1_195' title='bbox 1455 2764 1595 2855; x_wconf 87' lang='lat' dir='ltr'>bellum</span> 
     </span>
     <span class='ocr_line' id='line_1_23' title="bbox 152 2878 1596 2996; baseline 0.006 -33"><span class='ocrx_word' id='word_1_196' title='bbox 152 2878 273 2964; x_wconf 92' lang='lat' dir='ltr'>minus</span> <span class='ocrx_word' id='word_1_197' title='bbox 297 2882 567 2996; x_wconf 88' lang='lat' dir='ltr'>suppetebant.</span> <span class='ocrx_word' id='word_1_198' title='bbox 602 2881 724 2972; x_wconf 92' lang='lat' dir='ltr'>Quod</span> <span class='ocrx_word' id='word_1_199' title='bbox 741 2880 769 2964; x_wconf 89' lang='lat' dir='ltr'>si</span> <span class='ocrx_word' id='word_1_200' title='bbox 785 2879 1007 2966; x_wconf 88' lang='lat' dir='ltr'>Malatestae</span> <span class='ocrx_word' id='word_1_201' title='bbox 1023 2906 1143 2994; x_wconf 88' lang='lat' dir='ltr'>aeque</span> <span class='ocrx_word' id='word_1_202' title='bbox 1156 2878 1283 2995; x_wconf 91' lang='lat' dir='ltr'>inopia</span> <span class='ocrx_word' id='word_1_203' title='bbox 1299 2880 1536 2988; x_wconf 88' lang='lat' dir='ltr'>laborarent,</span> <span class='ocrx_word' id='word_1_204' title='bbox 1554 2909 1596 2972; x_wconf 93' lang='lat' dir='ltr'>at</span> 
     </span>
     <span class='ocr_line' id='line_1_24' title="bbox 150 2995 1597 3114; baseline 0.003 -31"><span class='ocrx_word' id='word_1_205' title='bbox 150 3022 252 3083; x_wconf 88' lang='lat' dir='ltr'>cette</span> <span class='ocrx_word' id='word_1_206' title='bbox 274 2995 421 3085; x_wconf 85' lang='lat' dir='ltr'>difficile</span> <span class='ocrx_word' id='word_1_207' title='bbox 437 2996 518 3084; x_wconf 91' lang='lat' dir='ltr'>fore</span> <span class='ocrx_word' id='word_1_208' title='bbox 533 2999 729 3114; x_wconf 87' lang='lat' dir='ltr'>reputabat</span> <span class='ocrx_word' id='word_1_209' title='bbox 745 3026 959 3114; x_wconf 87' lang='lat' dir='ltr'>expugnate</span> <span class='ocrx_word' id='word_1_210' title='bbox 975 2999 1201 3103; x_wconf 85' lang='lat' dir='ltr'>Ariminum,</span> <span class='ocrx_word' id='word_1_211' title='bbox 1215 3026 1254 3084; x_wconf 92' lang='lat' dir='ltr'>et</span> <span class='ocrx_word' id='word_1_212' title='bbox 1270 3003 1470 3084; x_wconf 87' lang='lat' dir='ltr'>Anconam</span> <span class='ocrx_word' id='word_1_213' title='bbox 1486 3001 1597 3088; x_wconf 86' lang='lat' dir='ltr'>urbes</span> 
     </span>
     <span class='ocr_line' id='line_1_25' title="bbox 150 3115 1595 3236; baseline 0.003 -37"><span class='ocrx_word' id='word_1_214' title='bbox 150 3115 433 3220; x_wconf 88' lang='lat' dir='ltr'>munitissimas,</span> <span class='ocrx_word' id='word_1_215' title='bbox 451 3141 489 3202; x_wconf 88' lang='lat' dir='ltr'>et</span> <span class='ocrx_word' id='word_1_216' title='bbox 504 3117 688 3232; x_wconf 85' lang='lat' dir='ltr'>congestis</span> <span class='ocrx_word' id='word_1_217' title='bbox 716 3116 984 3202; x_wconf 89' lang='lat' dir='ltr'>commeatibus</span> <span class='ocrx_word' id='word_1_218' title='bbox 1000 3116 1235 3202; x_wconf 87' lang='lat' dir='ltr'>abundantes</span> <span class='ocrx_word' id='word_1_219' title='bbox 1251 3178 1264 3221; x_wconf 95' lang='lat'>,</span> <span class='ocrx_word' id='word_1_220' title='bbox 1278 3142 1317 3203; x_wconf 91' lang='lat' dir='ltr'>et</span> <span class='ocrx_word' id='word_1_221' title='bbox 1328 3147 1495 3232; x_wconf 90' lang='lat' dir='ltr'>quorum</span> <span class='ocrx_word' id='word_1_222' title='bbox 1525 3149 1595 3236; x_wconf 91' lang='lat' dir='ltr'>op-</span> 
     </span>
     <span class='ocr_line' id='line_1_26' title="bbox 151 3230 1596 3349; baseline 0.006 -32"><span class='ocrx_word' id='word_1_223' title='bbox 151 3233 309 3346; x_wconf 90' lang='lat' dir='ltr'>pidanos</span> <span class='ocrx_word' id='word_1_224' title='bbox 333 3235 498 3347; x_wconf 89' lang='lat' dir='ltr'>tyrannis</span> <span class='ocrx_word' id='word_1_225' title='bbox 514 3234 705 3320; x_wconf 90' lang='lat' dir='ltr'>studentes</span> <span class='ocrx_word' id='word_1_226' title='bbox 722 3296 735 3340; x_wconf 91' lang='lat'>,</span> <span class='ocrx_word' id='word_1_227' title='bbox 751 3263 839 3319; x_wconf 93' lang='lat' dir='ltr'>cum</span> <span class='ocrx_word' id='word_1_228' title='bbox 865 3234 932 3349; x_wconf 91' lang='lat' dir='ltr'>ipsi</span> <span class='ocrx_word' id='word_1_229' title='bbox 947 3233 1206 3320; x_wconf 88' lang='lat' dir='ltr'>ecclesiasticae</span> <span class='ocrx_word' id='word_1_230' title='bbox 1222 3230 1390 3321; x_wconf 88' lang='lat' dir='ltr'>factionis</span> <span class='ocrx_word' id='word_1_231' title='bbox 1423 3236 1596 3326; x_wconf 87' lang='lat' dir='ltr'>homines</span> 
     </span>
    </p>

    <p class='ocr_par' dir='ltr' id='par_1_5' title="bbox 142 3351 1595 4656">
     <span class='ocr_line' id='line_1_27' title="bbox 150 3351 1595 3468; baseline 0.004 -33"><span class='ocrx_word' id='word_1_232' title='bbox 150 3378 173 3435; x_wconf 92' lang='lat' dir='ltr'>e</span> <span class='ocrx_word' id='word_1_233' title='bbox 200 3351 354 3466; x_wconf 87' lang='lat' dir='ltr'>propriis</span> <span class='ocrx_word' id='word_1_234' title='bbox 370 3352 516 3439; x_wconf 85' lang='lat' dir='ltr'>sedibus</span> <span class='ocrx_word' id='word_1_235' title='bbox 548 3351 794 3468; x_wconf 84' lang='lat' dir='ltr'>expulissent,</span> <span class='ocrx_word' id='word_1_236' title='bbox 810 3353 898 3438; x_wconf 88' lang='lat' dir='ltr'>totis</span> <span class='ocrx_word' id='word_1_237' title='bbox 923 3353 1060 3438; x_wconf 89' lang='lat' dir='ltr'>vitibus</span> <span class='ocrx_word' id='word_1_238' title='bbox 1074 3353 1301 3468; x_wconf 88' lang='lat' dir='ltr'>privatisque</span> <span class='ocrx_word' id='word_1_239' title='bbox 1325 3354 1463 3468; x_wconf 90' lang='lat' dir='ltr'>opibus</span> <span class='ocrx_word' id='word_1_240' title='bbox 1488 3355 1595 3441; x_wconf 88' lang='lat' dir='ltr'>resti-</span> 
     </span>
     <span class='ocr_line' id='line_1_28' title="bbox 149 3469 1594 3587; baseline 0.004 -33"><span class='ocrx_word' id='word_1_241' title='bbox 149 3491 279 3578; x_wconf 86' lang='lat' dir='ltr'>tutos,</span> <span class='ocrx_word' id='word_1_242' title='bbox 294 3500 375 3555; x_wconf 92' lang='lat' dir='ltr'>non</span> <span class='ocrx_word' id='word_1_243' title='bbox 399 3495 479 3557; x_wconf 90' lang='lat' dir='ltr'>erat</span> <span class='ocrx_word' id='word_1_244' title='bbox 495 3470 697 3558; x_wconf 90' lang='lat' dir='ltr'>dubitabile</span> <span class='ocrx_word' id='word_1_245' title='bbox 715 3533 727 3577; x_wconf 91' lang='lat'>,</span> <span class='ocrx_word' id='word_1_246' title='bbox 743 3495 951 3556; x_wconf 87' lang='lat' dir='ltr'>metuentes</span> <span class='ocrx_word' id='word_1_247' title='bbox 982 3469 1116 3556; x_wconf 90' lang='lat' dir='ltr'>scilicet</span> <span class='ocrx_word' id='word_1_248' title='bbox 1148 3472 1320 3587; x_wconf 89' lang='lat' dir='ltr'>possead</span> <span class='ocrx_word' id='word_1_249' title='bbox 1348 3472 1447 3587; x_wconf 90' lang='lat' dir='ltr'>ipsos</span> <span class='ocrx_word' id='word_1_250' title='bbox 1479 3473 1594 3561; x_wconf 90' lang='lat' dir='ltr'>simile</span> 
     </span>
     <span class='ocr_line' id='line_1_29' title="bbox 150 3587 1592 3707; baseline 0.006 -39"><span class='ocrx_word' id='word_1_251' title='bbox 150 3587 290 3676; x_wconf 88' lang='lat' dir='ltr'>malum</span> <span class='ocrx_word' id='word_1_252' title='bbox 305 3588 480 3676; x_wconf 88' lang='lat' dir='ltr'>recidere.</span> <span class='ocrx_word' id='word_1_253' title='bbox 507 3595 592 3674; x_wconf 92' lang='lat' dir='ltr'>Nec</span> <span class='ocrx_word' id='word_1_254' title='bbox 610 3616 745 3706; x_wconf 85' lang='lat' dir='ltr'>parum</span> <span class='ocrx_word' id='word_1_255' title='bbox 759 3592 940 3675; x_wconf 88' lang='lat' dir='ltr'>movebat</span> <span class='ocrx_word' id='word_1_256' title='bbox 955 3649 967 3694; x_wconf 97' lang='lat'>,</span> <span class='ocrx_word' id='word_1_257' title='bbox 983 3589 1091 3703; x_wconf 92' lang='lat' dir='ltr'>quod</span> <span class='ocrx_word' id='word_1_258' title='bbox 1106 3615 1248 3675; x_wconf 91' lang='lat' dir='ltr'>ceteros</span> <span class='ocrx_word' id='word_1_259' title='bbox 1274 3614 1457 3704; x_wconf 88' lang='lat' dir='ltr'>tyrannos</span> <span class='ocrx_word' id='word_1_260' title='bbox 1474 3592 1592 3707; x_wconf 88' lang='lat' dir='ltr'>,qui,</span> 
     </span>
     <span class='ocr_line' id='line_1_30' title="bbox 148 3703 1593 3826; baseline 0.006 -39"><span class='ocrx_word' id='word_1_261' title='bbox 148 3703 288 3793; x_wconf 90' lang='lat' dir='ltr'>collatis</span> <span class='ocrx_word' id='word_1_262' title='bbox 300 3737 387 3794; x_wconf 90' lang='lat' dir='ltr'>cum</span> <span class='ocrx_word' id='word_1_263' title='bbox 404 3707 1049 3814; x_wconf 86' lang='lat' dir='ltr'>Malatestisvitibus,adsum1nam</span> <span class='ocrx_word' id='word_1_264' title='bbox 1066 3706 1149 3791; x_wconf 89' lang='lat' dir='ltr'>belli</span> <span class='ocrx_word' id='word_1_265' title='bbox 1166 3737 1247 3792; x_wconf 89' lang='lat' dir='ltr'>non</span> <span class='ocrx_word' id='word_1_266' title='bbox 1264 3709 1370 3826; x_wconf 88' lang='lat' dir='ltr'>parvi</span> <span class='ocrx_word' id='word_1_267' title='bbox 1381 3734 1497 3795; x_wconf 87' lang='lat' dir='ltr'>erant</span> <span class='ocrx_word' id='word_1_268' title='bbox 1511 3741 1593 3797; x_wconf 91' lang='lat' dir='ltr'>mo·</span> 
     </span>
     <span class='ocr_line' id='line_1_31' title="bbox 147 3821 1595 3944; baseline 0.003 -37"><span class='ocrx_word' id='word_1_269' title='bbox 147 3825 290 3932; x_wconf 90' lang='lat' dir='ltr'>menti,</span> <span class='ocrx_word' id='word_1_270' title='bbox 307 3827 445 3914; x_wconf 87' lang='lat' dir='ltr'>horum</span> <span class='ocrx_word' id='word_1_271' title='bbox 462 3828 597 3942; x_wconf 89' lang='lat' dir='ltr'>opibus</span> <span class='ocrx_word' id='word_1_272' title='bbox 613 3827 807 3913; x_wconf 89' lang='lat' dir='ltr'>destitutos</span> <span class='ocrx_word' id='word_1_273' title='bbox 835 3825 1000 3938; x_wconf 85' lang='lat' dir='ltr'>infirmos</span> <span class='ocrx_word' id='word_1_274' title='bbox 1024 3821 1104 3910; x_wconf 85' lang='lat' dir='ltr'>fore</span> <span class='ocrx_word' id='word_1_275' title='bbox 1121 3887 1133 3930; x_wconf 97' lang='lat'>,</span> <span class='ocrx_word' id='word_1_276' title='bbox 1151 3853 1294 3912; x_wconf 91' lang='lat' dir='ltr'>certum</span> <span class='ocrx_word' id='word_1_277' title='bbox 1310 3852 1410 3912; x_wconf 91' lang='lat' dir='ltr'>erat.</span> <span class='ocrx_word' id='word_1_278' title='bbox 1441 3827 1512 3913; x_wconf 93' lang='lat' dir='ltr'>His</span> <span class='ocrx_word' id='word_1_279' title='bbox 1527 3828 1595 3944; x_wconf 85' lang='lat' dir='ltr'>igi-</span> 
     </span>
     <span class='ocr_line' id='line_1_32' title="bbox 148 3944 1593 4063; baseline 0.003 -36"><span class='ocrx_word' id='word_1_280' title='bbox 148 3961 212 4027; x_wconf 92' lang='lat' dir='ltr'>tur</span> <span class='ocrx_word' id='word_1_281' title='bbox 244 3974 462 4060; x_wconf 86' lang='lat' dir='ltr'>persuasus,</span> <span class='ocrx_word' id='word_1_282' title='bbox 478 3944 661 4062; x_wconf 88' lang='lat' dir='ltr'>simulque</span> <span class='ocrx_word' id='word_1_283' title='bbox 692 3975 742 4031; x_wconf 92' lang='lat' dir='ltr'>ne</span> <span class='ocrx_word' id='word_1_284' title='bbox 757 3945 867 4032; x_wconf 88' lang='lat' dir='ltr'>tantis</span> <span class='ocrx_word' id='word_1_285' title='bbox 883 3944 1050 4060; x_wconf 85' lang='lat' dir='ltr'>precbus</span> <span class='ocrx_word' id='word_1_286' title='bbox 1075 3973 1156 4029; x_wconf 89' lang='lat' dir='ltr'>rem</span> <span class='ocrx_word' id='word_1_287' title='bbox 1183 3946 1379 4032; x_wconf 90' lang='lat' dir='ltr'>honestam</span> <span class='ocrx_word' id='word_1_288' title='bbox 1406 3946 1593 4063; x_wconf 90' lang='lat' dir='ltr'>denegare</span> 
     </span>
     <span class='ocr_line' id='line_1_33' title="bbox 147 4059 1592 4182; baseline 0.003 -36"><span class='ocrx_word' id='word_1_289' title='bbox 147 4059 360 4170; x_wconf 87' lang='lat' dir='ltr'>videretur,</span> <span class='ocrx_word' id='word_1_290' title='bbox 376 4093 507 4182; x_wconf 91' lang='lat' dir='ltr'>pacem</span> <span class='ocrx_word' id='word_1_291' title='bbox 536 4093 623 4150; x_wconf 91' lang='lat' dir='ltr'>cum</span> <span class='ocrx_word' id='word_1_292' title='bbox 641 4065 847 4149; x_wconf 87' lang='lat' dir='ltr'>Malatestis</span> <span class='ocrx_word' id='word_1_293' title='bbox 858 4061 1065 4148; x_wconf 88' lang='lat' dir='ltr'>faciendam</span> <span class='ocrx_word' id='word_1_294' title='bbox 1077 4062 1228 4149; x_wconf 85' lang='lat' dir='ltr'>statuit.</span> <span class='ocrx_word' id='word_1_295' title='bbox 1253 4064 1332 4149; x_wconf 82' lang='lat' dir='ltr'>Sed</span> <span class='ocrx_word' id='word_1_296' title='bbox 1343 4063 1525 4178; x_wconf 88' lang='lat' dir='ltr'>quoniam</span> <span class='ocrx_word' id='word_1_297' title='bbox 1542 4064 1592 4151; x_wconf 90' lang='lat' dir='ltr'>de</span> 
     </span>
     <span class='ocr_line' id='line_1_34' title="bbox 144 4178 1591 4297; baseline 0.003 -34"><span class='ocrx_word' id='word_1_298' title='bbox 144 4203 190 4263; x_wconf 88' lang='lat' dir='ltr'>ea</span> <span class='ocrx_word' id='word_1_299' title='bbox 214 4209 255 4266; x_wconf 87' lang='lat' dir='ltr'>re</span> <span class='ocrx_word' id='word_1_300' title='bbox 283 4181 534 4269; x_wconf 91' lang='lat' dir='ltr'>consulendus</span> <span class='ocrx_word' id='word_1_301' title='bbox 564 4207 644 4268; x_wconf 91' lang='lat' dir='ltr'>etat</span> <span class='ocrx_word' id='word_1_302' title='bbox 657 4179 828 4268; x_wconf 83' lang='lat' dir='ltr'>Pontifex</span> <span class='ocrx_word' id='word_1_303' title='bbox 842 4242 855 4288; x_wconf 93' lang='lat'>,</span> <span class='ocrx_word' id='word_1_304' title='bbox 870 4210 1104 4297; x_wconf 85' lang='lat' dir='ltr'>quamquam</span> <span class='ocrx_word' id='word_1_305' title='bbox 1133 4209 1210 4267; x_wconf 88' lang='lat' dir='ltr'>ase</span> <span class='ocrx_word' id='word_1_306' title='bbox 1238 4178 1483 4266; x_wconf 89' lang='lat' dir='ltr'>dissensutum</span> <span class='ocrx_word' id='word_1_307' title='bbox 1509 4208 1591 4268; x_wconf 93' lang='lat' dir='ltr'>non</span> 
     </span>
     <span class='ocr_line' id='line_1_35' title="bbox 142 4298 1590 4419; baseline 0.002 -35"><span class='ocrx_word' id='word_1_308' title='bbox 142 4298 369 4409; x_wconf 89' lang='lat' dir='ltr'>verebatur,</span> <span class='ocrx_word' id='word_1_309' title='bbox 384 4300 548 4388; x_wconf 86' lang='lat' dir='ltr'>duorum</span> <span class='ocrx_word' id='word_1_310' title='bbox 566 4301 748 4388; x_wconf 90' lang='lat' dir='ltr'>mensium</span> <span class='ocrx_word' id='word_1_311' title='bbox 760 4301 934 4386; x_wconf 89' lang='lat' dir='ltr'>concedit</span> <span class='ocrx_word' id='word_1_312' title='bbox 952 4298 1127 4388; x_wconf 90' lang='lat' dir='ltr'>inducias.</span> <span class='ocrx_word' id='word_1_313' title='bbox 1160 4301 1335 4396; x_wconf 84' lang='lat' dir='ltr'>Quarum</span> <span class='ocrx_word' id='word_1_314' title='bbox 1351 4301 1480 4386; x_wconf 85' lang='lat' dir='ltr'>tertius</span> <span class='ocrx_word' id='word_1_315' title='bbox 1496 4329 1590 4419; x_wconf 89' lang='lat' dir='ltr'>age.-</span> 
     </span>
     <span class='ocr_line' id='line_1_36' title="bbox 142 4413 1590 4536; baseline 0.003 -35"><span class='ocrx_word' id='word_1_316' title='bbox 142 4413 257 4501; x_wconf 90' lang='lat' dir='ltr'>batut</span> <span class='ocrx_word' id='word_1_317' title='bbox 277 4420 352 4506; x_wconf 91' lang='lat' dir='ltr'>dies</span> <span class='ocrx_word' id='word_1_318' title='bbox 365 4483 378 4527; x_wconf 95' lang='lat'>,</span> <span class='ocrx_word' id='word_1_319' title='bbox 392 4451 481 4508; x_wconf 93' lang='lat' dir='ltr'>cum</span> <span class='ocrx_word' id='word_1_320' title='bbox 497 4450 521 4505; x_wconf 93' lang='lat' dir='ltr'>a</span> <span class='ocrx_word' id='word_1_321' title='bbox 536 4418 717 4507; x_wconf 86' lang='lat' dir='ltr'>Pontifice</span> <span class='ocrx_word' id='word_1_322' title='bbox 747 4449 829 4505; x_wconf 93' lang='lat' dir='ltr'>non</span> <span class='ocrx_word' id='word_1_323' title='bbox 856 4419 990 4507; x_wconf 85' lang='lat' dir='ltr'>alienas</span> <span class='ocrx_word' id='word_1_324' title='bbox 1022 4416 1259 4518; x_wconf 81' lang='lat' dir='ltr'>avoluntate</span> <span class='ocrx_word' id='word_1_325' title='bbox 1276 4418 1423 4536; x_wconf 85' lang='lat' dir='ltr'>Aegidii</span> <span class='ocrx_word' id='word_1_326' title='bbox 1453 4418 1590 4507; x_wconf 90' lang='lat' dir='ltr'>litteras</span> 
     </span>
     <span class='ocr_line' id='line_1_37' title="bbox 142 4532 1559 4656; baseline 0.004 -39"><span class='ocrx_word' id='word_1_327' title='bbox 142 4532 275 4620; x_wconf 84' lang='lat' dir='ltr'>Petrus</span> <span class='ocrx_word' id='word_1_328' title='bbox 288 4539 493 4656; x_wconf 85' lang='lat' dir='ltr'>Episcopus</span> <span class='ocrx_word' id='word_1_329' title='bbox 508 4539 786 4625; x_wconf 86' lang='lat' dir='ltr'>Turiasonensis</span> <span class='ocrx_word' id='word_1_330' title='bbox 812 4535 957 4624; x_wconf 87' lang='lat' dir='ltr'>defert:</span> <span class='ocrx_word' id='word_1_331' title='bbox 974 4567 1136 4653; x_wconf 86' lang='lat' dir='ltr'>quatum</span> <span class='ocrx_word' id='word_1_332' title='bbox 1155 4538 1229 4624; x_wconf 93' lang='lat' dir='ltr'>hoc</span> <span class='ocrx_word' id='word_1_333' title='bbox 1245 4535 1318 4622; x_wconf 82' lang='lat' dir='ltr'>fuic</span> <span class='ocrx_word' id='word_1_334' title='bbox 1334 4535 1559 4652; x_wconf 84' lang='lat' dir='ltr'>exemplum.</span> 
     </span>
    </p>

    <p class='ocr_par' dir='ltr' id='par_1_6' title="bbox 141 4653 1778 5017">
     <span class='ocr_line' id='line_1_38' title="bbox 188 4653 1778 4773; baseline -0.001 -36"><span class='ocrx_word' id='word_1_335' title='bbox 188 4653 295 4739; x_wconf 88' lang='lat' dir='ltr'>XIX.</span> <span class='ocrx_word' id='word_1_336' title='bbox 346 4716 374 4761; x_wconf 95' lang='lat'>„</span> <span class='ocrx_word' id='word_1_337' title='bbox 388 4661 431 4739; x_wconf 92' lang='lat' dir='ltr'>ln</span> <span class='ocrx_word' id='word_1_338' title='bbox 446 4687 530 4742; x_wconf 87' lang='lat' dir='ltr'>eam</span> <span class='ocrx_word' id='word_1_339' title='bbox 550 4689 678 4744; x_wconf 91' lang='lat' dir='ltr'>sumus</span> <span class='ocrx_word' id='word_1_340' title='bbox 692 4658 857 4773; x_wconf 89' lang='lat' dir='ltr'>inopiam</span> <span class='ocrx_word' id='word_1_341' title='bbox 872 4657 1037 4762; x_wconf 89' lang='lat' dir='ltr'>redacti,</span> <span class='ocrx_word' id='word_1_342' title='bbox 1057 4656 1232 4773; x_wconf 88' lang='lat' dir='ltr'>adeoque</span> <span class='ocrx_word' id='word_1_343' title='bbox 1254 4656 1436 4743; x_wconf 87' lang='lat' dir='ltr'>aerarium</span> <span class='ocrx_word' id='word_1_344' title='bbox 1450 4655 1589 4742; x_wconf 85' lang='lat' dir='ltr'>exhau·</span> <span class='ocrx_word' id='word_1_345' title='bbox 1637 4683 1778 4758; x_wconf 65' lang='lat' dir='ltr'>nements.</span> 
     </span>
     <span class='ocr_line' id='line_1_39' title="bbox 141 4745 1778 4891; baseline 0.001 -34"><span class='ocrx_word' id='word_1_346' title='bbox 141 4795 281 4874; x_wconf 88' lang='lat' dir='ltr'>„stum</span> <span class='ocrx_word' id='word_1_347' title='bbox 296 4799 376 4880; x_wconf 90' lang='lat' dir='ltr'>est,</span> <span class='ocrx_word' id='word_1_348' title='bbox 392 4798 438 4858; x_wconf 93' lang='lat' dir='ltr'>ut</span> <span class='ocrx_word' id='word_1_349' title='bbox 453 4775 604 4860; x_wconf 89' lang='lat' dir='ltr'>minime</span> <span class='ocrx_word' id='word_1_350' title='bbox 619 4776 797 4863; x_wconf 90' lang='lat' dir='ltr'>ducendo</span> <span class='ocrx_word' id='word_1_351' title='bbox 813 4775 913 4861; x_wconf 90' lang='lat' dir='ltr'>bello</span> <span class='ocrx_word' id='word_1_352' title='bbox 927 4772 1150 4863; x_wconf 80' lang='lat' dir='ltr'>sufficiamus</span> <span class='ocrx_word' id='word_1_353' title='bbox 1160 4806 1169 4878; x_wconf 85' lang='grc'><strong>;</strong></span> <span class='ocrx_word' id='word_1_354' title='bbox 1179 4774 1272 4891; x_wconf 88' lang='lat' dir='ltr'>quin</span> <span class='ocrx_word' id='word_1_355' title='bbox 1287 4774 1400 4864; x_wconf 64' lang='lat' dir='ltr'>‚etiam</span> <span class='ocrx_word' id='word_1_356' title='bbox 1416 4836 1429 4880; x_wconf 91' lang='lat'>,</span> <span class='ocrx_word' id='word_1_357' title='bbox 1445 4800 1489 4876; x_wconf 85' lang='lat' dir='ltr'>ut</span> <span class='ocrx_word' id='word_1_358' title='bbox 1508 4745 1778 4866; x_wconf 57' lang='lat' dir='ltr'>tamlld‘lpllss</span> 
     </span>
     <span class='ocr_line' id='line_1_40' title="bbox 143 4868 1630 5017; baseline 0.001 -41"><span class='ocrx_word' id='word_1_359' title='bbox 143 4944 169 4995; x_wconf 85' lang='lat'>‚,</span> <span class='ocrx_word' id='word_1_360' title='bbox 183 4888 247 4978; x_wconf 86' lang='lat' dir='ltr'>diu</span> <span class='ocrx_word' id='word_1_361' title='bbox 281 4888 563 4999; x_wconf 83' lang='lat' dir='ltr'>suffecerimus,</span> <span class='ocrx_word' id='word_1_362' title='bbox 585 4920 675 4984; x_wconf 90' lang='lat' dir='ltr'>tuac</span> <span class='ocrx_word' id='word_1_363' title='bbox 701 4922 839 5012; x_wconf 85' lang='lat' dir='ltr'>magna</span> <span class='ocrx_word' id='word_1_364' title='bbox 869 4924 916 5017; x_wconf 81' lang='lat' dir='ltr'>ex</span> <span class='ocrx_word' id='word_1_365' title='bbox 946 4919 1051 5013; x_wconf 88' lang='lat' dir='ltr'>parte</span> <span class='ocrx_word' id='word_1_366' title='bbox 1084 4893 1305 5010; x_wconf 84' lang='lat' dir='ltr'>prudentiae</span> <span class='ocrx_word' id='word_1_367' title='bbox 1330 4918 1446 5014; x_wconf 90' lang='lat' dir='ltr'>atque</span> <span class='ocrx_word' id='word_1_368' title='bbox 1470 4868 1630 4979; x_wconf 70' lang='lat' dir='ltr'>indu-¹²⁹</span> 
     </span>
    </p>

    <p class='ocr_par' dir='ltr' id='par_1_7' title="bbox 1005 5011 1590 5118">
     <span class='ocr_line' id='line_1_41' title="bbox 1005 5011 1590 5118; baseline 0 -19"><span class='ocrx_word' id='word_1_369' title='bbox 1005 5019 1074 5100; x_wconf 80' lang='lat' dir='ltr'>Fa</span> <span class='ocrx_word' id='word_1_370' title='bbox 1440 5011 1590 5118; x_wconf 84' lang='lat' dir='ltr'>„striae</span> 
     </span>
    </p>
   </div>
   <div class='ocr_carea' id='block_1_5' title="bbox 0 0 2100 5880">
    <p class='ocr_par' dir='ltr' id='par_1_8' title="bbox 0 0 2100 5880">
     <span class='ocr_line' id='line_1_42' title="bbox 0 0 2100 5880; baseline 0 7"><span class='ocrx_word' id='word_1_371' title='bbox 0 0 2100 5880; x_wconf 95' lang='lat' dir='ltr'> </span> 
     </span>
    </p>
   </div>
  </div>
 </body>
</html>
