4140 5872
408 403 479 500 138
602 397 831 498 ronuta.
872 396 1153 471 ernusti
1191 389 1600 472 sarurvnoaa

387 524 664 666 magnificentia
680 523 924 612 multitudinis
945 525 1076 612 raritas
1090 524 1331 614 conciliatur
1321 557 1519 644 ,quarum
1535 527 1725 616 virtutum
1736 558 1846 646 prae

307 746 312 755 ,
386 647 499 765 ceptis
515 647 613 765 pleni
637 668 722 732 sunt
741 643 1054 780 philosophorum
1067 620 1174 732 libri.

445 773 489 852 ll
550 766 624 852 Sed
649 763 755 850 hoe
746 795 787 848 tn
814 792 950 882 genere
978 766 1194 852 cavendum
1216 763 1366 882 regibus
1392 790 1477 871 est,
1511 795 1559 853 ne
1575 764 1841 902 largitionibus

387 886 546 972 maxime
569 882 754 1000 perpetuis
779 881 1046 1018 rempublicam
1068 910 1298 988 extenuent3
1324 909 1363 970 et
1389 828 1538 1000 publica
1564 885 1745 1023 regiaque
1767 919 1837 976 ve·

209 1056 315 1127 Ψ,,
250 1054 366 1114 ,ΨΜ,
386 1005 482 1122 etig
472 1004 530 1089 lia
555 1030 785 1141 magnopere
802 1001 992 1091 minuant.
1016 1008 1129 1090 Posse
1144 1004 1245 1091 enim
1261 1002 1475 1090 liberalitate
1496 1002 1581 1109 uti,
1599 1029 1642 1091 ut
1660 1004 1730 1092 viti
1746 1038 1838 1122 pru·

192 1116 375 1229 ἕξιςὲξΨὲξ
390 1122 589 1209 dentissimi
610 1121 873 1228 tradiderunt,
889 1152 968 1206 non
994 1120 1229 1258 spoliantem
1244 1152 1282 1207 se
1307 1122 1563 1237 patrimoni0,
1585 1122 1763 1210 nimirum
1780 1153 1839 1214 est

388 1243 569 1357 pecuniae
596 1238 737 1326 fructus
761 1241 972 1343 maximus3
1000 1239 1106 1353 cujus
1132 1240 1315 1328 cautionis
1330 1240 1486 1326 Henrici
1503 1242 1614 1347 duo,
1646 1246 1837 1332 secundus

387 1386 426 1446 et
448 1387 633 1478 quartus,
652 1360 896 1474 Joannesque
917 1360 1100 1446 secundus
1118 1389 1226 1496 reges
1243 1358 1361 1445 nostri
1383 1361 1649 1467 immemores,
1666 1362 1839 1449 alienan

388 1479 443 1565 do
469 1510 535 1595 per
552 1477 775 1565 donationes
800 1476 905 1594 tegio
929 1478 1155 1592 patrimonio
1179 1479 1381 1609 plurimum
1390 1477 1591 1615 Hispanae
1612 1480 1842 1596 reipublicae

303 1695 305 1699 ,
388 1621 427 1682 et
449 1597 653 1711 posteritati
678 1623 920 1682 nocuerunt.
951 1603 1085 1713 ltaque
1100 1628 1180 1684 non
1205 1622 1346 1683 temere
1363 1597 1431 1682 viri
1461 1597 1639 1712 sapientes
1666 1598 1840 1734 largitio-

387 1715 525 1822 nibus,
546 1747 641 1833 quas
660 1714 888 1828 corruptelas
903 1715 1138 1830 appellarunt
1159 1778 1172 1822 ,
1194 1717 1374 1800 sermonis
1400 1715 1688 1802 affabilitatem
1679 1747 1717 1801 ιιι
1740 1747 1841 1836 tege

386 1834 672 1947 praetulerunt,
698 1861 800 1948 quae
824 1832 957 1918 scilicet
980 1835 1206 1951 gravitatem
1238 1834 1456 1950 regiamque
1484 1834 1712 1945 majestatem
1746 1838 1842 1922 reti·-

387 1977 476 2038 neat
493 1955 543 2039 ad
570 1949 814 2036 multitudinis
835 1950 980 2036 animos
1006 1951 1280 2038 conciliandos
1312 1954 1404 2045 Qua
1422 1952 1470 2037 de
1488 1981 1528 2036 re
1543 1949 1702 2065 Philippi
1717 1954 1766 2040 ad
1785 1959 1839 2042 A·

387 2067 634 2172 lexandtum,
652 2067 837 2182 Antipatri
852 2071 903 2155 ad
917 2071 1171 2157 Cassandrum
1187 2131 1200 2175 ‚
1216 2069 1400 2187 Antigoni
1424 2071 1478 2156 ad
1490 2070 1716 2186 Philippum
1720 2071 1840 2158 trium

386 2186 760 2302 prudentissimorum
789 2216 922 2303 regum
951 2187 1128 2303 epistolae
1157 2213 1415 2273 memorantur
1431 2187 1656 2302 ,quibus
1623 2219 1675 2274 ers
1691 2190 1847 2301 praeci-

388 2305 524 2418 piunt,
541 2331 584 2390 ut
599 2304 769 2390 oratione
793 2305 955 2422 benigna
972 2305 1218 2392 multitudinis
1229 2305 1381 2391 animos
1395 2251 1446 2390 ad
1462 2306 1766 2393 benevolentiam
1783 2305 1843 2393 al·

194 2442 286 2504 carrio
258 2455 374 2553 qgtpgn
389 2423 512 2509 liciant
528 2486 540 2530 ,
557 2423 766 2538 militesque
783 2422 925 2510 blando
954 2452 1128 2510 sermone
1156 2423 1382 2540 appellantes
1415 2424 1618 2510 deliniant.
1651 2427 1841 2518 Quorum

196 2517 252 2556 ‘⁵³³
249 2518 289 2554 a
388 2542 578 2656 Philippus
594 2540 851 2626 Alexandrum
867 2539 983 2626 filium
1008 2571 1183 2628 aceusam
1199 2605 1212 2648 ,
1228 2540 1337 2657 quod
1359 2540 1554 2658 largitione
1570 2543 1840 2630 Macedonum

352 2658 692 2745 benevolentiam
720 2682 1018 2746 consectaretur:
1052 2663 1164 2770 ,Quae
1178 2675 1216 2744 te
1235 2659 1595 2775 ,matum‚1nquit‚
1626 2668 1842 2750 ratiotnz'-
1871 2664 1876 2674 “

388 2793 488 2861 stom
511 2788 614 2887 spem
643 2781 819 2883 induxit,
837 2794 878 2861 ut
895 2807 956 2863 eos
975 2782 1047 2863 tibi
1060 2777 1197 2879 fideles
1222 2793 1384 2886 putares
1405 2777 1529 2883 fore,
1554 2804 1644 2885 quos
1668 2788 1838 2886 pecunia

390 2905 653 3006 corrupisses?
681 2921 729 2978 an
753 2911 794 2978 tu
810 2900 855 2977 id
870 2904 958 3005 ogis
974 2955 989 3004 ,
1005 2914 1046 2981 ot
1064 2899 1318 3000 Macedones,
1335 2923 1402 2981 noo
1418 2911 1455 2978 te
1478 2922 1601 3004 regem
1617 2923 1722 2979 suum
1738 2955 1753 3002 ,
1770 2899 1845 2985 sed.

391 3019 715 3098 administrasset
737 3017 989 3121 praebitorem
1013 3025 1177 3124 potent>
1203 3039 1273 3120 quo
1288 3018 1383 3120 quid
1406 3018 1597 3097 sordidius
1625 3022 1730 3122 regi?

195 3178 272 3231 ΨΨ
304 3191 343 3229 ,Ψ
469 3136 532 3216 Ill.
607 3135 787 3215 Ceterum
816 3130 917 3216 aliud
947 3157 1003 3217 est
1034 3132 1231 3249 largitione
1261 3129 1501 3245 popularium
1531 3130 1844 3218 benevolentiam

196 3252 349 3349 Ξᾞξωξζω,
395 3273 600 3336 consectari
590 3248 753 3383 ,quod
782 3272 837 3334 est
857 3276 947 3365 tege
972 3248 1201 3365 indignum·
1194 3309 1205 3352 ,
1228 3246 1329 3333 aliud
1354 3248 1583 3384 egregiam
1560 3247 1736 3337 virtutem
1752 3279 1842 3336 me-

196 3372 306 3413 WPP
298 3361 366 3412 ’Μ
398 3366 474 3453 ritis
499 3366 668 3503 praemiis
694 3396 775 3450 non
790 3362 962 3451 fraudare
979 3425 991 3471 ,
1010 3366 1120 3481 quod
1134 3390 1190 3452 est
1207 3362 1375 3451 officium
1391 3367 1487 3483 regis
1501 3429 1516 3472 ‚
1531 3368 1768 3504 pertinetque
1786 3368 1842 3456 ad

183 3501 187 3507 '
287 3575 288 3579 p
396 3484 600 3599 justitiam,
622 3482 739 3600 magis
755 3483 896 3590 etiam,
919 3513 1037 3599 quam
1065 3485 1117 3570 ad
1133 3483 1386 3570 liberalitatem
1404 3515 1532 3600 ,quae
1555 3486 1621 3572 nisi
1651 3487 1717 3574 fiat
1744 3516 1840 3575 eum

397 3605 574 3710 delectu,
590 3628 629 3688 et
643 3601 971 3737 quemadmodum
996 3628 1176 3718 oportet,
1193 3599 1415 3688 liberalitatis
1432 3633 1576 3689 nomen
1591 3604 1746 3692 amittit.
1773 3605 1843 3694 Ad

395 3751 513 3836 quam
538 3749 740 3838 utramque
765 3720 941 3809 virtutem
966 3719 1162 3807 referenda
1189 3744 1244 3806 est
1272 3720 1333 3804 illa
1348 3719 1425 3806 Titi
1441 3723 1660 3837 Vespasiani
1675 3730 1843 3838 Impera·

394 3842 484 3933 toris
509 3873 533 3926 a
557 3840 682 3928 multis
699 3839 851 3925 laudata
874 3839 1054 3925 sententia
1070 3837 1167 3955 ,qui
1196 3864 1373 3954 oportere
1398 3867 1446 3924 ne
1473 3840 1592 3949 abar,
1625 3868 1844 3951 quemquam

198 3983 378 4093 papanem
393 3985 418 4041 o
450 3975 613 4044 sermone
630 3966 824 4075 principis
849 3965 999 4042 tristem
1032 3961 1250 4042 discedere.
1289 3959 1381 4045 Ut
1371 3869 1592 4044 illud
1490 3990 1544 4076 qu
1599 3991 1649 4048 ue
1681 3959 1843 4094 justitiae

199 4116 251 4154 tem
215 4057 377 4156 Mbiiiif
394 4101 450 4162 est
480 4104 519 4164 et
548 4077 817 4182 humanitatis,
837 4102 882 4162 ut
913 4104 952 4160 se
979 4075 1071 4162 aditi
1100 4105 1165 4164 rex
1192 4076 1299 4163 certis
1327 3991 1689 4216 temporibusoiacite
1716 4078 1846 4194 patia-

391 4219 482 4302 tur,
499 4222 538 4282 et
561 4225 617 4280 sur
607 4194 890 4283 conveniendi
910 4218 1134 4331 potestatem
1166 4189 1304 4300 faciat3
1340 4225 1389 4282 ne
1416 4197 1581 4306 miseris,
1594 4225 1634 4286 et
1649 4197 1842 4314 potentio

392 4342 479 4398 rum
504 4313 672 4423 injurtam
705 4315 814 4426 passis
831 4377 843 4420 ,
859 4314 926 4430 qui
949 4313 988 4398 in
1017 4312 1229 4428 praesidum
1253 4313 1408 4402 fortasse
1437 4315 1693 4452 negligentia,
1710 4317 1774 4404 vel
1790 4318 1846 4404 ob

393 4430 482 4516 alias
498 4430 714 4517 necessarias
743 4460 871 4517 causas
897 4432 993 4548 regis
1009 4428 1177 4518 officium
1193 4433 1435 4569 imploratum
1453 4434 1627 4552 longo
1590 4461 1720 4521 ttinere
1733 4434 1848 4521 etla-

393 4549 490 4635 bore
504 4573 676 4685 suscepto
694 4550 863 4636 venerint
880 4608 892 4654 ,
909 4550 1051 4636 malurn
1073 4553 1179 4637 malo
1194 4551 1377 4658 addam,
1396 4584 1425 4638 ιι
1413 4551 1502 4638 vel
1527 4582 1568 4639 re
1582 4553 1717 4640 infecta
1729 4583 1849 4640 moe·

390 4669 533 4756 stissimi
556 4693 593 4753 et
611 4667 868 4802 desperatione
895 4668 994 4782 pleni
1010 4669 1225 4777 discedere,
1248 4671 1312 4758 vel
1340 4613 1549 4759 niultorum
1578 4671 1751 4776 dietum,
1771 4700 1848 4761 aut

389 4786 503 4873 etiam
532 4786 713 4872 mensium
738 4784 1009 4873 solicitudinem
1027 4814 1064 4874 et
1082 4790 1287 4902 impensam
1313 4789 1457 4905 perpeti
1472 4815 1685 4924 cogantur.
1674 4792 1847 4884 .Qu0d

388 4906 578 4994 interdum
605 4905 719 4991 etiam
747 4903 790 4991 fit
818 4903 1053 4994 nectentibus
1080 4907 1258 5023 tegibus,
1281 4907 1472 5027 regiorum
1502 4908 1846 5017 administtotum,

1792 5028 1847 5118 ad
