4020 5864
501 416 576 491 532'·
790 400 859 470 DE
883 398 1014 470 FATO
1037 400 1103 469 ET
1132 398 1310 470 LIBERO
1339 399 1581 472 ARBITRIO

477 521 679 607 mlumnias
699 546 889 608 tueantur.
921 521 1001 606 Sed'
1018 521 1233 633 huiusmodi
1265 547 1489 638 argumenta
1508 547 1549 608 et
1576 519 1771 607 sacrarum
1790 521 1931 610 littera-

479 669 564 724 rum
585 640 820 746 testimonia,
849 669 1082 756 quamquam
1100 642 1220 726 homo
1240 639 1520 753 loquacissimus
1550 641 1744 726 lutherus
1773 671 1843 756 per
1856 644 1930 729 ina·

317 820 327 852 1,
448 860 449 865 Ν
481 786 569 843 nem
591 758 841 875 garrulitatem
867 759 945 843 sine
970 755 1047 842 fine
1075 758 1292 874 multiplicet
1319 784 1436 874 atque
1451 757 1608 864 dilatet,
1635 759 1775 842 omnia
1799 784 1925 848 tamen

338 981 345 992 ⁸
397 898 423 986 j
478 875 518 961 in
534 907 653 991 pauca
678 876 782 964 velut
797 876 919 991 capita
933 871 1155 963 referuntur.
1188 879 1368 971 Quorum
1395 901 1451 963 est
1476 905 1599 994 unum
1614 903 1795 982 eorum,
1825 907 1926 993 quae

290 981 613 1109 ,iiiiiiiiomnes
629 995 800 1081 homines
822 995 861 1079 in
887 994 1046 1080 tenebris
1077 1021 1117 1082 et
1146 994 1303 1111 peccatis
1333 994 1469 1083 versari
1492 993 1763 1102 concludunt,
1793 1024 1922 1082 omnes

292 1100 366 1208 bill·
390 1100 468 1148 ’Μ’
481 1111 670 1223 injustos,
695 1142 827 1199 omnes
844 1142 920 1198 esse
932 1113 1079 1216 malos,
1101 1114 1169 1200 sed
1182 1143 1247 1228 per
1264 1112 1421 1229 gratiam
1447 1112 1521 1197 Dei
1546 1109 1748 1225 iustificari.
1784 1115 1874 1198 Huc
1887 1143 1922 1200 e·

482 1230 561 1315 nim
579 1233 737 1345 pertinet
754 1230 845 1315 illud
872 1229 975 1315 Pauli
990 1231 1040 1316 ad
1061 1235 1284 1318 Romanos:
1311 1231 1520 1315 Revelatar
1548 1238 1611 1313 ira
1644 1231 1729 1312 Dei
1744 1249 1862 1339 supet
1878 1260 1916 1317 a·

326 1335 429 1465 Εἷς·
483 1377 598 1433 mrtem
613 1358 840 1460 impietatem
857 1365 894 1431 et
908 1350 1132 1458 injustitiam
1152 1353 1347 1434 hominum.
1379 1353 1431 1432 Et
1458 1346 1575 1432 illud:
1610 1347 1701 1431 Nm
1719 1364 1783 1430 est
1798 1353 1921 1458 justas

330 1455 425 1505 'm
482 1476 675 1575 qaisquam
691 1501 718 1572 ,‘
733 1492 801 1552 oon
817 1481 873 1551 est
888 1473 1109 1576 intelligens.
1136 1473 1187 1553 Et
1201 1467 1315 1582 paulo
1332 1488 1418 1581 post
1434 1495 1445 1548 ι
1470 1460 1691 1579 {iustificati
1703 1474 1840 1573 gratis
1848 1487 1919 1577 per

479 1595 649 1695 gratiam
671 1593 792 1702 ipsios
810 1614 821 1668 ι
837 1609 876 1669 et
891 1588 1041 1689 cetera,
1064 1585 1218 1700 quaein
1234 1586 1332 1669 hanc
1353 1583 1575 1668 sententiam
1590 1612 1613 1666 a
1631 1583 1813 1670 Luthero
1827 1613 1927 1671 con·

480 1727 672 1819 geruntur.
703 1708 747 1786 In
763 1702 872 1819 quod
887 1702 1130 1818 caputillud,
1151 1703 1260 1818 quod
1274 1702 1315 1786 in
1333 1725 1488 1815 promtu
1503 1724 1558 1786 est
1576 1724 1619 1787 et
1645 1726 1820 1814 apertum
1833 1763 1846 1807 ,
1860 1732 1922 1790 re·

480 1823 747 1935 spondebimus
757 1854 785 1925 ,³
799 1849 931 1906 omnes
947 1820 1117 1905 homines
1133 1821 1282 1936 ignaros
1298 1847 1375 1905 esse
1399 1845 1439 1904 et
1463 1846 1619 1923 caecos,
1651 1817 1725 1903 uisi
1756 1820 1926 1907 doctriua

480 1964 521 2024 et
545 1939 627 2024 luce
651 1937 867 2053 evangelica
883 1939 1091 2023 doceantur
1110 1962 1148 2022 et
1168 1937 1417 2023 illustrentur:
1445 1935 1509 2022 sed
1524 1935 1686 2021 edoctos
1719 1960 1762 2022 et
1792 1936 1924 2022 illumi·

479 2081 590 2142 natos
605 2056 656 2140 ad
671 2057 823 2173 cognita
836 2057 942 2141 bona
957 2055 1022 2139 niti
1038 2116 1051 2160 ,
1066 2055 1276 2169 eademque
1297 2084 1363 2168 per
1376 2053 1535 2140 liberum
1549 2052 1754 2141 arbitrium
1769 2115 1782 2161 ,
1800 2083 1921 2170 quem·

376 2206 377 2215 ¹
479 2174 691 2260 admodum
707 2172 970 2288 exposuimus,
986 2203 1093 2287 posse
1110 2201 1308 2288 capessere.
1338 2177 1441 2256 Nam
1456 2169 1551 2287 quid
1567 2169 1721 2257 stultius
1751 2173 1815 2258 dici
1839 2199 1922 2287 pot·

480 2316 537 2376 est
564 2321 719 2407 ,quam
749 2286 858 2405 quod
887 2287 1047 2375 affirmat
1063 2292 1248 2375 Luthetus
1271 2351 1284 2394 ,
1310 2289 1377 2402 qui
1398 2300 1479 2373 rem
1507 2288 1734 2404 quampiam
1764 2290 1916 2405 ignorat,

478 2407 581 2494 hunc
608 2411 724 2524 ipsam
748 2406 931 2493 efficiendi
948 2408 1135 2523 privatum
1151 2436 1228 2493 esse
1255 2402 1460 2491 facultate:
1488 2430 1527 2491 et
1544 2405 1635 2520 quia
1664 2408 1848 2494 voluntas
1867 2410 1925 2495 ni·.

478 2525 531 2611 bil
552 2527 693 2641 appetit
716 2526 980 2644 incognitum,
1007 2525 1144 2610 idcirco
1157 2525 1208 2633 ad
1222 2524 1478 2639 appetendum
1500 2524 1644 2609 nullam
1662 2525 1748 2614 vim
1763 2554 1839 2612 esse
1859 2558 1924 2613 vo·

477 2642 651 2729 luntatis?
679 2643 800 2737 Quasi
817 2672 909 2728 vero
933 2641 1089 2748 milites,
1104 2643 1171 2758 qui
1197 2671 1327 2756 saepe,
1344 2671 1410 2726 sua
1424 2640 1575 2734 consilia
1597 2640 1834 2756 imperatore
1858 2645 1921 2731 illis

480 2762 692 2846 occultante
709 2821 722 2866 ,
751 2790 845 2845 num
860 2759 928 2845 sibi
943 2759 988 2846 sit
1004 2770 1092 2844 cum
1108 2759 1277 2846 hostibus
1293 2757 1578 2876 confligendum
1595 2819 1608 2865 ,
1637 2761 1849 2876 ignorant,
1866 2765 1922 2850 vi·

479 2907 537 2964 res
552 2878 738 2965 amiserint
758 2879 971 2964 cttrn‘hoste
988 2876 1200 2964 dimicandi.
1235 2882 1330 2964 Non
1341 2877 1435 2963 'colit
1454 2879 1654 2992 quisquam
1684 2884 1834 2982 Deum,
1854 2880 1924 2994 qui

478 2999 607 3083 Deum
633 3022 786 3111 prorsus
804 2999 982 3114 ignorat3
1002 3021 1041 3082 at
1053 3025 1141 3082 cum
1157 2997 1379 3112 cognoverit
1395 3058 1408 3102 ,
1422 2998 1548 3100 colet,
1568 2994 1597 3080 si
1614 2993 1709 3084 velit
1727 3057 1742 3104 ,
1774 3025 1813 3083 ct
1827 3000 1917 3085 ado-

315 3130 381 3183 aaa
395 3144 438 3192 5⁰·
478 3115 574 3201 rabit
599 3115 699 3228 juxta
714 3115 806 3200 illud
820 3112 1075 3201 Davidicum:
1105 3119 1255 3203 Docebo
1271 3123 1415 3220 iniquos
1429 3121 1520 3198 vias
1539 3128 1646 3219 tuas,
1681 3130 1724 3198 et
1739 3122 1849 3225 impii
1875 3119 1923 3201 aa

388 3258 394 3270 ⁴
476 3249 515 3319 te
530 3248 803 3318 cmoertenmr.
835 3237 932 3318 Non
963 3254 1019 3318 est
1049 3231 1249 3346 quisquam
1276 3231 1425 3336 malus,
1454 3257 1492 3317 et
1519 3256 1620 3316 recte
1641 3261 1663 3314 a
1696 3231 1753 3317 ’tt
1798 3258 1841 3318 at
1860 3231 1919 3320 fiet

299 3450 317 3462 ⁴.
354 3397 356 3405 ·
478 3352 627 3457 bonus,
656 3350 684 3436 si
698 3351 814 3456 velit,
844 3377 883 3437 et
901 3372 1001 3434 recta
1016 3350 1257 3463 operabitur,
1282 3351 1483 3433 declinabit
1507 3344 1581 3462 (ut
1608 3262 1758 3463 psalmo
1781 3352 1916 3465 praeci·

297 3508 380 3570 mm,
396 3515 435 3577 ,a
475 3470 604 3588 pitur)
627 3476 789 3575 amalo,
807 3466 978 3574 etfaoiet
992 3469 1131 3553 bonum.
1165 3466 1349 3574 Dabimus
1364 3466 1475 3582 igitur
1489 3493 1621 3552 omnes
1648 3466 1831 3554 homines
1845 3499 1914 3554 esse

443 3666 445 3671 ,
476 3591 595 3676 malos
609 3589 741 3704 ,quia
762 3610 850 3671 sunt
873 3613 1004 3672 omnes
1029 3583 1080 3670 ad
1113 3581 1254 3669 malum
1279 3584 1488 3700 proclives:
1518 3583 1606 3700 quia
1639 3583 1776 3673 divina
1800 3587 1912 3705 gratia

477 3707 671 3811 destituti,
695 3705 783 3790 nihil
802 3733 847 3791 ex
862 3733 901 3789 se
926 3700 1150 3818 perfectioris
1165 3699 1276 3789 officii
1299 3728 1482 3820 praestare
1509 3717 1701 3816 possunt,
1728 3730 1776 3792 ut
1807 3705 1917 3793 vitam

475 3852 666 3914 aeternam
683 3848 966 3940 promereantur
983 3853 992 3908 :
1010 3822 1100 3939 quia
1115 3823 1218 3906 bona
1234 3822 1417 3927 hominis,
1431 3850 1474 3908 ut
1489 3820 1666 3927 hominis,
1684 3846 1767 3950 tam
1788 3824 1912 3938 impet·

474 3941 576 4030 fecta
584 3968 699 4048 sunt,
732 3969 774 4029 ut
789 3970 942 4057 peccata
967 3969 1044 4025 esse
1073 3939 1300 4046 videantur,
1328 3965 1367 4027 et
1382 3939 1431 4025 sic
1449 3940 1640 4026 interdum
1664 3940 1911 4055 appellentur,

473 4092 543 4148 nec
559 4063 767 4180 quidquam
782 4061 833 4145 ad
850 4060 1006 4144 salutem
1022 4058 1098 4143 sine
1114 4059 1231 4172 gratia
1247 4057 1515 4171 proficiantlta
1531 4056 1669 4142 cumin
1687 4059 1816 4173 gratia
1824 4059 1913 4144 mul·

415 4290 416 4293 q
470 4206 515 4266 ro
530 4181 648 4293 majus
661 4204 898 4268 momentum
913 4178 958 4263 sit
975 4238 987 4278 ,
1003 4205 1120 4291 quam
1136 4175 1173 4259 in
1189 4201 1320 4261 nostro
1335 4176 1396 4264 vel
1411 4174 1554 4261 conatu
1572 4191 1584 4281 ,
1615 4174 1679 4263 vel
1694 4205 1817 4290 opere
1832 4237 1847 4283 ,
1860 4175 1912 4282 fir,

472 4302 703 4412 utqui'recte
720 4296 916 4411 operando
930 4318 1200 4381 conservantur
1217 4294 1312 4398 ,hos
1342 4324 1499 4410 quoque
1518 4292 1629 4410 gratis
1644 4295 1790 4380 Paulus
1818 4296 1914 4382 dicat

471 4413 652 4528 justificari
671 4477 683 4520 ,
706 4444 793 4498 cum
810 4413 883 4497 ait:
914 4410 1131 4527 {iustificati
1143 4419 1273 4519 gratis
1284 4432 1357 4520 per
1371 4421 1538 4522 gratiam
1551 4409 1717 4520 ipsius*
1737 4417 1787 4496 ln
1803 4443 1914 4531 quem

471 4563 619 4620 sensum
635 4532 724 4615 illud
740 4559 896 4644 quoque
919 4531 1025 4614 liceat
1040 4558 1121 4613 non
1136 4528 1374 4619 incommode
1390 4529 1644 4643 interpretati,
1659 4556 1713 4612 ear
1735 4537 1909 4639 operibus

470 4660 564 4762 legis
591 4677 659 4736 noo
676 4646 954 4760 justificabitur
985 4655 1100 4731 omnis
1129 4657 1254 4731 cara:
1291 4647 1474 4762 quoniam
1503 4646 1571 4734 etsi
1600 4674 1809 4762 praecepta
1827 4650 1901 4766 legi

1855 4797 1904 4852 ex-

411 4860 415 4871 ⁵
487 4948 490 4954 ,
508 4889 530 4932 1
571 4890 654 4966 Quae
668 4888 714 4944 hic
730 4889 865 4961 leguntur
877 4884 914 4942 ab
926 4883 972 4943 his
985 4885 1080 4944 verbis
1091 4901 1098 4946 t
1110 4883 1144 4951 io
1159 4902 1240 4966 quera
1252 4897 1362 4951 tentum
1374 4881 1606 4968 adfilieitotem
1619 4885 1786 4965 ,restituta
1796 4897 1906 4951 santra

468 4971 596 5026 editione
615 4972 760 5027 Romana.
786 4965 822 5025 la
838 4961 954 5042 reliquis
968 4967 1079 5031 dunat.
1192 4995 1199 5004 ·
1549 4999 1556 5009 ⁴
