<?xml version="1.0" encoding="UTF-8"?>
<!DOCTYPE html PUBLIC "-//W3C//DTD XHTML 1.0 Transitional//EN"
    "http://www.w3.org/TR/xhtml1/DTD/xhtml1-transitional.dtd">
<html xmlns="http://www.w3.org/1999/xhtml" xml:lang="en" lang="en">
 <head>
  <title>
</title>
<meta http-equiv="Content-Type" content="text/html;charset=utf-8" />
  <meta name='ocr-system' content='tesseract 3.04.00' />
  <meta name='ocr-capabilities' content='ocr_page ocr_carea ocr_par ocr_line ocrx_word'/>
</head>
<body>
  <div class='ocr_page' id='page_1' title='image "./joannisgenesiis01sepgoog/joannisgenesiis01sepgoog_0232.png"; bbox 0 0 4050 5858; ppageno 0'>
   <div class='ocr_carea' id='block_1_1' title="bbox 667 364 1514 469">
    <p class='ocr_par' dir='ltr' id='par_1_1' title="bbox 667 364 1514 469">
     <span class='ocr_line' id='line_1_1' title="bbox 667 364 1514 469; baseline 0.008 -32"><span class='ocrx_word' id='word_1_1' title='bbox 667 364 866 437; x_wconf 79' lang='lat' dir='ltr'><strong>LIBER</strong></span> <span class='ocrx_word' id='word_1_2' title='bbox 914 366 943 432; x_wconf 87' lang='grc' dir='ltr'>Ι.</span> <span class='ocrx_word' id='word_1_3' title='bbox 1044 384 1045 387; x_wconf 75' lang='grc'>’</span> <span class='ocrx_word' id='word_1_4' title='bbox 1444 397 1514 469; x_wconf 74' lang='lat'>237</span> 
     </span>
    </p>
   </div>
   <div class='ocr_carea' id='block_1_2' title="bbox 42 485 1747 5057">
    <p class='ocr_par' dir='ltr' id='par_1_2' title="bbox 42 485 1747 5057">
     <span class='ocr_line' id='line_1_2' title="bbox 91 485 1542 604; baseline -0.005 -19"><span class='ocrx_word' id='word_1_5' title='bbox 91 512 180 585; x_wconf 80' lang='lat' dir='ltr'>tum</span> <span class='ocrx_word' id='word_1_6' title='bbox 200 493 310 584; x_wconf 88' lang='lat' dir='ltr'>etiam</span> <span class='ocrx_word' id='word_1_7' title='bbox 336 485 503 580; x_wconf 89' lang='lat' dir='ltr'>moribus</span> <span class='ocrx_word' id='word_1_8' title='bbox 525 512 817 603; x_wconf 89' lang='lat' dir='ltr'>corruptorum:</span> <span class='ocrx_word' id='word_1_9' title='bbox 844 513 916 571; x_wconf 89' lang='lat' dir='ltr'>nec</span> <span class='ocrx_word' id='word_1_10' title='bbox 942 486 1069 604; x_wconf 89' lang='lat' dir='ltr'>siqua</span> <span class='ocrx_word' id='word_1_11' title='bbox 1095 512 1187 604; x_wconf 86' lang='lat' dir='ltr'>gens</span> <span class='ocrx_word' id='word_1_12' title='bbox 1213 511 1269 576; x_wconf 91' lang='lat' dir='ltr'>est</span> <span class='ocrx_word' id='word_1_13' title='bbox 1297 489 1396 581; x_wconf 84' lang='lat' dir='ltr'>adeo</span> <span class='ocrx_word' id='word_1_14' title='bbox 1413 491 1542 578; x_wconf 89' lang='lat' dir='ltr'>barba·</span> 
     </span>
     <span class='ocr_line' id='line_1_3' title="bbox 96 605 1542 723; baseline -0.006 -20"><span class='ocrx_word' id='word_1_15' title='bbox 96 640 194 704; x_wconf 89' lang='lat' dir='ltr'>raet</span> <span class='ocrx_word' id='word_1_16' title='bbox 219 615 422 699; x_wconf 89' lang='lat' dir='ltr'>inhumana</span> <span class='ocrx_word' id='word_1_17' title='bbox 440 667 455 716; x_wconf 88' lang='lat'>‚</span> <span class='ocrx_word' id='word_1_18' title='bbox 470 635 514 696; x_wconf 91' lang='lat' dir='ltr'>ut</span> <span class='ocrx_word' id='word_1_19' title='bbox 536 634 687 696; x_wconf 87' lang='lat' dir='ltr'>asensu</span> <span class='ocrx_word' id='word_1_20' title='bbox 709 606 905 692; x_wconf 88' lang='lat' dir='ltr'>communi</span> <span class='ocrx_word' id='word_1_21' title='bbox 932 605 1133 692; x_wconf 91' lang='lat' dir='ltr'>hominum</span> <span class='ocrx_word' id='word_1_22' title='bbox 1164 606 1392 692; x_wconf 90' lang='lat' dir='ltr'>abhorreat:</span> <span class='ocrx_word' id='word_1_23' title='bbox 1410 638 1542 723; x_wconf 88' lang='lat' dir='ltr'>quarn·</span> 
     </span>
     <span class='ocr_line' id='line_1_4' title="bbox 99 722 1544 859; baseline -0.003 -40"><span class='ocrx_word' id='word_1_24' title='bbox 99 733 264 820; x_wconf 92' lang='lat' dir='ltr'>obrem</span> <span class='ocrx_word' id='word_1_25' title='bbox 256 760 333 845; x_wconf 68' lang='lat' dir='ltr'>jure</span> <span class='ocrx_word' id='word_1_26' title='bbox 361 727 558 815; x_wconf 88' lang='lat' dir='ltr'>consulti</span> <span class='ocrx_word' id='word_1_27' title='bbox 549 757 588 812; x_wconf 96' lang='grc' dir='ltr'>ιιι</span> <span class='ocrx_word' id='word_1_28' title='bbox 604 723 859 812; x_wconf 85' lang='lat' dir='ltr'>definitione</span> <span class='ocrx_word' id='word_1_29' title='bbox 850 722 935 834; x_wconf 67' lang='lat' dir='ltr'>puris</span> <span class='ocrx_word' id='word_1_30' title='bbox 964 724 1133 841; x_wconf 85' lang='lat' dir='ltr'>gentium</span> <span class='ocrx_word' id='word_1_31' title='bbox 1158 752 1240 809; x_wconf 91' lang='lat' dir='ltr'>non</span> <span class='ocrx_word' id='word_1_32' title='bbox 1267 722 1306 809; x_wconf 93' lang='lat' dir='ltr'>id</span> <span class='ocrx_word' id='word_1_33' title='bbox 1335 724 1544 859; x_wconf 80' lang='lat' dir='ltr'>simpliciter</span> 
     </span>
     <span class='ocr_line' id='line_1_5' title="bbox 94 842 1543 964; baseline -0.001 -28"><span class='ocrx_word' id='word_1_34' title='bbox 94 879 172 936; x_wconf 87' lang='lat' dir='ltr'>esse</span> <span class='ocrx_word' id='word_1_35' title='bbox 202 850 308 964; x_wconf 78' lang='lat' dir='ltr'>ajunt</span> <span class='ocrx_word' id='word_1_36' title='bbox 334 910 347 957; x_wconf 91' lang='lat'>,</span> <span class='ocrx_word' id='word_1_37' title='bbox 377 878 459 964; x_wconf 94' lang='lat' dir='ltr'>quo</span> <span class='ocrx_word' id='word_1_38' title='bbox 494 873 625 962; x_wconf 80' lang='lat' dir='ltr'>gentes</span> <span class='ocrx_word' id='word_1_39' title='bbox 661 872 795 930; x_wconf 89' lang='lat' dir='ltr'>omnes</span> <span class='ocrx_word' id='word_1_40' title='bbox 825 868 1016 949; x_wconf 91' lang='lat' dir='ltr'>utuntur,</span> <span class='ocrx_word' id='word_1_41' title='bbox 1051 842 1118 929; x_wconf 89' lang='lat' dir='ltr'>sed</span> <span class='ocrx_word' id='word_1_42' title='bbox 1149 842 1299 931; x_wconf 91' lang='lat' dir='ltr'>addunt</span> <span class='ocrx_word' id='word_1_43' title='bbox 1327 843 1440 930; x_wconf 90' lang='lat' dir='ltr'>etiam</span> <span class='ocrx_word' id='word_1_44' title='bbox 1471 847 1543 934; x_wconf 89' lang='lat' dir='ltr'>hu</span> 
     </span>
     <span class='ocr_line' id='line_1_6' title="bbox 93 997 249 1053; baseline -0.007 0"><span class='ocrx_word' id='word_1_45' title='bbox 93 997 249 1053; x_wconf 89' lang='lat' dir='ltr'>manae.</span> 
     </span>
     <span class='ocr_line' id='line_1_7' title="bbox 154 1079 1543 1218; baseline -0.001 -47"><span class='ocrx_word' id='word_1_46' title='bbox 154 1089 238 1171; x_wconf 90' lang='lat' dir='ltr'>Xll.</span> <span class='ocrx_word' id='word_1_47' title='bbox 301 1083 408 1168; x_wconf 90' lang='lat' dir='ltr'>His</span> <span class='ocrx_word' id='word_1_48' title='bbox 400 1082 510 1199; x_wconf 86' lang='lat' dir='ltr'>tgitur</span> <span class='ocrx_word' id='word_1_49' title='bbox 539 1080 751 1218; x_wconf 85' lang='lat' dir='ltr'>explicatis,</span> <span class='ocrx_word' id='word_1_50' title='bbox 768 1106 812 1167; x_wconf 92' lang='lat' dir='ltr'>ut</span> <span class='ocrx_word' id='word_1_51' title='bbox 840 1081 949 1195; x_wconf 89' lang='lat' dir='ltr'>quod</span> <span class='ocrx_word' id='word_1_52' title='bbox 968 1079 1214 1197; x_wconf 81' lang='lat' dir='ltr'>quaerimus,</span> <span class='ocrx_word' id='word_1_53' title='bbox 1216 1106 1440 1195; x_wconf 82' lang='lat' dir='ltr'>appareat,</span> <span class='ocrx_word' id='word_1_54' title='bbox 1468 1081 1543 1196; x_wconf 81' lang='lat' dir='ltr'>jam</span> 
     </span>
     <span class='ocr_line' id='line_1_8' title="bbox 91 1196 1543 1336; baseline 0.002 -50"><span class='ocrx_word' id='word_1_55' title='bbox 91 1202 187 1289; x_wconf 91' lang='lat' dir='ltr'>mihi</span> <span class='ocrx_word' id='word_1_56' title='bbox 203 1200 418 1314; x_wconf 84' lang='lat' dir='ltr'>responde,</span> <span class='ocrx_word' id='word_1_57' title='bbox 434 1226 561 1287; x_wconf 91' lang='lat' dir='ltr'>utrum</span> <span class='ocrx_word' id='word_1_58' title='bbox 574 1199 747 1336; x_wconf 80' lang='lat' dir='ltr'>injuriam</span> <span class='ocrx_word' id='word_1_59' title='bbox 768 1201 808 1285; x_wconf 92' lang='lat' dir='ltr'>in</span> <span class='ocrx_word' id='word_1_60' title='bbox 834 1200 925 1290; x_wconf 90' lang='lat' dir='ltr'>alios</span> <span class='ocrx_word' id='word_1_61' title='bbox 952 1196 1086 1283; x_wconf 87' lang='lat' dir='ltr'>inferre</span> <span class='ocrx_word' id='word_1_62' title='bbox 1115 1229 1196 1283; x_wconf 94' lang='lat' dir='ltr'>non</span> <span class='ocrx_word' id='word_1_63' title='bbox 1224 1198 1431 1284; x_wconf 88' lang='lat' dir='ltr'>lacessitum</span> <span class='ocrx_word' id='word_1_64' title='bbox 1446 1203 1543 1308; x_wconf 88' lang='lat' dir='ltr'>,sed</span> 
     </span>
     <span class='ocr_line' id='line_1_9' title="bbox 93 1315 1543 1435; baseline -0.001 -30"><span class='ocrx_word' id='word_1_65' title='bbox 93 1320 170 1405; x_wconf 88' lang='lat' dir='ltr'>suis</span> <span class='ocrx_word' id='word_1_66' title='bbox 199 1318 459 1435; x_wconf 85' lang='lat' dir='ltr'>cupiditatibus</span> <span class='ocrx_word' id='word_1_67' title='bbox 490 1320 713 1407; x_wconf 87' lang='lat' dir='ltr'>servientem</span> <span class='ocrx_word' id='word_1_68' title='bbox 731 1344 885 1434; x_wconf 88' lang='lat' dir='ltr'>,atque</span> <span class='ocrx_word' id='word_1_69' title='bbox 913 1317 1003 1403; x_wconf 88' lang='lat' dir='ltr'>alios</span> <span class='ocrx_word' id='word_1_70' title='bbox 1035 1317 1144 1402; x_wconf 89' lang='lat' dir='ltr'>bonis</span> <span class='ocrx_word' id='word_1_71' title='bbox 1168 1315 1257 1401; x_wconf 89' lang='lat' dir='ltr'>suis</span> <span class='ocrx_word' id='word_1_72' title='bbox 1268 1318 1491 1432; x_wconf 88' lang='lat' dir='ltr'>spoliare,</span> <span class='ocrx_word' id='word_1_73' title='bbox 1482 1350 1543 1403; x_wconf 85' lang='lat' dir='ltr'>rn-</span> 
     </span>
     <span class='ocr_line' id='line_1_10' title="bbox 93 1379 1543 1552; baseline 0.003 -31"><span class='ocrx_word' id='word_1_74' title='bbox 93 1436 234 1550; x_wconf 74' lang='lat' dir='ltr'>justum</span> <span class='ocrx_word' id='word_1_75' title='bbox 260 1462 366 1551; x_wconf 91' lang='lat' dir='ltr'>putes</span> <span class='ocrx_word' id='word_1_76' title='bbox 398 1462 532 1551; x_wconf 90' lang='lat' dir='ltr'>sponte</span> <span class='ocrx_word' id='word_1_77' title='bbox 558 1446 654 1523; x_wconf 84' lang='lat' dir='ltr'>sua?</span> <span class='ocrx_word' id='word_1_78' title='bbox 682 1379 794 1522; x_wconf 72' lang='lat' dir='ltr'>Laba.</span> <span class='ocrx_word' id='word_1_79' title='bbox 822 1441 954 1540; x_wconf 89' lang='lat' dir='ltr'>Certe,</span> <span class='ocrx_word' id='word_1_80' title='bbox 981 1466 1009 1520; x_wconf 89' lang='grc' dir='ltr'>ι</span> <span class='ocrx_word' id='word_1_81' title='bbox 998 1434 1116 1550; x_wconf 91' lang='lat' dir='ltr'>quid</span> <span class='ocrx_word' id='word_1_82' title='bbox 1140 1433 1265 1520; x_wconf 89' lang='lat' dir='ltr'>aliud:</span> <span class='ocrx_word' id='word_1_83' title='bbox 1294 1461 1332 1521; x_wconf 92' lang='lat' dir='ltr'>et</span> <span class='ocrx_word' id='word_1_84' title='bbox 1360 1435 1543 1552; x_wconf 85' lang='lat' dir='ltr'>quoniam</span> 
     </span>
     <span class='ocr_line' id='line_1_11' title="bbox 92 1552 1543 1692; baseline 0.001 -51"><span class='ocrx_word' id='word_1_85' title='bbox 92 1554 135 1642; x_wconf 86' lang='lat' dir='ltr'>id</span> <span class='ocrx_word' id='word_1_86' title='bbox 166 1554 282 1640; x_wconf 89' lang='lat' dir='ltr'>scelus</span> <span class='ocrx_word' id='word_1_87' title='bbox 308 1554 410 1641; x_wconf 86' lang='lat' dir='ltr'>bellis</span> <span class='ocrx_word' id='word_1_88' title='bbox 438 1556 676 1673; x_wconf 89' lang='lat' dir='ltr'>potissimum</span> <span class='ocrx_word' id='word_1_89' title='bbox 703 1579 906 1692; x_wconf 76' lang='lat' dir='ltr'>patratur,</span> <span class='ocrx_word' id='word_1_90' title='bbox 935 1554 1073 1640; x_wconf 91' lang='lat' dir='ltr'>idcirco</span> <span class='ocrx_word' id='word_1_91' title='bbox 1103 1552 1197 1638; x_wconf 91' lang='lat' dir='ltr'>bella</span> <span class='ocrx_word' id='word_1_92' title='bbox 1225 1579 1358 1639; x_wconf 91' lang='lat' dir='ltr'>contra</span> <span class='ocrx_word' id='word_1_93' title='bbox 1384 1580 1543 1643; x_wconf 90' lang='lat' dir='ltr'>naturae</span> 
     </span>
     <span class='ocr_line' id='line_1_12' title="bbox 93 1670 1544 1807; baseline 0 -49"><span class='ocrx_word' id='word_1_94' title='bbox 93 1670 219 1788; x_wconf 84' lang='lat' dir='ltr'>legem</span> <span class='ocrx_word' id='word_1_95' title='bbox 244 1702 322 1761; x_wconf 89' lang='lat' dir='ltr'>esse</span> <span class='ocrx_word' id='word_1_96' title='bbox 350 1674 457 1763; x_wconf 87' lang='lat' dir='ltr'>dico</span> <span class='ocrx_word' id='word_1_97' title='bbox 492 1680 593 1760; x_wconf 81' lang='lat' dir='ltr'>Dm.</span> <span class='ocrx_word' id='word_1_98' title='bbox 627 1673 771 1767; x_wconf 89' lang='lat' dir='ltr'>Quid</span> <span class='ocrx_word' id='word_1_99' title='bbox 762 1673 930 1785; x_wconf 84' lang='lat' dir='ltr'>mjuriam</span> <span class='ocrx_word' id='word_1_100' title='bbox 946 1671 1190 1807; x_wconf 82' lang='lat' dir='ltr'>propulsare,</span> <span class='ocrx_word' id='word_1_101' title='bbox 1209 1696 1248 1755; x_wconf 92' lang='lat' dir='ltr'>et</span> <span class='ocrx_word' id='word_1_102' title='bbox 1276 1672 1544 1758; x_wconf 85' lang='lat' dir='ltr'>immeritola·</span> 
     </span>
     <span class='ocr_line' id='line_1_13' title="bbox 93 1785 1542 1904; baseline -0.001 -27"><span class='ocrx_word' id='word_1_103' title='bbox 93 1788 316 1877; x_wconf 86' lang='lat' dir='ltr'>borantibus</span> <span class='ocrx_word' id='word_1_104' title='bbox 341 1819 457 1904; x_wconf 86' lang='lat' dir='ltr'>opem</span> <span class='ocrx_word' id='word_1_105' title='bbox 474 1786 605 1877; x_wconf 78' lang='lat' dir='ltr'>lerre‘l</span> <span class='ocrx_word' id='word_1_106' title='bbox 636 1820 764 1876; x_wconf 91' lang='lat' dir='ltr'>nonne</span> <span class='ocrx_word' id='word_1_107' title='bbox 786 1792 920 1877; x_wconf 77' lang='lat' dir='ltr'>eadem</span> <span class='ocrx_word' id='word_1_108' title='bbox 944 1789 1088 1876; x_wconf 89' lang='lat' dir='ltr'>tatione</span> <span class='ocrx_word' id='word_1_109' title='bbox 1111 1785 1246 1903; x_wconf 83' lang='lat' dir='ltr'>sponte</span> <span class='ocrx_word' id='word_1_110' title='bbox 1274 1818 1367 1894; x_wconf 87' lang='lat' dir='ltr'>sua,</span> <span class='ocrx_word' id='word_1_111' title='bbox 1383 1790 1458 1875; x_wconf 91' lang='lat' dir='ltr'>hoc</span> <span class='ocrx_word' id='word_1_112' title='bbox 1474 1816 1542 1898; x_wconf 88' lang='lat' dir='ltr'>est,</span> 
     </span>
     <span class='ocr_line' id='line_1_14' title="bbox 94 1906 1593 2023; baseline 0.001 -31"><span class='ocrx_word' id='word_1_113' title='bbox 94 1932 231 1992; x_wconf 89' lang='lat' dir='ltr'>natura</span> <span class='ocrx_word' id='word_1_114' title='bbox 247 1908 387 2020; x_wconf 79' lang='lat' dir='ltr'>justum</span> <span class='ocrx_word' id='word_1_115' title='bbox 412 1936 488 1994; x_wconf 88' lang='lat' dir='ltr'>esse</span> <span class='ocrx_word' id='word_1_116' title='bbox 514 1907 804 1996; x_wconf 84' lang='lat' dir='ltr'>confitebimur?</span> <span class='ocrx_word' id='word_1_117' title='bbox 831 1936 876 1994; x_wconf 93' lang='lat' dir='ltr'>ut</span> <span class='ocrx_word' id='word_1_118' title='bbox 896 1909 997 1994; x_wconf 90' lang='lat' dir='ltr'>enirn</span> <span class='ocrx_word' id='word_1_119' title='bbox 1021 1936 1182 2023; x_wconf 88' lang='lat' dir='ltr'>magnus</span> <span class='ocrx_word' id='word_1_120' title='bbox 1205 1931 1363 2011; x_wconf 86' lang='lat' dir='ltr'>orator,</span> <span class='ocrx_word' id='word_1_121' title='bbox 1380 1930 1422 1992; x_wconf 92' lang='lat' dir='ltr'>et</span> <span class='ocrx_word' id='word_1_122' title='bbox 1445 1906 1544 1993; x_wconf 92' lang='lat' dir='ltr'>idem</span> <span class='ocrx_word' id='word_1_123' title='bbox 1591 1940 1593 1944; x_wconf 50' lang='lat'><strong><em>⁴</em></strong></span> 
     </span>
     <span class='ocr_line' id='line_1_15' title="bbox 94 2024 1663 2161; baseline 0 -52"><span class='ocrx_word' id='word_1_124' title='bbox 94 2025 344 2140; x_wconf 87' lang='lat' dir='ltr'>philosophus</span> <span class='ocrx_word' id='word_1_125' title='bbox 351 2024 533 2161; x_wconf 79' lang='lat' dir='ltr'>egregius</span> <span class='ocrx_word' id='word_1_126' title='bbox 559 2026 737 2143; x_wconf 90' lang='lat' dir='ltr'>scriptum</span> <span class='ocrx_word' id='word_1_127' title='bbox 768 2025 947 2143; x_wconf 87' lang='lat' dir='ltr'>reliquit,</span> <span class='ocrx_word' id='word_1_128' title='bbox 967 2052 1006 2111; x_wconf 93' lang='lat' dir='ltr'>et</span> <span class='ocrx_word' id='word_1_129' title='bbox 1023 2051 1154 2140; x_wconf 87' lang='lat' dir='ltr'>postea</span> <span class='ocrx_word' id='word_1_130' title='bbox 1176 2049 1231 2110; x_wconf 89' lang='lat' dir='ltr'>est</span> <span class='ocrx_word' id='word_1_131' title='bbox 1258 2052 1281 2107; x_wconf 88' lang='lat' dir='ltr'>a</span> <span class='ocrx_word' id='word_1_132' title='bbox 1306 2024 1543 2111; x_wconf 89' lang='lat' dir='ltr'>divinoAm·</span> <span class='ocrx_word' id='word_1_133' title='bbox 1655 2050 1663 2066; x_wconf 91' lang='lat'><strong>·</strong></span> 
     </span>
     <span class='ocr_line' id='line_1_16' title="bbox 93 2139 1722 2289; baseline 0 -62"><span class='ocrx_word' id='word_1_134' title='bbox 93 2143 221 2228; x_wconf 92' lang='lat' dir='ltr'>brosio</span> <span class='ocrx_word' id='word_1_135' title='bbox 247 2142 445 2256; x_wconf 92' lang='lat' dir='ltr'>repetitum</span> <span class='ocrx_word' id='word_1_136' title='bbox 469 2143 508 2228; x_wconf 93' lang='lat' dir='ltr'>in</span> <span class='ocrx_word' id='word_1_137' title='bbox 531 2173 580 2229; x_wconf 91' lang='lat' dir='ltr'>eo</span> <span class='ocrx_word' id='word_1_138' title='bbox 608 2144 730 2250; x_wconf 87' lang='lat' dir='ltr'>libro,</span> <span class='ocrx_word' id='word_1_139' title='bbox 746 2174 863 2262; x_wconf 90' lang='lat' dir='ltr'>quem</span> <span class='ocrx_word' id='word_1_140' title='bbox 896 2145 971 2259; x_wconf 92' lang='lat' dir='ltr'>ipse</span> <span class='ocrx_word' id='word_1_141' title='bbox 986 2173 1144 2289; x_wconf 87' lang='lat' dir='ltr'>quoque</span> <span class='ocrx_word' id='word_1_142' title='bbox 1173 2145 1222 2229; x_wconf 89' lang='lat' dir='ltr'>de</span> <span class='ocrx_word' id='word_1_143' title='bbox 1243 2139 1430 2246; x_wconf 83' lang='lat' dir='ltr'>Officiis</span> <span class='ocrx_word' id='word_1_144' title='bbox 1421 2143 1568 2252; x_wconf 90' lang='lat' dir='ltr'>rnscri·</span> <span class='ocrx_word' id='word_1_145' title='bbox 1556 2143 1616 2269; x_wconf 54' lang='lat'>⁰33⁰.</span> <span class='ocrx_word' id='word_1_146' title='bbox 1622 2162 1645 2198; x_wconf 88' lang='lat'>¹</span> <span class='ocrx_word' id='word_1_147' title='bbox 1652 2151 1722 2216; x_wconf 68' lang='lat' dir='ltr'><em>⁰sfi‘»</em></span> 
     </span>
     <span class='ocr_line' id='line_1_17' title="bbox 94 2259 1543 2400; baseline 0.002 -56"><span class='ocrx_word' id='word_1_148' title='bbox 94 2259 203 2400; x_wconf 88' lang='lat' dir='ltr'>psit:</span> <span class='ocrx_word' id='word_1_149' title='bbox 237 2263 321 2369; x_wconf 69' lang='grc' dir='ltr'>9ιί</span> <span class='ocrx_word' id='word_1_150' title='bbox 353 2288 421 2346; x_wconf 83' lang='grc' dir='ltr'>ιιοιι</span> <span class='ocrx_word' id='word_1_151' title='bbox 451 2262 650 2369; x_wconf 77' lang='lat' dir='ltr'>defhndt‘t,</span> <span class='ocrx_word' id='word_1_152' title='bbox 674 2291 739 2346; x_wconf 85' lang='lat' dir='ltr'>nec</span> <span class='ocrx_word' id='word_1_153' title='bbox 762 2267 945 2368; x_wconf 79' lang='lat' dir='ltr'>obsistit,</span> <span class='ocrx_word' id='word_1_154' title='bbox 961 2291 998 2346; x_wconf 83' lang='lat' dir='ltr'>st</span> <span class='ocrx_word' id='word_1_155' title='bbox 990 2271 1158 2370; x_wconf 82' lang='lat' dir='ltr'>potest,</span> <span class='ocrx_word' id='word_1_156' title='bbox 1182 2265 1374 2370; x_wconf 73' lang='lat' dir='ltr'>injuriae,</span> <span class='ocrx_word' id='word_1_157' title='bbox 1390 2277 1468 2343; x_wconf 83' lang='lat' dir='ltr'>tam</span> <span class='ocrx_word' id='word_1_158' title='bbox 1484 2279 1543 2347; x_wconf 82' lang='lat' dir='ltr'>est</span> 
     </span>
     <span class='ocr_line' id='line_1_18' title="bbox 96 2381 1543 2490; baseline 0.006 -32"><span class='ocrx_word' id='word_1_159' title='bbox 96 2384 138 2458; x_wconf 83' lang='lat' dir='ltr'>a&#39;n</span> <span class='ocrx_word' id='word_1_160' title='bbox 156 2386 284 2483; x_wconf 79' lang='lat' dir='ltr'>vitio,</span> <span class='ocrx_word' id='word_1_161' title='bbox 308 2405 416 2485; x_wconf 82' lang='lat' dir='ltr'>quam</span> <span class='ocrx_word' id='word_1_162' title='bbox 440 2388 477 2463; x_wconf 84' lang='lat' dir='ltr'>si</span> <span class='ocrx_word' id='word_1_163' title='bbox 491 2395 701 2490; x_wconf 82' lang='lat' dir='ltr'>parentes,</span> <span class='ocrx_word' id='word_1_164' title='bbox 716 2395 782 2463; x_wconf 81' lang='lat' dir='ltr'>aut</span> <span class='ocrx_word' id='word_1_165' title='bbox 797 2390 959 2483; x_wconf 81' lang='lat' dir='ltr'>amicos,</span> <span class='ocrx_word' id='word_1_166' title='bbox 977 2395 1043 2463; x_wconf 81' lang='lat' dir='ltr'>aut</span> <span class='ocrx_word' id='word_1_167' title='bbox 1061 2385 1232 2486; x_wconf 75' lang='lat' dir='ltr'>patriam</span> <span class='ocrx_word' id='word_1_168' title='bbox 1249 2382 1425 2461; x_wconf 80' lang='lat' dir='ltr'>deserat.</span> <span class='ocrx_word' id='word_1_169' title='bbox 1439 2381 1543 2465; x_wconf 92' lang='lat' dir='ltr'>unde</span> 
     </span>
     <span class='ocr_line' id='line_1_19' title="bbox 94 2441 1559 2626; baseline 0.004 -49.004"><span class='ocrx_word' id='word_1_170' title='bbox 94 2492 264 2581; x_wconf 91' lang='lat' dir='ltr'>duorum</span> <span class='ocrx_word' id='word_1_171' title='bbox 291 2526 519 2613; x_wconf 86' lang='lat' dir='ltr'>magnorum</span> <span class='ocrx_word' id='word_1_172' title='bbox 536 2503 808 2611; x_wconf 86' lang='lat' dir='ltr'>Imperatorum</span> <span class='ocrx_word' id='word_1_173' title='bbox 835 2441 966 2611; x_wconf 88' lang='lat' dir='ltr'>populi</span> <span class='ocrx_word' id='word_1_174' title='bbox 981 2493 1183 2580; x_wconf 91' lang='lat' dir='ltr'>Romani</span> <span class='ocrx_word' id='word_1_175' title='bbox 1173 2524 1213 2577; x_wconf 91' lang='grc' dir='ltr'>ιιι</span> <span class='ocrx_word' id='word_1_176' title='bbox 1230 2494 1329 2578; x_wconf 88' lang='lat' dir='ltr'>bello</span> <span class='ocrx_word' id='word_1_177' title='bbox 1352 2494 1449 2582; x_wconf 90' lang='lat' dir='ltr'>civili</span> <span class='ocrx_word' id='word_1_178' title='bbox 1475 2527 1559 2626; x_wconf 46' lang='lat' dir='ltr'>vo,</span> 
     </span>
     <span class='ocr_line' id='line_1_20' title="bbox 95 2612 1542 2748; baseline 0.002 -52"><span class='ocrx_word' id='word_1_179' title='bbox 95 2639 159 2697; x_wconf 91' lang='lat' dir='ltr'>ces</span> <span class='ocrx_word' id='word_1_180' title='bbox 191 2613 437 2727; x_wconf 89' lang='lat' dir='ltr'>plurimorum</span> <span class='ocrx_word' id='word_1_181' title='bbox 466 2644 639 2702; x_wconf 89' lang='lat' dir='ltr'>sermone</span> <span class='ocrx_word' id='word_1_182' title='bbox 669 2639 707 2700; x_wconf 90' lang='lat' dir='ltr'>et</span> <span class='ocrx_word' id='word_1_183' title='bbox 731 2612 1002 2730; x_wconf 87' lang='lat' dir='ltr'>approbatione</span> <span class='ocrx_word' id='word_1_184' title='bbox 1031 2612 1236 2698; x_wconf 88' lang='lat' dir='ltr'>celebratae</span> <span class='ocrx_word' id='word_1_185' title='bbox 1261 2621 1542 2748; x_wconf 87' lang='lat' dir='ltr'>proruperunt,</span> 
     </span>
     <span class='ocr_line' id='line_1_21' title="bbox 42 2719 1543 2850; baseline 0.003 -35"><span class='ocrx_word' id='word_1_186' title='bbox 42 2719 64 2737; x_wconf 57' lang='lat'>²</span> <span class='ocrx_word' id='word_1_187' title='bbox 94 2758 289 2844; x_wconf 92' lang='lat' dir='ltr'>quorum,</span> <span class='ocrx_word' id='word_1_188' title='bbox 305 2733 373 2850; x_wconf 89' lang='lat' dir='ltr'>qui</span> <span class='ocrx_word' id='word_1_189' title='bbox 396 2735 536 2850; x_wconf 92' lang='lat' dir='ltr'>patriae</span> <span class='ocrx_word' id='word_1_190' title='bbox 566 2733 773 2819; x_wconf 89' lang='lat' dir='ltr'>libertatem</span> <span class='ocrx_word' id='word_1_191' title='bbox 806 2760 895 2817; x_wconf 92' lang='lat' dir='ltr'>cum</span> <span class='ocrx_word' id='word_1_192' title='bbox 918 2756 1050 2817; x_wconf 90' lang='lat' dir='ltr'>senatu</span> <span class='ocrx_word' id='word_1_193' title='bbox 1070 2757 1203 2816; x_wconf 91' lang='lat' dir='ltr'>contra</span> <span class='ocrx_word' id='word_1_194' title='bbox 1232 2729 1476 2817; x_wconf 88' lang='lat' dir='ltr'>sceleratos</span> <span class='ocrx_word' id='word_1_195' title='bbox 1444 2760 1543 2821; x_wconf 73' lang='lat' dir='ltr'>cutes</span> 
     </span>
     <span class='ocr_line' id='line_1_22' title="bbox 93 2847 1634 2967; baseline 0.003 -36"><span class='ocrx_word' id='word_1_196' title='bbox 93 2850 292 2936; x_wconf 87' lang='lat' dir='ltr'>tutabatur</span> <span class='ocrx_word' id='word_1_197' title='bbox 311 2853 496 2959; x_wconf 89' lang='lat' dir='ltr'>,verba,</span> <span class='ocrx_word' id='word_1_198' title='bbox 523 2849 661 2967; x_wconf 92' lang='lat' dir='ltr'>quibus</span> <span class='ocrx_word' id='word_1_199' title='bbox 689 2851 805 2936; x_wconf 90' lang='lat' dir='ltr'>utitur</span> <span class='ocrx_word' id='word_1_200' title='bbox 838 2850 878 2935; x_wconf 90' lang='lat' dir='ltr'>in</span> <span class='ocrx_word' id='word_1_201' title='bbox 911 2849 1108 2965; x_wconf 86' lang='lat' dir='ltr'>evangelio</span> <span class='ocrx_word' id='word_1_202' title='bbox 1132 2847 1331 2955; x_wconf 89' lang='lat' dir='ltr'>Christus,</span> <span class='ocrx_word' id='word_1_203' title='bbox 1353 2878 1544 2964; x_wconf 78' lang='lat' dir='ltr'>usurpasse</span> <span class='ocrx_word' id='word_1_204' title='bbox 1630 2884 1634 2891; x_wconf 76' lang='grc'><strong>’</strong></span> 
     </span>
     <span class='ocr_line' id='line_1_23' title="bbox 95 2913 1747 3082; baseline 0.001 -34"><span class='ocrx_word' id='word_1_205' title='bbox 95 2967 284 3051; x_wconf 87' lang='lat' dir='ltr'>traditur:</span> <span class='ocrx_word' id='word_1_206' title='bbox 311 2913 406 3077; x_wconf 58' lang='lat' dir='ltr'>’Qut&#39;</span> <span class='ocrx_word' id='word_1_207' title='bbox 434 2997 502 3054; x_wconf 86' lang='lat' dir='ltr'>non</span> <span class='ocrx_word' id='word_1_208' title='bbox 526 2985 584 3053; x_wconf 83' lang='lat' dir='ltr'>est</span> <span class='ocrx_word' id='word_1_209' title='bbox 600 2995 763 3075; x_wconf 83' lang='lat' dir='ltr'>mecum,</span> <span class='ocrx_word' id='word_1_210' title='bbox 786 2983 919 3051; x_wconf 84' lang='lat' dir='ltr'>contra</span> <span class='ocrx_word' id='word_1_211' title='bbox 934 2994 991 3050; x_wconf 87' lang='lat' dir='ltr'>me</span> <span class='ocrx_word' id='word_1_212' title='bbox 1005 2983 1089 3050; x_wconf 84' lang='lat' dir='ltr'>est:</span> <span class='ocrx_word' id='word_1_213' title='bbox 1114 2966 1205 3051; x_wconf 84' lang='lat' dir='ltr'>alter</span> <span class='ocrx_word' id='word_1_214' title='bbox 1222 2995 1336 3081; x_wconf 90' lang='lat' dir='ltr'>,qur</span> <span class='ocrx_word' id='word_1_215' title='bbox 1306 2963 1462 3053; x_wconf 92' lang='lat' dir='ltr'>eidem</span> <span class='ocrx_word' id='word_1_216' title='bbox 1478 2997 1543 3082; x_wconf 90' lang='lat' dir='ltr'>pa·</span> <span class='ocrx_word' id='word_1_217' title='bbox 1555 3000 1676 3052; x_wconf 62' lang='lat' dir='ltr'>nam</span> <span class='ocrx_word' id='word_1_218' title='bbox 1743 3064 1747 3071; x_wconf 85' lang='lat'><em>.</em></span> 
     </span>
     <span class='ocr_line' id='line_1_24' title="bbox 95 3025 1544 3203; baseline 0.006 -37"><span class='ocrx_word' id='word_1_219' title='bbox 95 3081 188 3168; x_wconf 91' lang='lat' dir='ltr'>triae</span> <span class='ocrx_word' id='word_1_220' title='bbox 217 3084 434 3171; x_wconf 87' lang='lat' dir='ltr'>servitutem</span> <span class='ocrx_word' id='word_1_221' title='bbox 456 3085 734 3203; x_wconf 86' lang='lat' dir='ltr'>flagitiosissime</span> <span class='ocrx_word' id='word_1_222' title='bbox 751 3031 1015 3189; x_wconf 86' lang='lat' dir='ltr'>moliebatur,</span> <span class='ocrx_word' id='word_1_223' title='bbox 1042 3115 1097 3170; x_wconf 82' lang='lat' dir='ltr'>sur</span> <span class='ocrx_word' id='word_1_224' title='bbox 1087 3025 1266 3169; x_wconf 80' lang='lat' dir='ltr'>sceleiis</span> <span class='ocrx_word' id='word_1_225' title='bbox 1293 3084 1460 3172; x_wconf 90' lang='lat' dir='ltr'>conscius</span> <span class='ocrx_word' id='word_1_226' title='bbox 1487 3087 1544 3174; x_wconf 91' lang='lat' dir='ltr'>vi·</span> 
     </span>
     <span class='ocr_line' id='line_1_25' title="bbox 93 3198 1540 3319; baseline 0.003 -35"><span class='ocrx_word' id='word_1_227' title='bbox 93 3198 212 3285; x_wconf 89' lang='lat' dir='ltr'>cissim</span> <span class='ocrx_word' id='word_1_228' title='bbox 239 3201 420 3289; x_wconf 87' lang='lat' dir='ltr'>dictitasse</span> <span class='ocrx_word' id='word_1_229' title='bbox 449 3199 593 3308; x_wconf 85' lang='lat' dir='ltr'>fertur,</span> <span class='ocrx_word' id='word_1_230' title='bbox 613 3233 685 3319; x_wconf 93' lang='lat' dir='ltr'>pro</span> <span class='ocrx_word' id='word_1_231' title='bbox 707 3232 744 3288; x_wconf 88' lang='lat' dir='ltr'>se</span> <span class='ocrx_word' id='word_1_232' title='bbox 767 3229 844 3288; x_wconf 87' lang='lat' dir='ltr'>esse</span> <span class='ocrx_word' id='word_1_233' title='bbox 861 3202 957 3318; x_wconf 89' lang='lat' dir='ltr'>,qui</span> <span class='ocrx_word' id='word_1_234' title='bbox 982 3230 1064 3287; x_wconf 88' lang='lat' dir='ltr'>non</span> <span class='ocrx_word' id='word_1_235' title='bbox 1091 3227 1185 3288; x_wconf 88' lang='lat' dir='ltr'>esset</span> <span class='ocrx_word' id='word_1_236' title='bbox 1205 3226 1339 3287; x_wconf 87' lang='lat' dir='ltr'>contra</span> <span class='ocrx_word' id='word_1_237' title='bbox 1354 3231 1412 3288; x_wconf 88' lang='lat' dir='ltr'>se.</span> <span class='ocrx_word' id='word_1_238' title='bbox 1441 3203 1540 3315; x_wconf 74' lang='lat' dir='ltr'>Iniu-</span> 
     </span>
     <span class='ocr_line' id='line_1_26' title="bbox 93 3316 1540 3456; baseline 0.006 -55"><span class='ocrx_word' id='word_1_239' title='bbox 93 3316 186 3403; x_wconf 81' lang='lat' dir='ltr'>riam</span> <span class='ocrx_word' id='word_1_240' title='bbox 218 3318 331 3437; x_wconf 84' lang='lat' dir='ltr'>igitur</span> <span class='ocrx_word' id='word_1_241' title='bbox 358 3319 459 3410; x_wconf 89' lang='lat' dir='ltr'>vel</span> <span class='ocrx_word' id='word_1_242' title='bbox 450 3352 488 3406; x_wconf 90' lang='grc' dir='ltr'>ιιι</span> <span class='ocrx_word' id='word_1_243' title='bbox 516 3321 635 3408; x_wconf 90' lang='lat' dir='ltr'>socios</span> <span class='ocrx_word' id='word_1_244' title='bbox 664 3321 757 3407; x_wconf 92' lang='lat' dir='ltr'>vel</span> <span class='ocrx_word' id='word_1_245' title='bbox 748 3350 787 3408; x_wconf 90' lang='grc' dir='ltr'>ιιι</span> <span class='ocrx_word' id='word_1_246' title='bbox 813 3351 883 3406; x_wconf 90' lang='lat' dir='ltr'>nos</span> <span class='ocrx_word' id='word_1_247' title='bbox 899 3382 911 3426; x_wconf 92' lang='lat'>,</span> <span class='ocrx_word' id='word_1_248' title='bbox 928 3319 1062 3456; x_wconf 79' lang='lat' dir='ltr'>quibus</span> <span class='ocrx_word' id='word_1_249' title='bbox 1091 3318 1215 3404; x_wconf 89' lang='lat' dir='ltr'>mhil</span> <span class='ocrx_word' id='word_1_250' title='bbox 1206 3319 1288 3435; x_wconf 76' lang='lat' dir='ltr'>apsis</span> <span class='ocrx_word' id='word_1_251' title='bbox 1317 3321 1434 3406; x_wconf 89' lang='lat' dir='ltr'>carius</span> <span class='ocrx_word' id='word_1_252' title='bbox 1463 3350 1540 3410; x_wconf 86' lang='lat' dir='ltr'>esse</span> 
     </span>
     <span class='ocr_line' id='line_1_27' title="bbox 89 3431 1537 3555; baseline 0.001 -34"><span class='ocrx_word' id='word_1_253' title='bbox 89 3460 246 3548; x_wconf 88' lang='lat' dir='ltr'>potest,</span> <span class='ocrx_word' id='word_1_254' title='bbox 260 3438 404 3525; x_wconf 91' lang='lat' dir='ltr'>illatam</span> <span class='ocrx_word' id='word_1_255' title='bbox 424 3438 666 3555; x_wconf 85' lang='lat' dir='ltr'>propulsare,</span> <span class='ocrx_word' id='word_1_256' title='bbox 682 3440 819 3526; x_wconf 89' lang='lat' dir='ltr'>codem</span> <span class='ocrx_word' id='word_1_257' title='bbox 844 3439 995 3524; x_wconf 92' lang='lat' dir='ltr'>modo</span> <span class='ocrx_word' id='word_1_258' title='bbox 986 3463 1123 3550; x_wconf 59' lang='lat' dir='ltr'>qustum</span> <span class='ocrx_word' id='word_1_259' title='bbox 1140 3467 1216 3524; x_wconf 88' lang='lat' dir='ltr'>esse</span> <span class='ocrx_word' id='word_1_260' title='bbox 1231 3431 1396 3525; x_wconf 89' lang='lat' dir='ltr'>dicemus</span> <span class='ocrx_word' id='word_1_261' title='bbox 1419 3470 1537 3554; x_wconf 87' lang='lat' dir='ltr'>spon-</span> 
     </span>
     <span class='ocr_line' id='line_1_28' title="bbox 90 3555 1625 3692; baseline 0.006 -58"><span class='ocrx_word' id='word_1_262' title='bbox 90 3574 132 3636; x_wconf 88' lang='lat' dir='ltr'>te</span> <span class='ocrx_word' id='word_1_263' title='bbox 159 3583 250 3640; x_wconf 86' lang='lat' dir='ltr'>sua.</span> <span class='ocrx_word' id='word_1_264' title='bbox 282 3562 393 3642; x_wconf 75' lang='lat' dir='ltr'>Leon.</span> <span class='ocrx_word' id='word_1_265' title='bbox 426 3562 521 3644; x_wconf 90' lang='lat' dir='ltr'>Mea</span> <span class='ocrx_word' id='word_1_266' title='bbox 548 3557 702 3692; x_wconf 84' lang='lat' dir='ltr'>quidem</span> <span class='ocrx_word' id='word_1_267' title='bbox 735 3557 938 3643; x_wconf 87' lang='lat' dir='ltr'>sententia.</span> <span class='ocrx_word' id='word_1_268' title='bbox 970 3561 1073 3642; x_wconf 76' lang='lat' dir='ltr'>Dan.</span> <span class='ocrx_word' id='word_1_269' title='bbox 1097 3555 1228 3642; x_wconf 91' lang='lat' dir='ltr'>Cum</span> <span class='ocrx_word' id='word_1_270' title='bbox 1220 3557 1329 3672; x_wconf 86' lang='lat' dir='ltr'>rgitur</span> <span class='ocrx_word' id='word_1_271' title='bbox 1338 3555 1459 3641; x_wconf 89' lang='lat' dir='ltr'>bello</span> <span class='ocrx_word' id='word_1_272' title='bbox 1486 3556 1625 3643; x_wconf 70' lang='lat' dir='ltr'>let</span> <span class='ocrx_word' id='word_1_273' title='bbox 1551 3579 1625 3686; x_wconf 63' lang='grc' dir='ltr'>1ο113</span> 
     </span>
     <span class='ocr_line' id='line_1_29' title="bbox 93 3640 1730 3790; baseline 0.002 -36"><span class='ocrx_word' id='word_1_274' title='bbox 93 3697 218 3788; x_wconf 86' lang='lat' dir='ltr'>gem</span> <span class='ocrx_word' id='word_1_275' title='bbox 210 3698 364 3760; x_wconf 89' lang='lat' dir='ltr'>naturae</span> <span class='ocrx_word' id='word_1_276' title='bbox 387 3675 548 3781; x_wconf 90' lang='lat' dir='ltr'>violari,</span> <span class='ocrx_word' id='word_1_277' title='bbox 569 3674 597 3760; x_wconf 90' lang='lat' dir='ltr'>si</span> <span class='ocrx_word' id='word_1_278' title='bbox 631 3676 681 3761; x_wconf 91' lang='lat' dir='ltr'>ad</span> <span class='ocrx_word' id='word_1_279' title='bbox 706 3673 894 3759; x_wconf 91' lang='lat' dir='ltr'>alterius</span> <span class='ocrx_word' id='word_1_280' title='bbox 884 3660 1053 3786; x_wconf 80' lang='lat' dir='ltr'>mjuriam</span> <span class='ocrx_word' id='word_1_281' title='bbox 1084 3697 1296 3790; x_wconf 89' lang='lat' dir='ltr'>susceptum</span> <span class='ocrx_word' id='word_1_282' title='bbox 1322 3671 1433 3759; x_wconf 87' lang='lat' dir='ltr'>fuerit</span> <span class='ocrx_word' id='word_1_283' title='bbox 1449 3669 1536 3779; x_wconf 90' lang='lat' dir='ltr'>,fa·</span> <span class='ocrx_word' id='word_1_284' title='bbox 1549 3585 1731 3748; x_wconf 48' lang='grc' dir='ltr'>τειιιιιιιἭα</span> 
     </span>
     <span class='ocr_line' id='line_1_30' title="bbox 90 3738 1535 3925; baseline 0.006 -55"><span class='ocrx_word' id='word_1_285' title='bbox 90 3791 268 3874; x_wconf 82' lang='lat' dir='ltr'>reamur:</span> <span class='ocrx_word' id='word_1_286' title='bbox 289 3822 418 3877; x_wconf 91' lang='lat' dir='ltr'>nonne</span> <span class='ocrx_word' id='word_1_287' title='bbox 442 3738 569 3879; x_wconf 83' lang='lat' dir='ltr'>iderti</span> <span class='ocrx_word' id='word_1_288' title='bbox 560 3818 697 3901; x_wconf 60' lang='lat' dir='ltr'>,ustum</span> <span class='ocrx_word' id='word_1_289' title='bbox 722 3821 798 3878; x_wconf 89' lang='lat' dir='ltr'>esse</span> <span class='ocrx_word' id='word_1_290' title='bbox 824 3817 980 3878; x_wconf 89' lang='lat' dir='ltr'>naturae</span> <span class='ocrx_word' id='word_1_291' title='bbox 1003 3792 1104 3925; x_wconf 85' lang='lat' dir='ltr'>lege</span> <span class='ocrx_word' id='word_1_292' title='bbox 1113 3790 1281 3878; x_wconf 86' lang='lat' dir='ltr'>confiteri</span> <span class='ocrx_word' id='word_1_293' title='bbox 1305 3801 1451 3876; x_wconf 86' lang='lat' dir='ltr'>necesse</span> <span class='ocrx_word' id='word_1_294' title='bbox 1466 3820 1535 3901; x_wconf 89' lang='lat' dir='ltr'>est,</span> 
     </span>
     <span class='ocr_line' id='line_1_31' title="bbox 59 3903 1536 4046; baseline 0.006 -59"><span class='ocrx_word' id='word_1_295' title='bbox 59 3994 61 4013; x_wconf 49' lang='grc'><strong>1</strong></span> <span class='ocrx_word' id='word_1_296' title='bbox 90 3934 120 3988; x_wconf 86' lang='lat' dir='ltr'>sr</span> <span class='ocrx_word' id='word_1_297' title='bbox 109 3903 195 3990; x_wconf 90' lang='lat' dir='ltr'>ad</span> <span class='ocrx_word' id='word_1_298' title='bbox 225 3907 516 3995; x_wconf 87' lang='lat' dir='ltr'>violentorum</span> <span class='ocrx_word' id='word_1_299' title='bbox 506 3910 676 4019; x_wconf 71' lang='lat' dir='ltr'>rniuriam</span> <span class='ocrx_word' id='word_1_300' title='bbox 693 3910 1014 4046; x_wconf 84' lang='lat' dir='ltr'>propulsandam,</span> <span class='ocrx_word' id='word_1_301' title='bbox 1032 3936 1072 3996; x_wconf 91' lang='lat' dir='ltr'>et</span> <span class='ocrx_word' id='word_1_302' title='bbox 1095 3908 1311 3996; x_wconf 91' lang='lat' dir='ltr'>innocentes</span> <span class='ocrx_word' id='word_1_303' title='bbox 1332 3906 1536 3996; x_wconf 87' lang='lat' dir='ltr'>defenden-</span> 
     </span>
     <span class='ocr_line' id='line_1_32' title="bbox 79 4022 1543 4144; baseline 0.005 -37"><span class='ocrx_word' id='word_1_304' title='bbox 79 4022 186 4108; x_wconf 87' lang='lat' dir='ltr'>dum</span> <span class='ocrx_word' id='word_1_305' title='bbox 203 4025 447 4140; x_wconf 81' lang='lat' dir='ltr'>suscipiatur?</span> <span class='ocrx_word' id='word_1_306' title='bbox 476 4034 586 4114; x_wconf 69' lang='lat' dir='ltr'>Leon.</span> <span class='ocrx_word' id='word_1_307' title='bbox 616 4034 687 4113; x_wconf 87' lang='lat' dir='ltr'>lsta</span> <span class='ocrx_word' id='word_1_308' title='bbox 716 4028 871 4143; x_wconf 90' lang='lat' dir='ltr'>quidem</span> <span class='ocrx_word' id='word_1_309' title='bbox 895 4029 1040 4114; x_wconf 90' lang='lat' dir='ltr'>ratione</span> <span class='ocrx_word' id='word_1_310' title='bbox 1058 4029 1108 4114; x_wconf 88' lang='lat' dir='ltr'>sic</span> <span class='ocrx_word' id='word_1_311' title='bbox 1124 4028 1272 4114; x_wconf 87' lang='lat' dir='ltr'>videtur</span> <span class='ocrx_word' id='word_1_312' title='bbox 1288 4089 1300 4133; x_wconf 92' lang='lat'>,</span> <span class='ocrx_word' id='word_1_313' title='bbox 1316 4057 1392 4144; x_wconf 82' lang='lat' dir='ltr'>ego</span> <span class='ocrx_word' id='word_1_314' title='bbox 1407 4053 1543 4115; x_wconf 87' lang='lat' dir='ltr'>tamen</span> 
     </span>
     <span class='ocr_line' id='line_1_33' title="bbox 76 4140 1537 4283; baseline 0.006 -60"><span class='ocrx_word' id='word_1_315' title='bbox 76 4140 186 4250; x_wconf 88' lang='lat' dir='ltr'>quid</span> <span class='ocrx_word' id='word_1_316' title='bbox 207 4144 434 4258; x_wconf 89' lang='lat' dir='ltr'>praeceperit</span> <span class='ocrx_word' id='word_1_317' title='bbox 464 4147 662 4250; x_wconf 88' lang='lat' dir='ltr'>Christus,</span> <span class='ocrx_word' id='word_1_318' title='bbox 681 4172 719 4232; x_wconf 90' lang='lat' dir='ltr'>et</span> <span class='ocrx_word' id='word_1_319' title='bbox 744 4146 981 4263; x_wconf 84' lang='lat' dir='ltr'>evangelicae</span> <span class='ocrx_word' id='word_1_320' title='bbox 1019 4145 1238 4249; x_wconf 86' lang='lat' dir='ltr'>doctrinae,</span> <span class='ocrx_word' id='word_1_321' title='bbox 1256 4148 1305 4233; x_wconf 90' lang='lat' dir='ltr'>de</span> <span class='ocrx_word' id='word_1_322' title='bbox 1328 4177 1406 4261; x_wconf 87' lang='lat' dir='ltr'>qua</span> <span class='ocrx_word' id='word_1_323' title='bbox 1429 4145 1537 4283; x_wconf 77' lang='lat' dir='ltr'>initio</span> 
     </span>
     <span class='ocr_line' id='line_1_34' title="bbox 92 4207 1536 4380; baseline 0.008 -42"><span class='ocrx_word' id='word_1_324' title='bbox 92 4254 195 4360; x_wconf 85' lang='lat' dir='ltr'>dixi,</span> <span class='ocrx_word' id='word_1_325' title='bbox 212 4262 448 4348; x_wconf 90' lang='lat' dir='ltr'>meminero.</span> <span class='ocrx_word' id='word_1_326' title='bbox 476 4293 546 4349; x_wconf 92' lang='lat' dir='ltr'>nec</span> <span class='ocrx_word' id='word_1_327' title='bbox 561 4207 664 4349; x_wconf 86' lang='lat' dir='ltr'>Pauli</span> <span class='ocrx_word' id='word_1_328' title='bbox 690 4264 835 4350; x_wconf 85' lang='lat' dir='ltr'>momta</span> <span class='ocrx_word' id='word_1_329' title='bbox 852 4267 927 4350; x_wconf 89' lang='lat' dir='ltr'>huc</span> <span class='ocrx_word' id='word_1_330' title='bbox 957 4262 1177 4377; x_wconf 84' lang='lat' dir='ltr'>pertinentia</span> <span class='ocrx_word' id='word_1_331' title='bbox 1193 4288 1428 4349; x_wconf 86' lang='lat' dir='ltr'>contemsero</span> <span class='ocrx_word' id='word_1_332' title='bbox 1441 4263 1536 4380; x_wconf 91' lang='lat' dir='ltr'>,qui</span> 
     </span>
     <span class='ocr_line' id='line_1_35' title="bbox 90 4375 1537 4496; baseline 0.009 -41"><span class='ocrx_word' id='word_1_333' title='bbox 90 4399 174 4457; x_wconf 91' lang='lat' dir='ltr'>non</span> <span class='ocrx_word' id='word_1_334' title='bbox 199 4375 286 4461; x_wconf 82' lang='lat' dir='ltr'>drco</span> <span class='ocrx_word' id='word_1_335' title='bbox 298 4379 425 4484; x_wconf 92' lang='lat' dir='ltr'>bella</span> <span class='ocrx_word' id='word_1_336' title='bbox 441 4381 507 4465; x_wconf 90' lang='lat' dir='ltr'>sed</span> <span class='ocrx_word' id='word_1_337' title='bbox 522 4383 603 4467; x_wconf 87' lang='lat' dir='ltr'>lites</span> <span class='ocrx_word' id='word_1_338' title='bbox 615 4411 744 4496; x_wconf 94' lang='lat' dir='ltr'>,quae</span> <span class='ocrx_word' id='word_1_339' title='bbox 773 4406 861 4468; x_wconf 87' lang='lat' dir='ltr'>sunt</span> <span class='ocrx_word' id='word_1_340' title='bbox 877 4381 1000 4468; x_wconf 90' lang='lat' dir='ltr'>multo</span> <span class='ocrx_word' id='word_1_341' title='bbox 1015 4380 1263 4467; x_wconf 91' lang='lat' dir='ltr'>tolerabiliora</span> <span class='ocrx_word' id='word_1_342' title='bbox 1290 4382 1417 4487; x_wconf 87' lang='lat' dir='ltr'>mala,</span> <span class='ocrx_word' id='word_1_343' title='bbox 1434 4381 1537 4469; x_wconf 88' lang='lat' dir='ltr'>Chri·</span> 
     </span>
     <span class='ocr_line' id='line_1_36' title="bbox 89 4442 1711 4614; baseline 0.007 -41"><span class='ocrx_word' id='word_1_344' title='bbox 89 4489 214 4577; x_wconf 91' lang='lat' dir='ltr'>stianis</span> <span class='ocrx_word' id='word_1_345' title='bbox 243 4494 294 4580; x_wconf 91' lang='lat' dir='ltr'>ad</span> <span class='ocrx_word' id='word_1_346' title='bbox 310 4498 526 4584; x_wconf 87' lang='lat' dir='ltr'>Corinthios</span> <span class='ocrx_word' id='word_1_347' title='bbox 555 4444 741 4603; x_wconf 88' lang='lat' dir='ltr'>scribens,</span> <span class='ocrx_word' id='word_1_348' title='bbox 759 4499 814 4584; x_wconf 88' lang='lat' dir='ltr'>his</span> <span class='ocrx_word' id='word_1_349' title='bbox 845 4499 965 4587; x_wconf 88' lang='lat' dir='ltr'>verbis</span> <span class='ocrx_word' id='word_1_350' title='bbox 988 4497 1200 4585; x_wconf 83' lang='lat' dir='ltr'>interdicit:</span> <span class='ocrx_word' id='word_1_351' title='bbox 1239 4498 1361 4614; x_wconf 76' lang='lat' dir='ltr'>Jam,</span> <span class='ocrx_word' id='word_1_352' title='bbox 1386 4442 1572 4614; x_wconf 75' lang='lat' dir='ltr'>linquit,¹·</span> <span class='ocrx_word' id='word_1_353' title='bbox 1563 4493 1667 4544; x_wconf 76' lang='lat'>&#39;’¹⁰&#39;⁶</span> <span class='ocrx_word' id='word_1_354' title='bbox 1668 4495 1711 4550; x_wconf 54' lang='grc' dir='ltr'>’θ’</span> 
     </span>
     <span class='ocr_line' id='line_1_37' title="bbox 85 4560 1530 4726; baseline 0.006 -34"><span class='ocrx_word' id='word_1_355' title='bbox 85 4619 228 4695; x_wconf 80' lang='lat' dir='ltr'>omnino</span> <span class='ocrx_word' id='word_1_356' title='bbox 246 4616 418 4698; x_wconf 83' lang='lat' dir='ltr'>delictum</span> <span class='ocrx_word' id='word_1_357' title='bbox 438 4633 496 4698; x_wconf 84' lang='lat' dir='ltr'>cst</span> <span class='ocrx_word' id='word_1_358' title='bbox 520 4624 560 4700; x_wconf 86' lang='lat' dir='ltr'>t‘n</span> <span class='ocrx_word' id='word_1_359' title='bbox 585 4619 697 4700; x_wconf 79' lang='lat' dir='ltr'>vobis</span> <span class='ocrx_word' id='word_1_360' title='bbox 713 4676 726 4721; x_wconf 95' lang='lat'>,</span> <span class='ocrx_word' id='word_1_361' title='bbox 729 4560 837 4724; x_wconf 58' lang='lat' dir='ltr'>’quod</span> <span class='ocrx_word' id='word_1_362' title='bbox 852 4621 1001 4726; x_wconf 80' lang='lat' dir='ltr'>judicia</span> <span class='ocrx_word' id='word_1_363' title='bbox 1016 4618 1163 4700; x_wconf 77' lang='lat' dir='ltr'>habetis</span> <span class='ocrx_word' id='word_1_364' title='bbox 1179 4626 1277 4701; x_wconf 81' lang='lat' dir='ltr'>inter</span> <span class='ocrx_word' id='word_1_365' title='bbox 1294 4646 1365 4702; x_wconf 86' lang='lat' dir='ltr'>vos</span> <span class='ocrx_word' id='word_1_366' title='bbox 1383 4672 1396 4720; x_wconf 87' lang='lat'>,</span> <span class='ocrx_word' id='word_1_367' title='bbox 1412 4644 1530 4723; x_wconf 83' lang='lat' dir='ltr'>quare</span> 
     </span>
     <span class='ocr_line' id='line_1_38' title="bbox 86 4726 1569 4867; baseline 0.006 -60"><span class='ocrx_word' id='word_1_368' title='bbox 86 4751 158 4808; x_wconf 85' lang='lat' dir='ltr'>non</span> <span class='ocrx_word' id='word_1_369' title='bbox 186 4739 308 4841; x_wconf 81' lang='lat' dir='ltr'>magis</span> <span class='ocrx_word' id='word_1_370' title='bbox 332 4737 509 4842; x_wconf 77' lang='lat' dir='ltr'>injuriam</span> <span class='ocrx_word' id='word_1_371' title='bbox 525 4742 704 4841; x_wconf 81' lang='lat' dir='ltr'>accipitis</span> <span class='ocrx_word' id='word_1_372' title='bbox 721 4791 736 4867; x_wconf 83' lang='lat'>’.</span> <span class='ocrx_word' id='word_1_373' title='bbox 753 4760 867 4840; x_wconf 79' lang='lat' dir='ltr'>quare</span> <span class='ocrx_word' id='word_1_374' title='bbox 893 4759 963 4819; x_wconf 84' lang='lat' dir='ltr'>non</span> <span class='ocrx_word' id='word_1_375' title='bbox 979 4744 1100 4845; x_wconf 83' lang='lat' dir='ltr'>magis</span> <span class='ocrx_word' id='word_1_376' title='bbox 1115 4733 1297 4839; x_wconf 86' lang='lat' dir='ltr'>fraudem</span> <span class='ocrx_word' id='word_1_377' title='bbox 1314 4737 1529 4845; x_wconf 73' lang='lat' dir='ltr'>patimini?</span> <span class='ocrx_word' id='word_1_378' title='bbox 1567 4726 1569 4731; x_wconf 69' lang='grc'><strong>’</strong></span> 
     </span>
     <span class='ocr_line' id='line_1_39' title="bbox 80 4843 1532 5055; baseline 0.006 -126"><span class='ocrx_word' id='word_1_379' title='bbox 80 4843 255 4936; x_wconf 85' lang='lat' dir='ltr'>Christus</span> <span class='ocrx_word' id='word_1_380' title='bbox 280 4874 321 4938; x_wconf 91' lang='lat' dir='ltr'>et</span> <span class='ocrx_word' id='word_1_381' title='bbox 347 4851 523 4941; x_wconf 90' lang='lat' dir='ltr'>Paulus</span> <span class='ocrx_word' id='word_1_382' title='bbox 514 4852 661 4973; x_wconf 78' lang='lat' dir='ltr'>rnjutias</span> <span class='ocrx_word' id='word_1_383' title='bbox 688 4849 838 4939; x_wconf 88' lang='lat' dir='ltr'>immicis</span> <span class='ocrx_word' id='word_1_384' title='bbox 865 4881 935 4942; x_wconf 87' lang='lat' dir='ltr'>nos</span> <span class='ocrx_word' id='word_1_385' title='bbox 967 4854 1186 4944; x_wconf 85' lang='lat' dir='ltr'>condonare</span> <span class='ocrx_word' id='word_1_386' title='bbox 1218 4851 1353 4972; x_wconf 74' lang='lat' dir='ltr'>jubet,</span> <span class='ocrx_word' id='word_1_387' title='bbox 1378 4878 1423 4939; x_wconf 93' lang='lat' dir='ltr'>tu</span> <span class='ocrx_word' id='word_1_388' title='bbox 1445 4880 1532 5055; x_wconf 78' lang='lat' dir='ltr'>lpos</span> 
     </span>
     <span class='ocr_line' id='line_1_40' title="bbox 1474 4999 1532 5057; baseline -0.023 0"><span class='ocrx_word' id='word_1_389' title='bbox 1474 4999 1532 5057; x_wconf 88' lang='lat' dir='ltr'>or·</span> 
     </span>
    </p>
   </div>
   <div class='ocr_carea' id='block_1_3' title="bbox 0 0 2033 5858">
    <p class='ocr_par' dir='ltr' id='par_1_3' title="bbox 0 0 2033 5858">
     <span class='ocr_line' id='line_1_41' title="bbox 0 0 2033 5858; baseline 0 0"><span class='ocrx_word' id='word_1_390' title='bbox 0 0 2033 5858; x_wconf 95' lang='lat' dir='ltr'> </span> 
     </span>
    </p>
   </div>
  </div>
 </body>
</html>
