4050 5858
519 377 588 449 266
976 371 1454 444 DEMOCRATES

496 503 580 608 nis,
596 525 635 588 et
662 499 820 617 proinde
848 491 957 593 vobis
976 494 1061 582 tam
1092 489 1207 613 longe
1231 494 1420 610 producto
1445 496 1617 582 sermone
1648 522 1731 581 non
1752 496 1808 581 ιιι
1807 492 1953 615 gligen-

497 563 614 707 dudr.
661 626 761 705 Dan
791 617 910 713 Quasi
938 614 1045 704 veto
1064 640 1164 738 quae
1195 615 1374 702 hactenus
1406 615 1505 702 dicta
1533 639 1649 725 sunt,
1665 615 1718 700 ad
1742 615 1843 700 banc
1872 637 1951 704 ιιιιι

499 768 580 826 non
605 740 762 824 maxime
786 737 1027 851 pertineant,
1041 760 1131 817 cum
1161 733 1445 819 declaratum
1417 758 1490 839 ιιι,
1517 732 1716 850 multisque
1740 735 1950 824 rationibus

501 855 700 963 effectum,
720 856 860 941 nullam
877 883 954 940 esse
969 850 1128 937 omnino
1145 854 1322 940 virtutem
1338 910 1350 956 ,
1366 880 1483 966 quam
1498 851 1626 967 religio
1641 839 1853 939 Christiana
1868 884 1948 941 non

500 976 771 1110 amplectatur.
802 973 898 1058 Sic
890 973 1001 1089 igitur
1033 971 1238 1056 existimate
1269 970 1412 1078 debes,
1429 966 1617 1074 Alfonsc,
1635 968 1727 1056 nihil
1757 999 1883 1086 neque
1906 975 1946 1059 ιιι

500 1123 541 1178 te
570 1093 714 1178 militari
744 1120 868 1226 neque
893 1092 931 1175 in
955 1090 1200 1226 aliquantae
1226 1109 1345 1204 parte
1355 1097 1379 1171 a
1400 1088 1622 1176 Christiana
1638 1090 1812 1184 doctrina
1836 1119 1943 1225 repu-

501 1212 592 1297 diari
609 1274 620 1317 ,
637 1211 745 1327 quod
771 1210 915 1299 virtutis
940 1211 1098 1296 nomine'
1127 1212 1349 1312 censeatur,
1375 1208 1465 1292 nihil
1482 1205 1621 1343 ,quod
1649 1235 1730 1291 non
1747 1208 1805 1294 sit
1832 1210 1942 1299 ctiam

501 1329 813 1484 philosophorum
828 1385 840 1434 ,
857 1356 952 1413 ιιοιι
949 1325 1085 1413 modo
1099 1325 1367 1461 religiosorum
1391 1323 1587 1439 judicio
1552 1325 1757 1413 vitiosum.
1931 1393 1932 1398 ι

561 1450 686 1534 XVII.
747 1454 833 1535 Αιι.
868 1443 1070 1561 injuriam
1061 1444 1172 1560 igitur
1200 1444 1399 1580 persequi,
1415 1470 1455 1531 et
1479 1443 1605 1531 hostes
1627 1444 1940 1562 pertinaciterul

501 1565 585 1649 cisci
601 1564 845 1681 ,avidiusque
878 1565 1035 1682 gloriam
1049 1587 1240 1695 appetere
1265 1562 1440 1650 vitiosum
1465 1571 1602 1698 putas?
1636 1568 1739 1650 Dru.
1766 1570 1857 1681 Ego
1882 1595 1942 1653 ve·

500 1710 546 1766 ιο
577 1709 720 1788 certum
746 1685 900 1789 habeo,
928 1685 977 1767 sic
1000 1679 1101 1766 enim
1130 1679 1354 1795 judicant
1318 1681 1387 1768 vrti
1416 1683 1618 1803 sapientes
1664 1685 1756 1766 Αιι.
1788 1689 1942 1770 Arnon

499 1801 569 1886 viti
598 1783 739 1914 fortes,
759 1818 925 1918 quorum
951 1797 1073 1884 famae
1096 1823 1135 1883 et
1131 1797 1304 1931 gloriae
1331 1797 1452 1912 prima
1482 1822 1603 1885 estet
1633 1800 1793 1885 maitima
1820 1830 1940 1890 cura.

498 1920 595 2014 Quis
620 1921 720 2005 enim
745 1919 950 2004 mediocris
960 1916 1099 2002 miles
1090 1915 1222 2031 injuria
1244 1917 1360 2031 paulo
1382 1917 1554 2034 graviore
1577 1915 1761 2004 lacessitus
1781 1947 1863 2005 non
1888 1920 1941 2009 vi.

498 2051 578 2122 tam
596 2050 703 2153 putat
728 2038 795 2122 sibi
820 2064 896 2121 esse
914 2033 1180 2152 peracerbum,
1197 2034 1381 2151 quamdiu
1406 2063 1486 2120 ιιοιι
1514 2035 1666 2121 datur
1657 2036 1847 2124 ιιιιιιιιιιιιιι
1862 2066 1943 2153 poe

497 2154 553 2239 nis
585 2156 720 2240 metitis
756 2154 905 2239 ulcisci?
941 2161 1072 2268 ltaque
1104 2154 1243 2239 multos
1269 2151 1396 2239 videas
1412 2153 1647 2268 ,desperata
1669 2153 1852 2242 vindictae
1881 2180 1942 2244 tu·

496 2273 598 2358 tioris
621 2272 816 2359 occasione
832 2271 946 2378 ,vel
938 2298 1012 2357 trae
1035 2298 1079 2354 ac
1101 2299 1230 2357 morae
1253 2270 1512 2384 impatientes,
1529 2275 1578 2359 ad
1604 2297 1791 2360 certamen
1814 2274 1942 2392 singu·

496 2387 572 2478 iate
603 2421 713 2477 suum
737 2418 928 2506 quemque
955 2389 1144 2474 inimicum
1172 2416 1406 2526 provocate,
1433 2414 1551 2476 uteo
1579 2391 1643 2476 vel
1671 2391 1852 2494 sublato,
1881 2393 1941 2480 vel

495 2506 656 2624 impulso
679 2509 747 2595 ad
755 2509 1016 2612 deditionem,
1034 2506 1152 2624 gloria
1172 2508 1357 2594 deleant
1347 2508 1621 2624 ignominiam,
1638 2533 1706 2595 aut
1730 2510 1759 2595 ιι
1789 2505 1940 2596 fortuna

494 2627 648 2733 tulerit,
666 2624 816 2713 ιοιιιιιι
839 2626 1103 2715 occumbendo
1127 2627 1319 2731 doceant,
1336 2652 1414 2711 sese
1440 2627 1661 2742 turpitudini
1690 2654 1735 2712 ac
1764 2628 1939 2715 dedecori

493 2743 610 2859 longe
638 2768 800 2829 mortem
830 2742 1033 2831 anteferre
1062 2747 1145 2829 Nec
1165 2742 1256 2829 alios
1277 2688 1405 2834 videas
1429 2773 1496 2829 ore
1519 2743 1686 2858 pleniore
1710 2775 1732 2829 a
1756 2745 1939 2862 plerisque

493 2862 670 2947 omnibus
697 2860 869 2967 laudari,
894 2891 1010 2977 quam
1033 2861 1099 2976 qui
1127 2860 1360 2947 inimicorum
1390 2863 1585 2976 superbam
1615 2863 1856 2999 petulantiam
1885 2866 1937 2952 ad

492 2978 595 3064 hunc
625 2979 795 3065 modum
812 3002 1087 3093 represserunt:
1089 2980 1213 3115 quod
1241 2979 1371 3096 utique
1395 3009 1475 3066 non
1498 2977 1602 3065 fieret
1618 3039 1630 3085 ,
1646 2982 1673 3066 si
1704 2980 1852 3094 injurias
1871 3005 1938 3068 aut

492 3094 682 3183 inimicos
679 3097 814 3183 ulcisci
841 3096 1097 3184 haberetur
1062 3099 1284 3184 vitiosum.
1281 3103 1412 3185 Dsn
1437 3098 1548 3184 Siste
1576 3097 1704 3185 statuis
1719 3161 1732 3205 ,
1750 3096 1936 3207 Alfonse,

491 3222 703 3348 numquam
713 3204 986 3301 hominum
950 3215 1043 3303 vitiis
1066 3215 1355 3330 approbationes
1386 3242 1426 3302 ιι
1449 3216 1631 3331 plausus
1622 3217 1815 3352 impetitae
1846 3219 1936 3302 mul·

489 3331 684 3441 titudinis,
701 3333 766 3420 sed
782 3333 978 3421 virtutibus
1006 3361 1149 3449 semper
1164 3334 1312 3419 excitari
1324 3333 1476 3469 ,legem
1492 3333 1658 3421 inducis
1649 3365 1687 3418 ιιι
1704 3335 1825 3423 vitam
1841 3364 1937 3421 mor·

488 3450 620 3538 talium
648 3453 754 3540 omni
777 3476 910 3566 peste,
936 3452 1027 3537 mihi
1052 3451 1191 3557 crede,
1212 3452 1534 3566 perniciosiorem
1561 3452 1684 3549 Quod
1705 3454 1811 3540 enim
1827 3482 1935 3542 vene·

488 3596 584 3654 num
613 3570 675 3658 vel
702 3569 753 3655 ad
783 3569 944 3657 veritatis
969 3571 1207 3707 splendorem
1238 3565 1545 3677 obfuscandum,
1571 3571 1632 3658 vel
1655 3571 1708 3656 ιιι
1735 3573 1936 3688 deturpan-

486 3685 578 3772 dam
600 3718 750 3775 motum
774 3687 1010 3792 honestatem
1034 3689 1162 3774 tetrius
1177 3688 1377 3823 excogitati
1391 3690 1513 3825 possit
1528 3752 1540 3796 ,
1556 3718 1685 3805 quam
1699 3718 1728 3774 st
1716 3687 1858 3777 fuerit
1872 3691 1936 3778 bo

485 3805 648 3891 minibus
673 3835 918 3921 persuasum,
933 3822 979 3890 ιιι
1006 3828 1133 3919 spreto
1159 3800 1296 3918 judicio
1324 3805 1545 3922 sapientium
1576 3834 1708 3922 pravas
1736 3810 1937 3896 stultorum

488 3922 683 4055 opiniones
712 3947 751 4010 et
775 3923 880 4040 vulgi
910 3951 1051 4010 errores
1079 3935 1366 4010 consecrentur?
1407 3931 1496 4013 Αιι.
1525 3931 1620 4012 Non
1642 3954 1718 4042 ego
1744 3929 1805 4016 vel
1827 3927 1937 4040 opii·

487 4050 575 4125 cum
598 4042 829 4149 sententiae,
850 4041 912 4128 vel
938 4041 1185 4158 agricolarum
1209 4042 1344 4155 judicio
1360 4045 1536 4131 standum
1551 4073 1628 4131 esse
1644 4044 1760 4151 dico,
1776 4071 1865 4129 curn
1883 4044 1932 4131 de

487 4157 625 4245 virtute
654 4159 799 4245 militari
825 4158 1063 4275 disputatur,
1085 4159 1149 4245 sed
1175 4162 1223 4247 de
1252 4157 1473 4248 fortitudine
1506 4185 1544 4247 ct
1570 4109 1830 4281 magnitudine
1859 4163 1934 4248 ani

299 4260 414 4368 illim
412 4255 478 4366 ,di
490 4305 541 4359 nu
530 4273 729 4362 fortes
693 4307 793 4363 vnos
816 4302 856 4362 et
872 4277 1130 4414 magnanimos
1150 4278 1292 4392 optime
1306 4280 1467 4392 judicate
1485 4305 1629 4366 certum
1653 4281 1798 4369 habeo.
1832 4287 1932 4366 Dru.

177 4378 180 4388 ‘
298 4380 356 4426 ιιιιιιι
367 4378 410 4449 ιιι,
421 4390 484 4426 cum

298 4441 330 4486 n
348 4412 476 4488 sontmd,
481 4396 606 4477 Recte
631 4418 674 4478 ιιι
689 4394 844 4508 quidem
869 4395 1076 4501 existimas,
1093 4395 1214 4481 modo
1238 4397 1393 4483 virtutes
1419 4396 1486 4483 has
1514 4427 1535 4481 a
1562 4399 1762 4512 prudentia
1787 4428 1840 4485 ne
1864 4401 1933 4487 dis·

298 4511 330 4546 ne
340 4499 419 4558 agitur
421 4498 478 4558 ,ιιι

296 4559 342 4607 ιι,
344 4572 399 4618 m,
386 4510 646 4656 an',1,.jungas·,
674 4540 772 4626 quac
796 4514 967 4598 omniunt
997 4514 1178 4601 virtutum
1204 4538 1259 4598 est
1291 4515 1395 4629 quasi
1423 4515 1623 4630 magistra.
1655 4518 1728 4603 Sed
1755 4543 1800 4603 tu
1836 4548 1932 4632 quos

246 4620 251 4624 ⁸
297 4623 476 4731 ξῗοὲἒῖξξωῗ
488 4629 642 4715 tandem
668 4627 844 4715 fortes
809 4648 918 4716 vttos
932 4655 970 4716 et
992 4632 1274 4749 magnanimos
1271 4633 1466 4747 appellas?
1500 4639 1588 4720 Αιι.
1614 4637 1732 4722 Haud
1755 4636 1934 4752 equidem

294 4742 330 4848 5¹0¹
325 4756 380 4859 Ἓξ
393 4742 478 4850 Ρξζιῗζ
487 4778 552 4834 eos
573 4748 664 4864 ,qui
680 4772 842 4833 aetatem
857 4747 897 4831 in
911 4749 992 4834 otio
1008 4774 1047 4835 ιι
1064 4751 1196 4834 umbra
1218 4775 1476 4867 transegerunt
1493 4812 1505 4856 ,
1522 4753 1664 4867 quique
1680 4753 1815 4838 tubam
1831 4784 1933 4839 num

292 4814 427 4970 ιζώῗξ,
441 4863 600 4983 abquam
617 4928 630 4973 ,
646 4865 714 4953 nisi
728 4866 767 4952 in
782 4866 961 4954 ludorum
977 4867 1190 5026 spectaculis
1205 4866 1423 4956 audierunt.
1447 4874 1550 4957 Dsu.
1570 4871 1822 4990 Philosophos
1843 4871 1933 4957 mihi

1115 5041 1118 5046 ’
1664 5049 1670 5062 ·
1763 5029 1764 5033 ι
1876 4990 1928 5078 vi-
