4034 5858
606 357 607 360 κ
642 322 869 398 ·‘nr2·ann‘
901 322 965 393 nr.
1020 327 1024 335 ’
1451 341 1522 431 '327

96 445 175 540 bus
189 513 202 560 ,
218 443 376 566 bellique
405 445 569 536 ducibus
581 446 833 533 commissum
853 471 918 531 cst
935 505 947 551 ,
964 471 1012 529 ne
1032 444 1183 558 privatis
1215 446 1353 538 civium
1383 453 1449 542 aut
1473 462 1548 547 mi·-

104 571 225 659 liutm
238 569 542 656 contentionibus
565 591 605 652 et
628 563 1036 661 certaminibusstatus
1053 564 1273 679 reipublicae
1298 574 1549 685 perturbetur,

98 689 221 803 eujus.
238 676 413 804 optinus
432 686 590 802 quisque
628 683 744 789 debet
770 711 855 769 esse.
877 681 1004 767 colens
1036 706 1077 766 et
1093 686 1414 776 studiosissimus.
1453 694 1549 799 Quo

100 805 153 894 ,fit
163 811 187 915 ,ἵ
194 832 244 893 {ut
253 805 539 922 magistratibus
556 865 568 908 ,
583 825 624 888 et
641 802 877 918 lquicumque
909 828 1110 915 personam
1133 831 1273 918 ’gerunt
1304 806 1549 922 reipublicae,
1587 888 1590 890 ,

92 925 352 1038 pertalivinas'
366 926 467 1040 legas
490 919 891 1037 nunnnasqueuteat
906 979 919 1021 ,
934 918 1083 1029 injunas
1105 918 1145 1004 in
1170 951 1210 1007 se
1241 923 1362 1029 illatas
1378 926 1550 1030 riterviu·

93 1043 258 1149 elcana,
280 1042 469 1127 nutritae
497 1038 841 1154 privatpaliodiovel
861 1035 1144 1152 ndulgennbus
1159 1040 1255 1142 ,sed
1272 1071 1333 1127 ‘ne
1362 1046 1465 1162 quid·
1484 1045 1549 1134 d'e-

98 1160 278 1245 onena
299 1158 644 1276 res,au't.dignitas
665 1157 815 1271 publica
832 1155 1030 1271 lpatiautr.
1054 1160 1164 1240 Nam
1186 1161 1295 1272 quod
1324 1162 1485 1270 vereris,
1498 1188 1548 1252 ne
1633 1268 1637 1274 Δ

97 1277 412 1393 lvitoptiniuset
438 1275 699 1394 magnanimus
722 1275 875 1392 injuriae
902 1271 968 1359 fiat
988 1302 1062 1390 per.
1081 1272 1147 1358 has
1168 1275 1270 1393 leges
1293 1307 1546 1393 opportunus,
1694 1329 1698 1339 ·

97 1391 1546 1512 aeqmdqumttroliu'ur‘u.'li1nltaenmsunmqnaeraleszvitosabli-
1590 1431 1737 1495 ouranos

100 1508 207 1625 jura.
223 1508 1377 1630 nortmannorum.aaann‚„ueannut,zf0ea
1404 1517 1546 1622 etna.
1560 1489 1741 1624 baereat:

1555 1622 1643 1662 ennae
1668 1628 1739 1668 tutos

102 1630 297 1745 gnanimi,
322 1634 511 1718 neminem
540 1631 687 1715 laedere
715 1628 781 1715 nisi
814 1627 1019 1712 lacessitum
1038 1687 1050 1730 ,
1068 1629 1201 1714 nullius
1222 1632 1325 1718 dictis
1354 1660 1421 1722 aut
1443 1633 1759 1746 factisgeapnnn.v

103 1747 418 1854 obmurmurare,
447 1749 580 1834 nullius
606 1776 731 1862 neque
763 1744 865 1832 laudi
895 1772 1019 1858 neque
1033 1749 1253 1834 eommodis
1280 1752 1445 1840 invidere
1481 1737 1740 1851 aurilllnalli

102 1866 339 1954 obtrectare:
364 1896 420 1953 res
434 1929 447 1975 ,
463 1896 558 1983 quas
583 1864 642 1950 alii
663 1862 920 1972 demirantur,
938 1885 1082 1976 praeter
1105 1863 1281 1950 virtutem
1298 1898 1367 1982 pro
1391 1872 1549 1961 minimo
1561 1850 1654 1903 ‘m'

99 1982 268 2090 ducere,
296 1985 434 2071 multos
464 1986 623 2099 juvare,
647 2009 692 2066 ac
719 1979 901 2066 beneficiis
929 2004 967 2064 et
999 1979 1161 2095 gratuita
1189 1982 1409 2100 liberalique,
1432 2019 1548 2104 opera

99 2099 311 2211 demereri,
342 2102 481 2188 cunctis
506 2103 659 2187 demum
689 2094 822 2184 officiis
845 2122 884 2184 et
906 2094 1105 2183 virtutibus
1121 2159 1134 2202 ,
1150 2100 1320 2186 omniurn
1350 2104 1388 2188 in
1414 2135 1452 2192 se
1469 2110 1548 2196 ani·

99 2247 300 2306 moseum
332 2219 443 2307 laude
475 2249 519 2304 ac
547 2215 811 2303 benevolentia
839 2239 1079 2299 convertere.
1110 2216 1213 2300 Nihil
1244 2245 1298 2303 est
1323 2220 1422 2306 enirn
1450 2255 1549 2313 ama·
1666 2295 1668 2304 .

100 2335 237 2442 bilius,
268 2336 356 2422 nihil
384 2335 605 2451 plausibilius
633 2332 797 2420 virtute.
836 2331 969 2415 Talem
996 2331 1107 2446 igitur
1138 2333 1261 2419 virum
1292 2336 1374 2449 quis
1402 2339 1547 2430 laedere

102 2451 256 2539 inducet
282 2454 478 2538 animum?
509 2476 574 2537 aut
596 2450 679 2563 quis
704 2448 829 2563 potius
858 2477 938 2534 non
953 2447 1054 2532 colet
1079 2476 1123 2531 ac
1139 2451 1400 2559 demirabitur?
1424 2458 1547 2552 Quod

104 2570 134 2654 si
160 2571 243 2684 quis
267 2595 346 2656 tarn
369 2599 561 2687 perversae
586 2565 741 2671 mentis,
755 2589 910 2679 tamque
930 2565 1223 2680 depravatorum
1247 2600 1396 2656 morum
1422 2571 1546 2682 fiterit,

101 2711 149 2772 ut
174 2689 353 2776 virtutem
379 2687 503 2775 oderit
525 2683 689 2772 studiose
705 2682 842 2798 ,quod
865 2682 905 2767 in
929 2678 1068 2767 fortem
1093 2709 1132 2770 ct
1156 2686 1352 2773 robustum
1379 2690 1547 2781 animum

103 2805 240 2892 cadere
268 2835 349 2890 non
377 2830 527 2920 potest,
549 2802 653 2908 hunc
675 2825 805 2910 nmen
836 2825 880 2884 ut
913 2799 1069 2914 pessima
1101 2830 1275 2919 quaeque
1299 2808 1480 2921 mancipia
1506 2814 1547 2898 ti·

99 2951 187 3007 mor
215 2951 361 3036 poenae
388 2925 436 3007 ab
464 2917 657 3006 inferenda
677 2917 721 3002 in
747 2912 885 3002 fortem
899 2927 948 3002 ⁴e't
971 2920 1164 3031 ‘optimum
1181 2922 1303 3009 vitum
1329 2924 1459 3037 injuria
1474 2928 1545 3014 de·

103 3041 279 3124 terrebit.
308 3037 473 3125 Timebit
503 3038 602 3122 enirn
635 3035 735 3150 leges
751 3095 763 3138 ,
779 3034 913 3148 quibus
938 3034 1034 3147 talis¹
1047 3039 1179 3123 mentis
1212 3036 1372 3154 factique
1395 3073 1544 3157 perver-
1573 3054 1575 3056 ’

103 3154 190 3242 sitas
216 3181 256 3241 et
282 3155 477 3272 turpitudo
502 3153 622 3271 dignis
638 3150 817 3267 suppliciis
836 3150 1072 3238 vindicatur:
1091 3153 1235 3241 timebit
1251 3214 1264 3262 ,
1279 3185 1318 3243 et
1336 3161 1457 3246 multo
1472 3160 1544 3250 for·

100 3295 197 3359 tasse
224 3274 370 3392 magis,
391 3303 441 3359 ne
466 3271 626 3386 injuria,
650 3298 768 3385 quam
787 3266 929 3354 inferre
955 3270 1137 3378 molitur,
1163 3268 1305 3359 fortiter
1330 3278 1543 3392 propulsata
1568 3359 1570 3362 Α

101 3388 348 3508 (propulsare
380 3391 480 3479 eninr
512 3388 660 3505 optimo
694 3411 733 3472 et
765 3386 991 3473 sanctissimo
1022 3388 1158 3504 cuique
1187 3390 1302 3505 licet)
1333 3396 1471 3481 recidat
1500 3397 1540 3482 in

101 3535 212 3594 suurn
243 3539 424 3628 magnum
451 3506 618 3595 malurn.
652 3503 774 3600 Quod
802 3503 927 3619 siquis
954 3534 1018 3618 per
1043 3506 1186 3592 insidias
1211 3533 1251 3594 ct
1271 3533 1458 3623 captatam
1475 3543 1539 3598 oc·

100 3625 288 3712 ortionem
313 3657 351 3713 se
373 3626 541 3740 injuriam
557 3623 633 3706 sine
654 3621 836 3735 praesenti
851 3649 976 3736 poena
991 3617 1122 3708 inferre
1138 3654 1244 3737 posse
1258 3625 1450 3732 confidat,
1467 3659 1540 3715 me·

104 3764 188 3826 ruet
216 3766 370 3850 tamen,
398 3766 475 3849 ne‘,
500 3743 540 3828 id
571 3739 678 3855 quod
702 3736 887 3822 interdurn
921 3737 1080 3845 accidit,
1099 3739 1155 3828 vir
1181 3741 1345 3856 alioquin
1374 3746 1539 3858 optimus

98 3881 141 3944 et
173 3861 452 3974 patientissimus
483 3859 641 3972 iniquius
671 3850 765 3963 ferat
794 3855 845 3940 rei
876 3855 1133 3972 indignitatem
1154 3882 1222 3961 ,et
1253 3858 1333 3965 ira,
1357 3890 1455 3976 quae
1479 3893 1536 3950 res

100 4000 158 4061 est
189 3977 227 4061 in
259 3977 384 4092 primis
411 3975 603 4078 violenta,
632 3971 836 4088 depulsus,
858 3972 1087 4088 paulumque
1119 3974 1261 4060 virtutis
1286 4004 1329 4061 ac
1353 3977 1538 4095 religionis

105 4096 289 4207 angttstias
319 4126 483 4213 egressus
502 4156 515 4200 ,
536 4089 793 4177 fortitudinem
824 4089 865 4172 in'
892 4091 1086 4175 audaciam
1116 4117 1339 4198 convertat,
1366 4123 1409 4179 ac
1436 4097 1536 4210 inju-

102 4207 195 4293 riant
222 4214 377 4329 turpiter
406 4238 445 4298 er
470 4240 558 4296 cum
586 4206 736 4294 infamia
760 4207 920 4294 auctoris
946 4208 1111 4312 illatam,
1129 4209 1288 4313 severius
1320 4210 1443 4299 multis
1470 4244 1536 4330 ap·

98 4326 345 4438 probantibus
372 4329 589 4438 ulciscatur.
1523 4322 1529 4335 ⁸

160 4443 298 4530 XLVI.
357 4452 464 4536 Haec
496 4442 585 4531 mihi
615 4443 653 4528 in
680 4468 844 4530 mentem
866 4467 1081 4577 venerunt,
1096 4471 1194 4559 quae
1219 4443 1267 4531 de
1295 4445 1454 4534 militaris
1481 4449 1659 4536 di-811bildt
1683 4479 1728 4572 vg

1549 4538 1606 4573 ctor
1623 4535 1647 4572 rn
1668 4539 1701 4583 pe

53 4646 57 4654 .
98 4558 271 4697 sciplinae
296 4588 336 4649 et
362 4564 591 4651 Christianae
616 4559 798 4678 religionis
826 4560 1085 4647 convenientia
1113 4591 1182 4676 pro
1207 4567 1383 4678 temporis
1415 4597 1531 4682 angu·
1547 4598 1609 4632 ³0⁰2
1630 4584 1728 4632 Demo·

1550 4643 1625 4692 cratis
1657 4656 1728 4692 suam

94 4677 165 4763 seia
189 4680 400 4768 desererem
416 4744 428 4788 ,
443 4680 736 4784 convenienter,
762 4703 806 4764 ut
832 4678 1017 4784 arbitror,
1034 4679 1183 4795 piorum
1200 4705 1238 4765 et
1265 4681 1532 4769 catholicorum
1548 4703 1698 4751 sententiam

1549 4762 1648 4819 judicio
1680 4763 1730 4811 Ec*

89 4799 298 4890 sententiae
313 4863 327 4914 ,
344 4828 458 4921 aqua
475 4798 589 4890 statui
603 4825 812 4916 numquam
828 4796 1033 4888 discedere.
1067 4798 1204 4886 Cetera
1222 4797 1281 4917 ,si
1304 4827 1403 4917 quae
1428 4830 1531 4913 prae-
1549 4823 1641 4892 crestae
1678 4823 1729 4872 ca-

1550 4884 1668 4934 ruoltcae.

1477 4941 1537 5005 le*
1583 4975 1589 4984 ·
