4034 5858
422 308 448 370 r,
526 295 528 299 '

579 365 865 443 futuru
914 371 1025 439 111,⁴
1471 401 1512 452 2,

79 495 418 614 Dmm',epuque
444 489 620 608 justitiam
649 493 802 609 experiri
821 492 931 603 ,velle
955 491 1168 581 videamur.
1193 500 1247 584 At
1269 498 1297 586 si
1311 401 1535 616 'gravisiima

76 618 221 754 injuria
241 614 560 730 intolerabilisque
575 614 715 700 damna
738 612 1001 726 impendeant,
1018 615 1146 700 ceteris
1170 618 1275 737 nobis
1290 617 1416 734 legum
1433 624 1534 709 Prin·

86 735 251 853 cip1sque
280 734 446 822 subsidiis
480 731 636 818 ademtis
658 792 671 838 ,
691 730 843 849 qualem
871 759 1022 818 causam
1046 729 1188 849 fingere
1212 764 1275 820 me
1300 738 1414 849 paulo
1445 769 1534 828 ante

81 852 239 966 pubebas
258 915 271 960 ,
293 853 399 939 haud
413 850 589 967 equidem
622 877 780 955 uerear,
814 854 943 936 Deum
972 848 1080 935 nobis
1113 852 1250 936 iratum
1273 850 1383 960 fore,
1416 859 1443 941 si
1472 859 1532 944 ul·
1661 858 1675 894 l

79 971 174 1058 tima
198 972 379 1088 praesidia
412 971 582 1084 petemus
607 966 738 1084 alege
767 993 924 1055 naturae
941 1029 954 1071 ‚
970 969 1069 1084 quae
1096 968 1187 1053 nrdli
1204 999 1395 1086 umquam
1423 974 1530 1063 inter·

80 1089 180 1183 dixit
211 1090 291 1178 uim
320 1090 359 1177 vi
389 1086 564 1201 repellere
579 1147 593 1192 ,
607 1110 675 1170 aut
704 1086 850 1200 injurias
878 1114 995 1202 quam
1020 1085 1275 1174 honestissime
1299 1115 1452 1206 posset,
1469 1095 1530 1183 vel

77 1208 290 1294 necessaria
316 1207 462 1295 rarione
486 1203 727 1319 propulsare.

78 1366 83 1394 1
160 1327 345 1411 XXXIX.
402 1329 492 1410 Au.
525 1321 756 1438 Aequissima
787 1350 882 1409 vero
909 1322 1093 1410 sententia
1111 1385 1123 1428 ‚
1141 1347 1180 1408 et
1207 1325 1268 1410 cui
1298 1352 1413 1413 nemo
1445 1359 1527 1418 non

79 1442 257 1530 uideant
276 1442 391 1528 eriam
408 1444 526 1556 atque
545 1439 670 1525 etiam:
687 1468 919 1527 assensurus.
945 1441 1020 1525 Sed
1034 1440 1220 1545 ,obsecro
1234 1468 1275 1528 te
1290 1504 1303 1550 ,
1319 1450 1524 1534 Democra-

77 1583 168 1665 tes„
184 1561 343 1678 quando
367 1565 441 1645 nos
462 1559 538 1642 huc
561 1586 685 1664 sermo
707 1557 862 1643 deduxit
877 1618 890 1664 ,
903 1584 960 1641 ‘ne
987 1559 1151 1673 graveris
1182 1559 1282 1647 illam
1302 1562 1389 1647 huic
1419 1563 1525 1653 liniti·

77 1708 186 1763 mam
217 1677 487 1795 quaestionem*
509 1674 620 1760 nobis
650 1675 850 1789 expedire,
877 1675 925 1760 de
954 1703 1032 1789 qua
1064 1704 1212 1791 nuper,
1239 1709 1300 1764 me
1327 1681 1524 1789 audiente,

77 1802 222 1913 magna
244 1793 317 1880 fuit
343 1797 440 1880 inter
467 1792 638 1910 egregios
667 1791 798 1879 milites
823 1792 1013 1909 altercatio
1040 1821 1193 1907 propter
1223 1822 1411 1883 recentem
1442 1830 1523 1888 me·

78 1915 239 1999 moriam
255 1909 527 2028 pertinacissimi
542 1909 750 1996 certaminis
766 1909 931 1996 duorum
951 1911 1290 1998 robustissimorum
1314 1944 1420 2001 meae
1434 1947 1524 2033 gen·

78 2029 126 2115 tis
150 2031 336 2135 militum,
362 2030 539 2144 Spinosae
564 2051 604 2113 et
636 2028 850 2132 Gusmani,
872 2027 1098 2144 quibusdam
1123 2029 1162 2112 in
1182 2031 1327 2116 caelum
1346 2030 1522 2140 efferenti

77 2146 149 2233 bus
175 2150 313 2254 laude,
329 2147 419 2234 aliis
431 2150 566 2233 o'outra
586 2145 885 2260 vimperantibus
900 2145 1085 2231 Gusmani
1115 2148 1309 2235 consilium
1326 2208 1339 2254 ,
1356 2152 1423 2266 qui
1438 2183 1522 2266 pro

77 2289 214 2354 stratus
229 2331 242 2376 ,
258 2296 306 2352 ac
325 2266 527 2381 omni'spe
550 2262 728 2351 victoriae
748 2262 911 2376 dejectus
939 2264 1127 2377 pernecari
1156 2264 1311 2370 maluit,
1329 2295 1446 2382 quam
1462 2268 1521 2355 fa·

76 2383 211 2471 cienda
227 2384 432 2472 «deditione
463 2411 502 2466 se
529 2382 673 2468 uictum
700 2381 873 2467 confiteri
892 2415 901 2468 :
921 2381 983 2465 cui
1002 2381 1116 2467 simile
1142 2383 1325 2496 quiddam
1351 2390 1521 2503 contige-

77 2525 153 2586 ratv
169 2501 455 2605 Sancricrucio,
485 2499 550 2614 qui
581 2499 766 2584 Ferrariae
795 2500 834 2584 in
864 2498 978 2585 nobili
1003 2528 1047 2584 ac
1078 2497 1264 2614 frequenti
1289 2529 1432 2587 corona
1464 2504 1520 2593 vi·

74 2645 160 2719 ctus
176 2644 232 2708 cst
260 2620 308 2705 ab
323 2616 531 2705 Azevedo.
549 2615 656 2712 Quid
680 2616 793 2732 igitur
818 2617 896 2730 ipse
919 2616 1087 2724 statuas,
1109 2619 1197 2702 scire
1214 2617 1323 2704 velim
1341 2679 1354 2724 ,
1370 2619 1398 2702 si
1412 2648 1516 2706 com·

75 2735 192 2824 misso
218 2735 431 2825 certamine
451 2732 584 2820 talibus
609 2763 655 2819 ex
681 2733 1024 2848 causissusc‘epto,
1056 2763 1257 2851 generosus
1285 2735 1387 2821 miles
1415 2737 1519 2824 amis·

73 2883 122 2940 so
137 2854 216 2943 telo
232 2914 247 2963 ,
263 2855 324 2943 vel
338 2852 580 2970 quacumque
603 2852 751 2939 ratione
765 2913 778 2959 ,
793 2877 876 2938 ram
905 2851 1152 2939 miserabiliter
1175 2851 1346 2958 laboret,
1363 2879 1405 2940 ut
1435 2856 1517 2968 nul·

74 2968 114 3056 la
142 2974 298 3088 supersit
322 2971 479 3087 amplius
503 2998 586 3084 spes
609 2998 734 3085 neque
758 2970 936 3059 victoriae
953 2970 1121 3058 'omnino
1137 3032 1150 3075 ,
1166 2998 1290 3086 neque
1312 2971 1432 3078 virae,
1449 2973 1517 3059 nisi

73 3089 216 3177 cedat:
243 3115 371 3176 utrum
392 3088 480 3175 huic
501 3086 691 3173 honestius
718 3112 855 3202 putes,
879 3113 1042 3173 mortem
1070 3113 1249 3202 oppetere
1271 3088 1412 3176 invicto
1438 3092 1515 3176 ani·
1529 3095 1709 3209 ,5323qu

73 3234 172 3313 mo,
196 3233 247 3293 an
271 3204 391 3294 facere
422 3202 650 3292 deditionem
667 3265 680 3311 ,
696 3205 726 3290 si
742 3234 821 3321 qua
847 3234 893 3290 ex
918 3233 1049 3319 parre,
1066 3205 1094 3289 si
1122 3234 1247 3321 quave
1273 3206 1417 3293 ratione
1449 3210 1515 3294 sibi
1528 3219 1665 3337 {fgffilgt
1678 3294 1706 3329 u·

72 3323 198 3411 ualeat
224 3324 264 3409 in
292 3323 461 3414 extremis
486 3322 589 3409 malis
614 3321 827 3409 consulere.
856 3326 960 3407 Nam
986 3323 1015 3408 si
1043 3322 1138 3408 mori
1173 3322 1364 3408 honestius
1387 3349 1442 3410 est
1470 3355 1513 3410 ac
1528 3294 1708 3448 {qqudigqsuig

71 3434 234 3549 fortius,
260 3446 306 3530 ut
331 3439 403 3528 fert
437 3439 645 3528 multorum
669 3441 829 3526 militum
852 3439 1007 3554 opinio,
1024 3438 1085 3523 hic
1113 3440 1183 3525 erit
1213 3440 1304 3525 alius
1326 3441 1430 3526 locus
1446 3503 1457 3547 ,
1476 3445 1514 3526 in
1530 3430 1687 3568 gqqiipgngq
1697 3491 1706 3520 ,

70 3585 155 3672 quo
175 3561 287 3646 ration
303 3559 474 3647 militaris·
494 3557 612 3647 videri
636 3560 752 3674 possit
776 3585 864 3643 cum
896 3556 1085 3671 disciplina
1112 3557 1324 3642 Christiana
1351 3557 1514 3645 dissenri·
1530 3579 1631 3666 facere,
1667 3578 1709 3627 vi·

70 3701 140 3760 re.
176 3677 270 3763 Illud
300 3704 460 3795 quoque
488 3704 512 3761 a
544 3700 584 3762 te
611 3676 834 3794 perlibenter
866 3673 1073 3781 discerem,
1101 3669 1200 3760 facta
1233 3673 1424 3761 deditione
1465 3678 1514 3763 ab
1529 3649 1708 3807 {ppedrei

70 3818 154 3897 co,
167 3795 242 3910 qui
272 3816 422 3908 turpem
447 3821 604 3880 causam
626 3787 781 3882 fovebat
797 3852 810 3898 ,
829 3791 972 3907 quique
1003 3789 1156 3878 letaliter
1179 3788 1373 3879 confossus
1399 3792 1515 3907 paulo
1598 3784 1607 3808 '

68 3933 158 4024 post
185 3906 331 3999 efflavit
348 3911 540 4018 animam,
584 3909 669 3996 uale
697 3909 770 3996 Dei
797 3908 975 4023 judicium
1000 3906 1083 3996 fore
1109 3909 1158 3994 de
1183 3908 1259 3992 hoc
1283 3908 1405 3996 licebit
1435 3940 1515 4026 spe-

67 4038 180 4134 rare,
201 4029 230 4117 si
260 4030 332 4116 'rite
354 4025 544 4117 confessus
557 3939 679 4114 inerit
709 4050 863 4144 peccata
895 4054 989 4130 sua;
1015 4026 1077 4115 vel
1105 4027 1135 4110 si
1165 4024 1239 4109 hoc
1269 4054 1358 4145 non>
1376 4027 1515 4136 detur,

69 4141 193 4229 saltim
224 4146 434 4263 poeritenti
460 4146 592 4232 animo
624 4145 697 4230 Dei
725 4144 1009 4232 misericordiam
1040 4141 1281 4256 imploravit:
1312 4171 1399 4227 cum
1426 4145 1516 4233 illud

69 4284 248 4370 constet,
268 4267 317 4350 sic
336 4265 510 4382 peremtb
532 4263 748 4351 hominibus
772 4262 1048 4350 ecclesiasticam
1076 4257 1310 4375 sepulturam
1326 4259 1405 4373 jure
1421 4291 1517 4377 pon·

67 4374 191 4464 rihcio
213 4383 361 4497 negari.
1063 4492 1064 4495 Ν
1096 4406 1098 4409 ’
1434 4486 1435 4489 q

131 4497 215 4582 XL
273 4505 377 4583 Dru.
409 4499 545 4585 Diotm
575 4500 754 4619 equidem
783 4498 893 4613 quod
924 4494 1044 4583 sentio
1064 4521 1163 4600 ,nec
1189 4523 1251 4581 me
1277 4494 1395 4630 rigida
1418 4524 1516 4612 quo·

65 4613 249 4702 lumdam
273 4616 543 4734 ambitiosaque
569 4618 694 4705 oratio
721 4614 878 4730 (noque
905 4613 1005 4699 enim
1030 4611 1122 4728 quid
1153 4612 1221 4699 sibi
1250 4614 1340 4700 velrt
1368 4614 1518 4728 ign-orna

64 4733 179 4850 mus)
199 4732 398 4841 obstabit,
410 4764 492 4849 quo
515 4735 639 4820 rninus
660 4732 845 4846 explicem
873 4730 988 4818 libere
1002 4792 1016 4838 ,
1031 4759 1140 4846 quae
1154 4756 1237 4815 tum
1268 4759 1291 4813 a
1313 4731 1520 4842 prudentis·

62 4847 199 4956 simis,
210 4851 427 4971 eisdemque
443 4847 644 4944 fortissimis
660 4851 746 4945 viris
763 4848 872 4938 didici
889 4907 904 4957 ,
921 4873 1005 4936 tum
1021 4872 1122 4939 certa
1146 4848 1291 4945 ratione
1316 4873 1399 4932 sum
1427 4846 1522 4931 edo·

83 5005 94 5049 μ
125 4967 240 5058 Tom·
257 4969 327 5060 W·
925 4969 967 5064 35
1277 5007 1280 5013 ’
1436 4984 1520 5052 ctus
