4006 5850
638 384 959 460 steens.
1421 411 1494 482 429

77 518 202 638 (quae
225 541 306 605 tum
321 543 366 602 ex
380 513 598 631 baptismo,
627 536 711 597 tum
727 509 1078 602 exeonlitmatione
1093 509 1328 598 sacramentis
1353 511 1517 629 exsistit)

78 640 148 725 tria
162 665 299 755 genera
315 631 484 727 faciunt:
512 658 557 717 ut
586 631 709 747 ptimo
726 632 967 717 contineatur
981 659 1055 737 ea,
1081 659 1180 746 quae
1195 655 1329 716 renato
1349 629 1454 718 velut
1479 632 1523 719 fi-

75 755 126 841 lio
142 784 228 840 cum
242 760 413 865 patrinis
429 758 674 856 murrinisque
689 751 833 836 vocatis
843 749 1042 839 ,intercedit
1062 780 1071 834 :
1092 750 1168 835 hoc
1181 772 1249 855 est,
1266 779 1353 835 cum
1369 778 1418 835 eo
1433 753 1523 868 ,qui

76 874 199 990 ipsum
211 871 486 987 baptizaverit,
517 866 844 980 confirmaveritve
865 931 878 975 ,
902 868 966 955 ¹vel
978 866 1019 955 in
1036 867 1222 982 baptismo
1244 892 1311 954 aut
1324 867 1523 954 confirma-

75 992 181 1080 tione
196 988 382 1095 tenuerit,
400 1013 439 1076 et
454 987 666 1074 alterutrius
674 986 847 1102 conjuge.
876 991 960 1071 Nec
976 983 1100 1090 refert,
1117 987 1166 1072 de
1182 985 1291 1091 vitis,
1308 988 1424 1072 ande
1439 1018 1521 1073 mu·

79 1111 227 1198 lietibus
243 1109 457 1224 loquamur.
490 1106 626 1191 Altero
640 1105 828 1220 ,quaehis
851 1132 937 1190 cum
963 1104 1187 1190 renascentis
1212 1104 1444 1191 naturalibus
1461 1138 1521 1222 pa·

35 1302 38 1311 .
79 1228 247 1328 tentibus
262 1226 396 1312 exsistit
416 1257 425 1310 ε
449 1225 516 1340 qui
544 1241 753 1334 compatres
778 1223 873 1309 inter
889 1252 927 1308 se
941 1281 960 1328 .,
977 1239 1246 1308 eticammatres
1275 1222 1522 1338 appellantur.

77 1352 116 1431 T
116 1348 212 1433 ertio
229 1406 241 1450 ,
256 1374 334 1460 qua
352 1368 501 1431 renatus
527 1371 614 1429 curn
630 1342 866 1456 patrinorum
882 1340 1174 1429 matrinatumve
1188 1339 1307 1427 liberis
1329 1342 1525 1462 conjungi·
1613 1404 1717 1470 „fleg

78 1490 156 1552 tur.
190 1463 265 1549 Sed
293 1491 541 1578 quocumque
559 1489 695 1577 genere
714 1461 895 1576 cognatio
911 1458 1075 1574 spiritalis
1092 1459 1273 1547 habeatur
1289 1522 1300 1567 ,
1317 1462 1396 1576 pati
1409 1466 1523 1551 ratio·
1536 1462 1638 1519 ¹³³¹¹¹¹¹¹¹¹
1682 1473 1713 1521 ἀΰ

1550 1528 1706 1582 cognatione

78 1612 129 1670 ne
146 1582 225 1692 jure
244 1578 438 1696 pontificio
459 1579 741 1665 matrimonium
757 1576 932 1664 infirmat.
1537 1583 1715 1707 {ssffflfsst

139 1691 261 1786 XXII.
320 1704 456 1813 Atque
470 1696 530 1783 illa
546 1696 682 1781 eodem
697 1697 821 1783 modo
835 1759 847 1803 ,
862 1726 986 1812 quam
1007 1696 1180 1814 publicae
1196 1697 1400 1784 honestatis
1427 1699 1526 1811 justi-

78 1820 171 1906 tiam
188 1817 345 1904 diximus
364 1814 537 1931 appellati
555 1875 570 1918 ,
595 1814 682 1899 inde
699 1837 826 1900 sumto
841 1815 1058 1921 vocabulo,
1085 1816 1194 1932 quod
1211 1817 1249 1901 in
1265 1816 1341 1903 hoc
1371 1818 1526 1933 impedi·

80 1960 215 2025 mento
231 1933 435 2021 sanciendo
457 1931 615 2045 maiores
643 1933 757 2017 nostri
775 1961 855 2018 non
880 1959 924 2020 ut
945 1934 983 2018 in
1000 1934 1325 2050 consanguinitate
1338 1961 1377 2022 et
1400 1934 1526 2024 affini·

81 2080 161 2142 tate
174 2055 357 2140 rationem
375 2053 489 2138 secuti
507 2077 594 2136 sunt
618 2049 830 2136 dilatandae
856 2052 950 2138 inter
968 2053 1141 2138 homines
1156 2052 1314 2140 caritatis
1330 2051 1458 2170 (quae
1472 2084 1528 2143 te·
1542 2031 1720 2148 hildilid*

80 2173 163 2260 nuis
183 2174 394 2260 admodum
420 2170 528 2257 estin
555 2168 772 2282 hujusmodi
791 2171 1090 2273 necessitudine)
1112 2173 1182 2259 sed
1202 2173 1312 2285 quod
1328 2173 1423 2259 inter
1448 2205 1530 2292 per·

81 2321 223 2396 sonas,
249 2292 386 2405 quibus
402 2291 495 2375 haec
516 2289 700 2394 interest,
731 2289 883 2403 nuptiae
899 2320 1033 2405 parum
1054 2318 1100 2376 ex
1125 2289 1272 2405 publica
1292 2290 1530 2382 Christiano-

84 2438 170 2498 rum
187 2409 386 2495 honestate
405 2433 665 2494 conventurae
681 2405 917 2494 videbantur.
935 2408 1065 2494 Oritur
1074 2433 1201 2495 autem
1219 2434 1288 2513 ,ut
1312 2406 1470 2498 affinitas
1486 2444 1531 2503 ex
1544 2402 1652 2514 iiiii:
1662 2407 1719 2459 ⁰²¹²·

85 2527 354 2631 matrimonio,
381 2525 495 2633 sicet
520 2526 558 2609 in
586 2525 726 2610 eisdem
746 2526 921 2642 gradibus
947 2527 1100 2613 obstans
1131 2526 1300 2643 publicae
1328 2528 1534 2619 honestatis

85 2645 224 2761 justitia
235 2675 287 2732 ex
300 2644 541 2762 ,sponsalibus
557 2643 670 2729 eriam
687 2643 876 2759 illegitime
892 2646 1090 2731 contractis
1106 2705 1118 2750 ,
1148 2646 1214 2731 nisi
1230 2646 1412 2735 siconstet
1427 2649 1533 2741 haud

82 2765 199 2863 dubie
215 2794 440 2852 consensum
471 2758 628 2854 abluisse
644 2793 654 2847 ε
676 2786 725 2855 ut
742 2762 782 2852 in
798 2758 1024 2869 infantibus,
1038 2788 1078 2849 et
1103 2759 1246 2850 furiosis
1258 2794 1303 2850 ac
1324 2792 1452 2855 mente
1471 2799 1533 2856 ca·

84 2885 158 3000 ptis
169 2883 406 3001 intelligitur.
441 2886 572 2998 Atque
588 2881 681 2967 haec
694 2881 851 2998 quidem
863 2907 956 2968 sunt
972 2912 1027 2968 res
1043 2940 1056 2989 ,
1075 2882 1211 2999 quibus
1227 2881 1534 2997 praecedentibus

86 3030 141 3087 nu
169 3003 271 3108 tiae,
294 3027 339 3088 ut
367 3029 479 3117 supra
494 3001 764 3116 exposuimus,
788 3001 1074 3115 impediuntur,
1100 3002 1313 3117 quibusque
1342 3006 1532 3122 neglectis,

85 3120 116 3206 si
132 3034 272 3209 litem
286 3143 502 3207 contractae
516 3181 532 3226 .,
563 3119 808 3208 dirimuntur..
836 3122 942 3207 Nam
972 3120 1000 3204 si
1024 3118 1141 3209 semel
1166 3119 1329 3237 legitime
1351 3126 1533 3214 constite-

83 3238 160 3325 rint
171 3300 189 3346 .,
224 3238 326 3324 nulla
342 3237 438 3324 ratio
453 3300 466 3344 ,
481 3266 565 3354 qua
584 3237 735 3325 distrahi
751 3238 895 3353 possin-t
909 3237 1101 3344 ,incidere
1114 3236 1215 3325 valet
1231 3297 1246 3345 ,
1261 3240 1329 3326 nisi
1336 3245 1450 3357 quod
1465 3245 1532 3332 ad·

87 3356 568 3475 niteram-conjugemlicet
586 3357 721 3443 marito
735 3356 946 3461 dimittere,
974 3355 1126 3442 Christo
1135 3356 1224 3472 ipso
1254 3383 1437 3469 auctore,
1465 3364 1532 3479 qui

83 3502 240 3594 togatus
269 3475 544 3580 aPharisaeis,
571 3504 666 3560 num
691 3476 798 3560 liceat
826 3473 972 3560 homini
988 3505 1143 3562 uxorem
1165 3506 1271 3563 suam
1291 3507 1533 3596 quacumque

86 3623 133 3679 ex
147 3623 259 3682 causa
274 3594 460 3681 dimittere
471 3625 486 3677 w:
511 3594 632 3703 Quod
647 3596 788 3699 Deus,
817 3594 970 3709 inquit,
997 3599 1189 3706 conjunxit
1204 3657 1217 3700 ,
1231 3598 1331 3680 homo
1347 3624 1415 3682 non
1429 3618 1533 3709 sepa·
1546 3605 1649 3660 aaut.
1670 3624 1708 3676 u·

86 3727 174 3797 ret:
208 3720 292 3798 dico
316 3731 439 3800 autem
456 3716 599 3818 vobis,
622 3721 838 3819 quicumque
855 3717 1055 3796 'dimiserit
1082 3741 1233 3798 uxorem
1249 3741 1354 3797 suam
1381 3723 1457 3801 nisi
1486 3718 1531 3802 ob
1547 3701 1725 3818 {illidii

73 3827 399 3939 fornicationem,
431 3848 469 3916 et
485 3839 599 3913 aliam
629 3836 783 3916 duxerit
802 3889 816 3935 ,
845 3832 1085 3920 moechatur:
1118 3847 1156 3914 et
1172 3839 1237 3938 qui
1257 3837 1450 3919 dimissam
1466 3841 1531 3923 du·
1546 3823 1722 3943 iiiiilff‘l}

84 3959 191 4035 sterit
209 4014 222 4057 ,
239 3955 467 4037 moechatur.
496 3951 745 4044 Quae-verba
760 3949 810 4033 sic
827 3975 915 4033 sunt
946 3977 1034 4035 curn
1051 3949 1210 4034 aliorum
1226 3976 1440 4038 sanctorum
1459 3986 1531 4069 pa·
1545 3954 1722 4068 ,ξξξέἶὲξῑξξξῑ

85 4088 188 4152 trum
202 4068 672 4172 consentienti-sententia,
699 4092 780 4153 tunt
798 4067 835 4150 in
867 4067 1007 4183 primis
1026 4067 1252 4179 Hieronymi
1267 4093 1306 4154 et
1330 4074 1532 4188 Augustini
1546 4065 1721 4186 pll}ff¹¹¹,⁰,;„,

86 4184 225 4296 scriptis
242 4187 455 4293 declarata,
467 4216 553 4272 non
571 4211 614 4272 ut
647 4212 800 4303 propter
829 4184 1055 4271 adulterium
1065 4185 1248 4302 cuiquam
1271 4185 1379 4274 liceat
1395 4193 1531 4304 conju·
1544 4181 1721 4294 {illidii}

87 4298 153 4415 gio
170 4300 350 4389 dissoluto
374 4305 426 4389 ad
443 4307 623 4409 secundas
653 4306 801 4421 nuptias
820 4305 978 4421 migrare
994 4302 1012 4415 l
1026 4303 1100 4387 hoc
1118 4303 1227 4395 enim
1245 4330 1289 4390 ut
1305 4303 1398 4413 liat,
1429 4310 1531 4396 nulla
1544 4302 1720 4421 ξῗὶῗοξξὸῗῇζζ

88 4418 235 4504 tatione
251 4446 375 4554 potest
391 4422 610 4540 contingere
633 4424 704 4531 iis,
733 4424 801 4540 qui
816 4423 930 4508 semel
953 4423 992 4506 in
1026 4420 1182 4525 Christo
1200 4419 1338 4511 luerint
1365 4424 1532 4543 legitimo
1545 4423 1719 4476 E¹⁰⁰¹¹·T⁰'

1545 4485 1720 4534 letnaetha·

87 4538 330 4625 matiimonto
344 4541 535 4655 conjuncti
548 4542 564 4656 )
594 4542 660 4627 sed
675 4566 719 4627 ur
731 4567 837 4626 casto
855 4541 990 4625 marito
1009 4540 1226 4655 permissum
1242 4570 1319 4627 esse
1347 4542 1531 4663 intelliga-
1547 4543 1720 4604 ¹³²¹¹¹f³²·‘³·5·

1545 4614 1720 4664 capraecept.

88 4678 151 4740 tur
168 4656 216 4741 ab
233 4656 401 4742 adultera
416 4687 534 4744 uxore
564 4683 709 4747 toroxet
738 4658 858 4745 domo
884 4657 1070 4773 separari,
1096 4684 1138 4746 et
1165 4659 1318 4772 perinde
1340 4665 1446 4747 uxori
1464 4661 1724 4777 puggjdocea·

90 4773 196 4892 dicae
219 4774 342 4863 avito
358 4830 372 4882 ,
386 4779 453 4891 qui
474 4802 512 4861 se
527 4775 591 4861 tali
607 4775 758 4863 crimine
782 4776 1080 4886 complicavetit.
1113 4781 1200 4866 ‚Nec
1214 4778 1340 4880 enirn,
1356 4805 1400 4865 ut
1415 4805 1531 4868 testa-

91 4914 152 4980 tur
168 4894 456 5018 Hieronymus,
483 4892 654 4985 adultera
684 4922 779 5021 uxor
796 4892 1089 4984 dimittendaest
1105 4955 1118 5005 ,
1135 4919 1180 4983 et
1196 4894 1252 4984 vit
1267 4897 1448 4985 moechus
1473 4929 1531 5036 te·

1486 5044 1535 5106 tl.
