4020 5864
667 408 872 484 'LIBER
908 410 973 480 III·
1221 447 1224 452 ·
1437 425 1515 509 '53n

94 560 177 625 turn
192 532 405 655 religionem
423 559 537 639 ,tum
553 530 828 652 philosophiam
844 533 996 620 arbitrio
1019 534 1058 619 in
1083 551 1209 621 toturn
1225 528 1435 623 libertatem
1466 539 1541 623 ab·

91 673 238 772 rogare.
255 655 335 751 Qui
351 653 441 739 mihi
456 654 507 739 ad
522 653 677 740 liberum
692 650 882 737 arbitrium
897 714 908 757 ,
924 653 1037 737 etiam
1052 653 1092 737 in
1107 655 1146 738 iis
1160 655 1271 740 rebus
1286 715 1298 758 ,
1314 684 1414 770 quae
1429 684 1528 741 sum·
1567 704 1720 759 urranne-
1794 717 1795 721 Ν

91 804 202 859 mum
212 775 359 858 bonurn
375 771 593 888 attingtutt,
619 770 858 856 asserendum
882 771 1096 883 hujusmodi
1120 768 1304 858 rationem
1320 774 1432 858 secuti
1451 803 1528 861 esse
1542 769 1719 879 llliibceiill}

90 892 277 996 uidentur.
296 894 445 974 ‘Homo
460 919 526 1004 per
553 891 632 978 vim
655 918 744 975 suae
758 888 991 995 voluntatis,
1012 919 1100 976 cum
1127 916 1181 976 est
1205 888 1364 977 suffusus
1391 894 1522 1006 gratia,
1540 886 1629 936 ΜΟ·

86 1035 189 1096 recte·
201 1034 241 1093 et
261 1008 415 1094 vicissim
437 1037 553 1122 prave
572 1037 685 1125 agere
701 1030 852 1123 potest:
881 1008 994 1092 habet
1010 1009 1121 1124 igitur
1135 1009 1293 1094 liberum
1317 1008 1523 1111 arbitrium.
1567 1079 1569 1087 .
1708 1010 1712 1019 ’

87 1131 202 1223 Quae
218 1126 494 1242 argumentatio
510 1156 628 1242 quam
640 1128 759 1240 probe
772 1125 1003 1231 concludat,
1032 1151 1115 1212 tum
1131 1128 1249 1243 magis
1264 1127 1525 1245 intelligemus,

88 1246 118 1330 si
149 1245 225 1330 hoc
252 1245 350 1330 idem
375 1245 414 1327 in
442 1244 642 1329 moralibus
671 1244 869 1330 virtutibus
897 1243 1002 1330 velut
1029 1244 1242 1359 philosophi
1271 1245 1526 1332 considerabi-

87 1392 184 1447 mus.
217 1367 319 1446 Nam
335 1361 662 1476 quemadmodum
681 1386 850 1446 nostrum
866 1361 1035 1447 animum
1066 1364 1218 1478 gratia,
1245 1392 1344 1478 quae
1369 1364 1527 1479 qualitas
1689 1456 1692 1462 ,

85 1505 141 1565 est
150 1478 435 1592 supernaturalis
450 1539 462 1582 ,
485 1475 716 1582 informare,
735 1505 884 1566 nonest
899 1479 939 1563 in
955 1504 1081 1565 nostra
1097 1506 1284 1595 potestate
1299 1481 1410 1568 situm
1429 1544 1441 1587 ,
1459 1486 1525 1571 sed
1597 1518 1601 1524 ·
1683 1517 1686 1521 ·

89 1598 127 1681 in
143 1598 215 1682 Dei
233 1596 486 1682 munificentia
504 1629 513 1682 :
543 1597 596 1682 sic
610 1626 663 1681 ne
683 1597 774 1684 illud
789 1597 943 1713 quidem
960 1622 1005 1683 ut
1019 1598 1188 1704 virtute,
1217 1600 1375 1714 exempli
1400 1628 1526 1708 causa,
1698 1614 1700 1618 ’

86 1713 691 1831 temperantia,·quandocumque
709 1715 881 1819 ,libuerit
909 1713 1112 1801 afficiamur
1130 1717 1330 1802 :nimirum
1344 1718 1433 1832 quia
1464 1749 1527 1806 re-

86 1857 201 1946 pente
217 1861 331 1917 nemo
347 1831 390 1918 fit
419 1858 657 1948 temperans,
680 1861 750 1917 nec
766 1833 844 1918 sine
858 1833 975 1950 longa
993 1835 1264 1921 consuetudine
1279 1839 1528 1949 temperandi.

84 1953 157 2036 Fac
172 1951 286 2066 igitur
299 1951 489 2036 neminem
504 2013 516 2057 ,
534 1951 595 2036 cui
608 1951 700 2038 absit
715 1952 808 2036 haec
823 1951 964 2056 virtus,
990 1981 1099 2068 posse
1112 1981 1224 2069 agere
1248 1979 1526 2067 temperanter:

85 2069 194 2183 quod
210 2066 364 2156 fortasse
375 2097 508 2158 verum
523 2094 606 2174 est,
634 2070 663 2155 si
686 2093 858 2155 exactum
882 2065 1051 2155 officium
1082 2074 1269 2186 requiras:
1296 2095 1388 2155 tunc
1416 2072 1531 2187 igitur

83 2214 114 2268 a·
124 2209 162 2270 te
178 2211 304 2300 peram
323 2246 337 2292 ,
352 2211 480 2273 utrum
497 2212 770 2302 temperantem
790 2187 986 2271 hominem
1002 2187 1191 2302 privatum
1208 2216 1285 2274 esse
1302 2212 1409 2302 putes
1432 2215 1535 2275 tem-1

83 2302 241 2415 perandi
273 2328 484 2417 potestate,
511 2329 551 2389 et
577 2305 732 2390 vicissim
766 2332 846 2388 non
879 2306 1141 2418 temperandi,
1170 2331 1209 2391 et
1229 2329 1328 2390 certe
1359 2308 1526 2421 negabis.

84 2417 194 2504 Nam
212 2450 320 2533 posse
332 2444 584 2535 temperanter
603 2449 736 2538 agere,
752 2445 895 2507 cerrum
911 2447 967 2507 est
982 2446 1021 2506 et
1034 2423 1219 2536 positum:
1233 2422 1527 2536 intemperanter

84 2561 244 2641 autem,
269 2561 309 2622 et
325 2566 461 2624 sensus
484 2563 523 2625 et
555 2539 650 2624 ratio
665 2536 893 2626 testificatur.
923 2545 1062 2654 Neque
1079 2540 1179 2626 enirn
1204 2538 1307 2626 aliter
1328 2540 1530 2655 quisquam

84 2681 131 2739 ex
149 2679 383 2768 temperante
404 2656 655 2770 intemperans
686 2653 906 2742 efficeretur.
939 2657 975 2742 Si
1006 2681 1089 2742 tum
1104 2687 1197 2775 ergo
1224 2657 1265 2742 in
1292 2658 1465 2772 petendis
1490 2683 1535 2745 et.

85 2768 271 2888 fugiendis
288 2773 545 2887 voluptatibus
562 2775 718 2861 liberum
733 2773 924 2860 arbitrium
938 2774 1076 2862 habere
1096 2776 1261 2878 dicitur,
1287 2802 1355 2859 cur
1369 2801 1534 2891 negetur.

83 2888 125 2973 in
140 2891 270 2976 ceteris
294 2893 429 2998 rebus,
445 2893 473 2978 si
489 2894 607 3008 gratia
615 2890 770 2979 affectus
787 2918 886 2978 recte
907 2921 1019 3010 agere
1044 2918 1169 3009 potest
1190 2918 1230 2980 et
1245 2901 1385 2978 secus?
1424 2898 1536 2981 Nam·
1656 2985 1657 2988 r

84 3005 169 3092 licet
184 3007 306 3093 homo
335 3011 452 3125 gratia
473 3008 673 3116 suffultus,
701 3035 865 3128 nequeat
879 3036 972 3097 runc
999 3040 1182 3126 peccare,
1212 3035 1251 3097 et
1269 3011 1308 3095 in
1337 3010 1457 3127 gratia
1485 3012 1532 3097 si-

34 3234 40 3235 ff
87 3123 168 3210 mul
184 3125 399 3239 persistere:
425 3149 551 3214 tamen
567 3130 676 3215 estin
699 3129 777 3243 ejus
801 3153 1009 3243 potestate,
1024 3153 1152 3243 peccet
1168 3190 1181 3236 ,
1197 3157 1236 3215 et
1248 3128 1406 3245 gratiam
1422 3129 1531 3216 amit·

88 3264 171 3347 tat,
199 3267 237 3328 et
253 3243 274 3288 ¹³
293 3245 344 3329 sic
357 3246 486 3332 mortis
502 3246 568 3332 liat
583 3275 691 3351 reus;
719 3276 769 3331 an
786 3271 931 3333 retenta
948 3247 1091 3364 gratia,
1117 3271 1217 3333 recte
1234 3272 1344 3363 agat,
1376 3271 1553 3382 etrum-21
1607 3278 1635 3384 ιτ,
1679 3337 1705 3386 ἀ,

85 3389 192 3444 mum
206 3361 355 3448 bonum
370 3390 657 3450 commereatur.
685 3367 798 3463 Quae
813 3365 909 3451 ratio
934 3390 1012 3451 tarn
1036 3362 1168 3450 efficax
1196 3365 1287 3450 tnihi
1311 3378 1388 3448 esse
1419 3347 1720 3464 vide-·1l0„3¹¹32⁶a}

84 3499 170 3583 tur,
200 3503 339 3565 utnon
355 3482 440 3566 satis
454 3482 687 3598 intelligam,
712 3513 790 3599 qua
807 3484 922 3598 possit
943 3483 1128 3568 calumnia
1150 3484 1339 3569 Martinus
1354 3510 1437 3567 eam
1463 3482 1525 3570 lu·
1540 3468 1717 3597 blm

85 3593 223 3680 dilicari
242 3657 253 3703 ,
270 3621 314 3683 ut
331 3598 486 3683 liberum
502 3600 693 3686 arbitrium
708 3601 818 3687 inane
832 3629 1002 3709 nomen,
1018 3626 1134 3717 atque
1149 3601 1292 3688 nullam
1307 3601 1414 3707 vim,
1444 3601 1532 3692 nub.

86 3708 160 3796 lant
178 3737 351 3800 naturam
367 3744 444 3801 esse
464 3742 628 3805 tueatur.
1528 3781 1531 3793 ÷

99 3874 102 3881 ·
143 3833 250 3915 XXI.
309 3836 499 3921 Sententia
514 3862 641 3922 nostra
657 3838 706 3923 ad
722 3837 825 3922 hunc
841 3838 1000 3925 modurn
1017 3838 1196 3953 explicata
1213 3899 1225 3944 ,
1256 3866 1450 3955 superest,
1481 3869 1528 3931 ut

85 3971 309 4064 argumenta
332 3954 601 4070 captionesque
628 3956 783 4040 Lutheri
812 4014 827 4061 ,
850 3985 943 4071 quas
971 3956 1091 4041 homo
1123 3955 1326 4043 levissimus
1349 3982 1392 4045 et
1418 3959 1522 4047 idem

89 4065 271 4191 gloriosus
291 4069 445 4160 invictas
468 4073 621 4188 copias,
646 4099 685 4159 et
708 4073 1009 4190 inexpugnabiles
1032 4074 1235 4192 phalanges
1258 4075 1421 4187 appellat
1438 4137 1450 4180 ,
1467 4106 1523 4162 re·

87 4182 281 4294 lellamus,
306 4216 354 4273 ac¹
366 4189 536 4297 insidias,
564 4217 680 4277 ereas
707 4220 777 4277 nec
791 4192 999 4279 admodum
1015 4191 1179 4279 occultas
1193 4218 1233 4277 et
1259 4191 1421 4279 infirmas
1445 4223 1536 4281 esse·

88 4298 304 4389 doceamus.
334 4312 428 4391 Non
452 4310 561 4424 quod
585 4310 678 4425 ipsas
711 4336 841 4425 putem
869 4340 1001 4425 parurn
1031 4334 1141 4400 acute
1166 4310 1216 4395 ab
1248 4314 1437 4417 Erasmo,
1461 4312 1524 4400 vel

86 4443 167 4547 non
185 4421 267 4506 satis
282 4421 471 4540 eleganter
487 4427 525 4510 in
541 4426 634 4514 libro
652 4490 665 4534 ,
690 4457 806 4542 quem
832 4432 876 4511 de
892 4430 1009 4511 libero
1025 4430 1186 4512 arbitrio
1208 4426 1348 4542 scripsit
1367 4487 1380 4532 ,
1412 4427 1522 4516 fuisse

85 4539 293 4644 ulutatus,
319 4568 386 4627 aut
412 4572 506 4659 quas
528 4571 660 4657 postea
689 4547 874 4631 Lutherus
903 4545 1043 4650 edidit,
1073 4575 1180 4658 posse
1209 4575 1330 4660 parvo
1362 4549 1521 4662 negotio

84 4649 265 4738 refutati:
297 4661 362 4743 sed
377 4664 465 4775 quia
481 4661 531 4745 sic
556 4663 652 4748 ratio
679 4665 837 4778 suscepti
865 4662 971 4747 nobis
996 4663 1118 4776 operis
1148 4663 1338 4777 deposcit,
1365 4691 1435 4748 nec
1464 4687 1522 4751 est

87 4797 394 4884 praetermorem
413 4804 583 4864 veterum
601 4805 708 4884 ,aur
725 4780 972 4866 recentiorum
995 4782 1306 4868 consuetudinem
1324 4841 1336 4885 ‚
1362 4805 1406 4863 ur
1421 4808 1524 4864 eam·

88 4888 177 4976 dem
192 4918 342 4981 causam
357 4896 567 5016 complures
591 4896 779 4994 interdum
804 4900 953 5018 patroni
975 4901 1152 4991 adversus
1172 4899 1280 4988 unius
1301 4899 1526 4983 accusatoris

913 5021 1042 5109 Xxxa
1251 5036 1254 5041 ’
1417 5039 1421 5041 ’
1459 5044 1526 5101 ca-
