4050 5858
493 472 566 543 244
820 467 839 498 ·
958 438 1428 524 DEMOCRATES

397 650 400 654 .
464 580 666 698 repellere·
658 637 670 682 ,
692 576 826 668 videris
849 575 940 664 mihi
966 575 1070 664 illum
1097 577 1281 716 evangelii
1303 577 1433 665 locum
1466 603 1532 664 aut
1556 575 1693 665 oblitus
1716 603 1825 683 esse,
1849 600 1921 665 aut

466 730 548 788 non
570 699 789 817 perlegisse.
823 696 1023 834 Castigato
1051 698 1151 783 enim
1182 705 1328 805 Petro,
1347 697 1554 814 castigandi
1584 726 1695 781 causa
1727 696 1923 815 subiungi-

335 871 337 876 ·
469 846 559 906 ture
589 822 667 902 An
664 834 818 927 putas,
834 816 958 929 inquit
978 823 1095 923 ,quio
1118 840 1187 902 non
1201 832 1354 935 passum
1380 842 1516 925 rogare
1540 832 1611 928 pat
1611 843 1689 901 rem
1715 844 1866 919 meum,
1881 830 1921 898 et

470 939 659 1023 exhibebit
684 937 774 1019 mibi
796 939 898 1019 onodo
918 941 1008 1042 ptus
1027 958 1136 1041 quana
1151 939 1340 1021 duodecim
1363 940 1523 1077 legiones
1544 960 1637 1044 ange
1637 940 1783 1018 lorum?
1814 936 1923 1044 ,Qum

380 1077 384 1096 ’
469 1059 573 1142 ruodo
601 1081 690 1165 ergo
713 1060 807 1191 impl
790 1054 959 1137 labuntur
984 1060 1236 1162 scripturae,
1264 1061 1354 1160 quia
1379 1060 1437 1136 sic
1471 1068 1613 1161 oportet
1631 1051 1754 1152 fieri?
1787 1057 1923 1187 ltaque

469 1202 552 1260 non
573 1172 736 1309 legem
727 1202 837 1258 meo
861 1171 980 1256 sanxit
1010 1171 1118 1258 omni
1147 1196 1303 1257 natiuae
1324 1193 1599 1287 repugnantem
1616 1230 1628 1274 ,
1645 1200 1694 1256 ne
1720 1170 1862 1255 liceat
1851 1200 1923 1256 un·

473 1291 722 1424 proborum
712 1290 881 1404 injuriam
902 1288 962 1395 vi,
979 1321 1008 1375 ιι
996 1289 1137 1375 aliter
1161 1318 1243 1377 non
1261 1291 1372 1375 datur
1389 1350 1402 1395 ,
1419 1288 1665 1423 propulsare:
1691 1289 1794 1375 sed
1784 1319 1924 1404 smptu-

475 1409 694 1498 dentiam
662 1439 743 1522 ejus
766 1408 951 1522 castigat,
972 1437 1039 1523 qur
1028 1406 1252 1495 Christum
1281 1431 1430 1541 putaret
1454 1405 1617 1492 invitum
1638 1404 1687 1492 ad
1704 1436 1838 1492 necem
1853 1433 1926 1494 tra·

474 1527 515 1613 hi
531 1558 691 1644 ,aqua
711 1552 806 1613 esset
830 1526 997 1611 humana
1024 1554 1099 1640 ope
1116 1587 1129 1634 ,
1145 1557 1214 1643 qur
1201 1523 1416 1644 angelis
1407 1552 1588 1641 imperare
1617 1549 1802 1640 poterat,
1820 1527 1925 1640 eripi·

477 1589 625 1750 endus,
647 1670 685 1730 et
708 1675 788 1731 non
815 1642 940 1760 potius
962 1668 1100 1779 sponte
1123 1675 1220 1750 sua,
1236 1669 1281 1730 ut
1295 1643 1538 1758 praedictum
1560 1667 1640 1727 erat
1654 1643 1921 1779 prophetarum

287 1832 315 1882 ι
299 1830 452 1902 NJ„
437 1762 653 1871 ,vaticiniis
675 1792 722 1848 ex
739 1762 892 1848 decreto
905 1761 1116 1847 Trinitatis
1151 1763 1200 1846 Si
1215 1770 1310 1847 enim
1326 1762 1546 1848 Cbristiuna
1567 1764 1796 1871 disciplina,
1813 1786 1855 1846 ut
1871 1763 1924 1849 ait

287 1881 1489 2000 wr1‘1ne·⁹·¹·nugustinus,omoiabeualeonumlonum
1520 1882 1702 1965 militibus
1734 1887 1924 1966 comitium

478 2009 614 2085 solutis
625 2001 838 2113 petentibus
855 2004 1068 2105 diceretur,
1084 2015 1126 2082 ut
1140 2003 1342 2110 abjicerent
1358 2026 1490 2105 arma,
1507 2025 1616 2107 seque
1634 2005 1792 2082 militiae
1819 2007 1927 2085 omni·

452 2156 455 2162 ⁴
479 2146 525 2205 ιιι
541 2120 801 2225 subtraherent
819 2145 830 2203 t
846 2144 941 2203 nunc
966 2134 1087 2202 autem
1111 2122 1249 2203 dictum
1272 2132 1330 2201 est
1351 2127 1407 2202 eis
1428 2144 1453 2201 a
1471 2102 1827 2230 BaptistaJoanne,
1844 2118 1926 2200 Ne·

480 2245 611 2321 minem
627 2246 932 2343 concusseritis,
964 2241 1101 2319 nemini
1130 2264 1175 2319 ca
1176 2243 1348 2322 lumniam
1369 2234 1579 2342 ficeritis:
1612 2232 1784 2341 sufficiat
1808 2237 1924 2318 vobis

479 2361 704 2464 stipendium
729 2371 922 2439 oestrum.
955 2358 1059 2438 Nam
1078 2352 1187 2468 quod
1212 2352 1352 2438 bellum
1374 2354 1443 2441 tibi
1465 2377 1599 2439 contra
1618 2379 1775 2438 naturae
1789 2350 1929 2488 legem

480 2472 599 2561 videri
616 2474 763 2560 dicebas
782 2533 796 2580 ,
812 2498 1009 2598 propterea
1038 2471 1157 2586 quod
1166 2472 1290 2558 nullae
1312 2472 1449 2556 bestiae
1478 2500 1568 2556 cum
1593 2471 1649 2556 sui
1672 2469 1818 2589 generis
1849 2471 1926 2556 ani·

481 2592 669 2679 mantibus
683 2592 824 2726 bellum
841 2619 969 2708 gerere
985 2588 1210 2678 videantur:
1229 2592 1391 2725 primum
1414 2618 1511 2676 erras
1534 2591 1573 2675 in
1588 2619 1659 2694 ιο,
1674 2591 1704 2674 si
1720 2613 1831 2704 putas
1847 2587 1929 2674 ιιιιι·

483 2708 565 2795 lum
592 2739 668 2796 esse
694 2709 750 2822 ius
773 2734 960 2815 naturae,
980 2708 1088 2823 quod
1120 2709 1271 2795 nonsit
1301 2708 1401 2794 idem
1438 2707 1651 2794 hominibus
1680 2736 1772 2792 cum
1799 2707 1927 2792 ceteris

482 2826 730 2915 animantibus
746 2854 972 2913 commune
999 2828 1247 2942 Quamquam
1272 2825 1373 2911 enim
1389 2827 1444 2939 jus
1459 2825 1628 2911 naturale
1642 2825 1683 2912 id
1698 2854 1776 2911 esse
1788 2884 1800 2929 ,
1815 2823 1923 2939 quod

481 2970 618 3031 natura
643 2945 772 3031 docuit
790 2943 960 3029 animalia
986 2968 1150 3079 cuncta,
1175 2945 1261 3059 jure
1277 2942 1469 3030 consultus
1484 2942 1694 3030 delituerit:
1713 2965 1923 3028 esttamen

483 3061 539 3175 ius
561 3064 718 3149 alterum
731 3063 874 3198 ,quod
902 3060 990 3178 quia
1013 3061 1165 3148 rationis
1190 3063 1389 3148 hominum
1406 3063 1561 3197 generi,
1577 3091 1643 3148 seu
1667 3062 1829 3176 speciem
1852 3089 1931 3146 ma·

484 3178 540 3267 vis
570 3180 743 3313 appellari
760 3242 773 3286 ‚
788 3179 1019 3297 peculiariter
1050 3179 1274 3266 tributae
1238 3210 1317 3268 vrm
1344 3205 1382 3266 et
1411 3180 1588 3314 judicium
1614 3201 1822 3265 assectatur
1839 3237 1855 3284 ,
1871 3177 1928 3264 id

483 3296 585 3383 circo
609 3299 664 3410 jus
691 3324 845 3385 naturae
870 3299 1059 3384 humanae
1087 3299 1251 3404 scilicet,
1268 3324 1307 3385 et
1337 3298 1472 3387 idem
1463 3329 1526 3414 ιιι
1547 3297 1748 3416 gentium,
1769 3296 1821 3384 de
1849 3326 1928 3412 quo

484 3414 601 3528 paulo
629 3441 719 3501 ante
736 3415 1001 3501 disserebamus
1012 3442 1306 3534 ‚.nuncupatur

544 3535 636 3618 XX.
693 3533 843 3622 Deinde
869 3478 1039 3619 animalia
1069 3561 1191 3623 cetera
1221 3565 1303 3622 non
1331 3536 1502 3651 protinus
1529 3566 1553 3621 a
1580 3535 1684 3622 bellis
1710 3563 1845 3623 aversa
1870 3532 1930 3622 ιι·

483 3645 566 3735 deri
589 3650 761 3757 debent,
779 3653 807 3738 si
824 3681 909 3739 raro
930 3679 1134 3768 quaesunt
1155 3656 1195 3740 in
1212 3655 1350 3741 eodem
1366 3683 1528 3789 genere,
1546 3680 1613 3741 aut
1634 3683 1849 3768 numquam
1864 3684 1932 3787 pu·

483 3795 608 3904 gnam
632 3769 727 3857 inter
756 3799 823 3856 se.
852 3774 1017 3857 Habent
1037 3773 1137 3857 enim
1167 3772 1345 3888 pleraque
1374 3772 1501 3858 omnia
1526 3804 1613 3858 suos
1637 3774 1796 3878 hostes,
1813 3770 1933 3858 sedin

486 3887 609 3998 specie
624 3887 791 3976 diversa.
825 3893 921 3974 Non
950 3915 1087 4004 gerunt
1112 3889 1253 3976 bellum
1283 3891 1394 4008 tigres
1424 3918 1513 3976 cum
1540 3889 1725 4026 tigribus,
1740 3917 1780 3975 at
1796 3913 1934 4022 genam

486 4029 598 4090 canes
619 4034 706 4092 cum
704 4006 853 4128 lupis,
880 4006 939 4092 his
967 4007 1092 4122 pecori
1109 4007 1289 4143 injuriam
1315 4033 1354 4094 et
1381 4037 1514 4095 necem
1538 4008 1719 4095 hostiliter
1749 4004 1938 4093 molienti-

296 4216 321 4264 Α
336 4214 368 4264 Μ
383 4212 412 4263 m
485 4118 580 4227 bus,
599 4120 706 4210 illis
679 4150 811 4210 mnata
822 4124 991 4240 quadam
1012 4122 1171 4211 amicitia
1194 4152 1234 4213 et
1250 4151 1506 4243 quasrpustrna
1522 4123 1936 4241 depellentibus.de

297 4274 346 4323 am
323 4225 652 4326 middiivaccaei
681 4242 775 4378 quid
803 4271 925 4359 equae
960 4267 999 4328 et
1032 4243 1187 4329 mulae?
1215 4244 1308 4378 quid
1340 4254 1450 4331 sues.
1484 4269 1528 4331 ut
1558 4270 1698 4330 ceteras
1728 4269 1875 4330 taceam
1897 4242 1936 4327 id

296 4334 476 4443 liiidfmm'
487 4386 608 4472 genus
632 4360 867 4465 animantes,
884 4390 1014 4448 nonne
1029 4361 1233 4477 luporum
1224 4390 1324 4478 ipsae
1340 4423 1354 4468 ,
1368 4362 1603 4478 aliorumque
1626 4359 1888 4450 maleficorum
1903 4391 1936 4445 a

486 4473 679 4561 nimalium
695 4502 863 4564 catervas
887 4481 1013 4566 adesse
1039 4481 1269 4585 sentientes,
1286 4509 1363 4566 sese
1379 4482 1478 4566 duee
1495 4507 1628 4568 natura
1651 4481 1689 4565 in
1711 4480 1846 4567 orbem
1865 4479 1938 4569 vel

486 4619 532 4680 ut
559 4591 731 4681 infestam
761 4596 878 4681 aciem
907 4597 1127 4685 instruentes
1158 4597 1367 4715 colligunt,
1383 4623 1423 4685 et
1446 4626 1604 4714 paratae
1625 4600 1674 4684 ad
1698 4628 1873 4732 pugnam
1900 4598 1939 4683 in

484 4712 646 4801 excubiis
666 4726 957 4829 nonnumquam
981 4741 1236 4829 pernoctant,
1252 4741 1291 4802 et
1315 4717 1539 4803 irrssentibus
1563 4717 1734 4803 hostibus
1759 4715 1938 4804 validissi-

483 4859 546 4916 me
574 4860 816 4950 repugnant,
850 4862 889 4918 se
921 4861 1086 4948 suosque
1112 4831 1237 4921 foetus
1265 4833 1472 4942 cornibus,
1505 4835 1707 4937 dentibus,
1743 4835 1937 4941 calcibus,

447 4984 459 5073 η’
484 4976 600 5061 prout
624 4981 800 5070 quaeque
825 4975 969 5040 armata
991 4978 1049 5040 est
1072 4979 1246 5043 anatura
1262 5015 1275 5062 ,
1293 4953 1487 5070 quoad
1451 4983 1546 5044 utres
1572 4978 1814 5070 suppetunt,
1831 4985 1935 5041 com·

522 5112 523 5116 ,
827 5108 829 5113 ,
1042 5119 1048 5141 z
1856 5104 1943 5160 mps-

325 2220 424 2282 lus-s
