4050 5858
390 410 494 488 SEU
533 406 1023 486 DE‘nrnETENDn
1059 390 1317 513 oronim
1486 428 1555 516 '205

124 542 205 662 ligo
221 536 637 655 recusem,‘qu0minus
666 534 881 621 ambitiosus
906 562 946 623 et
961 535 1099 622 habear
1117 563 1156 623 et
1175 534 1360 653 appeller.
1382 544 1435 626 Er
1459 542 1582 658 siquis

132 692 193 747 me
224 659 471 776 reprehendat
505 653 817 770 philosophorum
843 716 855 760 ,
878 654 977 740 hanc
1007 656 1157 770 culpam
1191 660 1377 743 excusabo
1407 661 1583 751 omnium

131 779 329 894 exemplo,
356 777 424 894 qui
458 799 540 859 tum
567 771 605 855 in
638 771 741 857 bellis
767 773 968 888 gerendis,
988 799 1073 858 tum
1096 775 1135 858 in
1159 776 1429 891 rebuspublicis
1464 781 1584 868 admi·

130 890 646 1010 nistrandispraestanrissimi
677 886 857 976 fuerunt.
895 891 1045 989 Quibus
1070 921 1146 1008 ego
1172 922 1383 1009 numquam
1410 899 1584 984 commit·

127 1039 207 1100 tarn
239 1041 283 1101 ut
314 1010 628 1128 philosophorum
645 1069 657 1110 ,
674 1035 773 1123 quos
804 1009 981 1123 equidem
997 1007 1220 1125 magnifacio
1238 1071 1250 1116 ,
1266 1040 1500 1128 quemquam
1517 1046 1583 1101 an·

128 1159 312 1247 reponam
322 1178 337 1213 .·
362 1137 451 1247 Ego
477 1127 576 1213 enim
602 1125 711 1240 quod
727 1126 811 1212 viris
836 1127 1150 1240 praestantissimis
1182 1131 1357 1244 natisque
1389 1134 1438 1216 ad
1455 1133 1583 1245 juvan-

127 1248 220 1335 dam
249 1247 541 1349 mortalitatem,
565 1267 603 1328 et
624 1243 673 1328 ad
702 1243 870 1331 civitates
898 1271 1106 1361 coetusque
1136 1246 1336 1331 hominum
1362 1277 1582 1338 conservam

120 1368 204 1457 dos
234 1368 273 1452 in
301 1367 405 1452 omni
436 1360 617 1450 memoria
639 1359 806 1474 placuit,
836 1361 876 1449 id
908 1364 1030 1480 legem
1056 1393 1133 1448 esse
1159 1387 1316 1449 naturae
1342 1390 1487 1453 certum
1518 1362 1585 1454 ha-

120 1483 206 1570 beo
224 1513 236 1587 3
253 1513 332 1569 non
355 1485 384 1568 si
406 1483 499 1599 quid
523 1478 705 1595 ingeniosi
720 1479 918 1584 homines,
936 1483 1001 1567 sed
1025 1511 1158 1595 parum
1174 1482 1340 1576 valentes
1364 1513 1437 1569 usu
1457 1514 1586 1577 rerum

129 1601 170 1686 in
200 1602 331 1688 scholis
357 1629 396 1688 et
426 1600 509 1687 otio
529 1621 663 1683 contra
687 1624 932 1681 communem
961 1598 1160 1686 hominum
1190 1599 1409 1715 opinionem
1437 1606 1586 1723 excogi-

121 1744 280 1808 tarunt.
308 1725 376 1809 'An
403 1748 464 1803 me
497 1714 615 1830 magis
637 1739 820 1800 moveant
843 1717 1001 1802 Socratis
1032 1744 1099 1804 aur
1129 1716 1297 1803 Platonis
1331 1718 1523 1807 artificiose
1545 1749 1585 1811 ct
1643 1756 1652 1760 ·

128 1840 309 1924 subtiliter
337 1837 462 1940 dicta,
494 1861 611 1949 quam
639 1830 790 1916 Fabricii
820 1857 887 1916 aut
913 1834 1089 1949 Scipionis
1129 1834 1346 1924 Marcellive
1377 1833 1523 1925 fortiter
1546 1866 1587 1931 et

123 1956 314 2069 'sapienter
331 1952 428 2038 facta
446 1961 458 2035 ἒ
477 1979 555 2066 qua
570 1973 780 2064 praesumta
797 1949 1007 2061 opinione,
1026 1954 1119 2040 durn
1145 1952 1242 2037 bella
1266 1982 1434 2070 gererem
1451 1956 1464 2069 (
1480 1958 1585 2047 haud

120 2069 238 2158 ¹fateri
269 2067 517 2182 erubescam)
542 2068 593 2151 ita
621 2095 724 2151 cram
751 2063 934 2175 affectus,
964 2095 1008 2155 ut
1032 2100 1079 2156 ex
1098 2070 1243 2157 civibus
1272 2074 1405 2157 nostris
1435 2101 1586 2188 patrum

126 2214 379 2296 vestrorum,
411 2187 481 2272 sub
513 2184 647 2301 quibus
680 2184 908 2298 tyrocinium
933 2186 1123 2302 deposui,
1152 2213 1191 2274 ct
1218 2190 1488 2306 consanguinei
1511 2222 1583 2280 no-

119 2310 192 2394 ,stri
206 2309 340 2421 Jacobi
355 2370 368 2414 ,
385 2303 633 2392 Comatiensis
654 2303 915 2410 Marchionis,
939 2333 978 2391 et
1002 2305 1161 2391 aliorum
1186 2308 1584 2420 praestantissimorum

126 2425 297 2514 uirorum
314 2425 501 2542 praeclara
517 2448 621 2543 gesta
637 2424 791 2536 potius,
807 2450 925 2537 quarn
941 2426 1102 2508 Senecae
1119 2447 1315 2539 praecepta
1332 2453 1449 2510 essem
1462 2457 1584 2515 aernu

128 2540 287 2631 latuttu.
314 2551 399 2630 Nec
426 2543 518 2628 mibi
541 2569 763 2658 magnarum
781 2539 965 2627 virtutum
980 2570 1083 2653 spem
1099 2540 1159 2624 illa
1174 2540 1319 2626 indoles
1334 2542 1438 2636 dabit
1453 2606 1466 2651 ,
1483 2574 1583 2662 quae

127 2691 210 2746 non
232 2663 349 2779 gloria
378 2661 588 2759 excitetur,
618 2681 717 2768 quae
745 2652 845 2737 vinci
871 2684 910 2738 se
935 2657 1113 2768 opinione
1140 2657 1190 2741 ab
1214 2659 1429 2772 aequalibus
1456 2692 1582 2780 aequo

126 2780 257 2865 animo
276 2779 456 2894 patiatur.
474 2776 637 2875 Malim,
653 2771 774 2886 inquit
790 2773 928 2860 Caesar
944 2833 957 2877 ,
972 2800 1061 2865 cum
1077 2799 1171 2860 esser
1186 2775 1226 2858 in
1241 2775 1460 2864 Celtiberiae
1475 2781 1584 2898 igno·

119 2897 191 2982 bili
219 2898 335 3002 vico,
360 2897 422 2979 hic
438 2919 518 2976 esse
546 2899 726 3001 primus,
744 2916 852 2996 quam
880 2902 1021 2979 Romae
1036 2896 1238 2977 secundus.
1265 2893 1346 2987 Qui
1369 2897 1513 3011 spiritus
1529 2899 1584 2984 in-

123 3014 326 3130 nicttuque
353 3013 529 3123 animus,
557 3009 649 3095 dum
682 3007 781 3092 illam
805 3005 964 3124 gloriam
994 3012 1188 3126 sequitur,
1218 3010 1351 3099 videtis
1383 3016 1435 3101 ad
1461 3045 1583 3132 quan-

125 3155 207 3218 tam
232 3160 357 3219 rerum
382 3128 585 3214 claritatem
618 3126 740 3241 ipsum
764 3152 966 3232 evexerat,
996 3129 1062 3216 nisi
1094 3130 1143 3215 ad
1159 3153 1367 3215 extremum
1389 3131 1493 3219 illato
1516 3166 1582 3250 pa·

124 3249 341 3338 triae'bello
366 3272 499 3359 cuncta
516 3243 729 3332 foedasset.
758 3245 832 3331 Sed
848 3268 1035 3359 quantum
1062 3246 1102 3332 in
1132 3247 1297 3333 maximis
1319 3249 1428 3335 rebus
1443 3252 1583 3368 gloriae

122 3368 252 3456 ‚valeat
280 3368 492 3482 appetitus,
517 3389 600 3449 tum
628 3363 744 3480 magis
766 3361 998 3480 intelligeris,
1015 3364 1043 3450 si
1071 3362 1173 3452 idem
1202 3366 1242 3452 in
1267 3367 1390 3481 parvis
1413 3396 1583 3457 contem·

126 3485 221 3599 plari
249 3485 413 3572 libuerit.
438 3480 617 3599 Fingendi
648 3480 902 3598 pingendique
939 3505 1018 3567 arte
1047 3483 1206 3569 maxime
1237 3485 1452 3570 mortalium
1465 3493 1581 3573 Grae·

127 3603 161 3686 ci
183 3604 382 3718 quondam
407 3603 637 3704 valuerunt,
668 3600 780 3685 iidem
800 3626 942 3686 vocum
970 3599 1179 3717 lidiumque
1209 3628 1324 3689 cantu
1351 3604 1583 3689 ceterislon·
1699 3712 1700 3717 Ν

123 3748 177 3836 ge
194 3723 421 3835 praestitere.
454 3724 534 3805 Cur
552 3717 733 3804 tandem?
766 3746 903 3832 nempe
933 3720 1116 3833 quoniam
1151 3719 1207 3804 his
1240 3721 1378 3806 artibus
1407 3720 1582 3809 excellere

123 3836 334 3954 gloriosum
359 3841 453 3924 inter
487 3839 587 3952 ipsos
610 3837 842 3951 putabatur:
868 3837 967 3922 adeo
991 3861 1035 3922 ut
1064 3837 1246 3952 Principes
1281 3837 1489 3945 Graeciae,
1515 3843 1583 3955 qui

123 3956 192 4049 isra
216 3957 460 4075 ignorarent,
485 3953 601 4069 paulo
630 3954 837 4041 rusticiores
853 4015 865 4057 ,
882 3982 926 4041 ut
940 3955 1075 4041 Cicero
1091 3980 1245 4041 testatur
1261 4016 1276 4061 ,
1290 3954 1405 4040 habiti
1431 3952 1580 4044 fuerint.
1600 3955 1604 3971 '

124 4075 188 4158 .Ut
205 4076 346 4169 merito
378 4074 468 4160 illud
484 4070 726 4191 eruditissimi
742 4071 811 4160 viri
837 4071 1005 4190 'elogium
1031 4073 1229 4159 laudetur:
1259 4074 1393 4158 Honos
1415 4081 1487 4158 alit
1512 4101 1581 4158 ar-

125 4204 220 4295 tes,
243 4220 432 4301 omnesque
459 4197 701 4278 incenduntur
718 4195 771 4276 ad
787 4194 914 4275 studia
938 4199 1082 4302 gloria.
1115 4190 1188 4275 Sed
1214 4217 1262 4272 ne
1290 4215 1417 4282 uetera
1441 4216 1582 4306 repeta-

126 4338 246 4412 mus,
272 4313 399 4400 videre
424 4311 508 4399 licet
533 4340 661 4399 nostra
687 4334 906 4426 tempestate
933 4310 971 4394 in
997 4306 1161 4394 maximis
1186 4306 1396 4395 civitatibus
1411 4370 1424 4414 ,
1440 4308 1479 4393 in
1494 4311 1584 4427 qui·

125 4427 199 4512 bus
226 4433 443 4516 mercatura¹
457 4456 496 4517 et
520 4459 610 4517 cura
633 4431 685 4518 rei
707 4428 888 4515 familiaris
912 4429 950 4511 in
976 4424 1100 4540 primis
1122 4452 1299 4534 curatur,
1326 4426 1456 4512 militia
1468 4451 1508 4514 er
1522 4458 1583 4514 cu·

100 4572 165 4630 ra
196 4573 392 4634 armorum
420 4549 648 4667 negligitur,
673 4548 852 4663 plurimos
869 4544 1003 4633 divitiis
1021 4540 1201 4649 affluere,
1222 4570 1261 4630 et
1275 4545 1494 4661 amplissima
1510 4576 1582 4660 pa-

121 4664 301 4750 trimonia
334 4667 551 4781 possidere,
578 4696 622 4752 ac
650 4667 806 4753 vicissim
829 4665 931 4754 viros
959 4659 1073 4747 fortes
1095 4687 1134 4749 et
1165 4687 1336 4749 strenuos
1364 4663 1463 4748 adeo
1488 4662 1581 4749 desi·

121 4781 275 4890 derasi,
310 4809 357 4869 ut
387 4785 528 4871 bellum
560 4785 628 4869 nisi
655 4807 811 4868 externo
838 4782 1143 4896 mercenarioque
1178 4782 1320 4885 milite,
1345 4808 1416 4865 nec
1448 4775 1581 4866 inferre

120 4900 294 5023 possint,
316 4930 389 4990 nec
414 4903 557 4995 illatum
582 4901 826 5021 propulsare.
861 4897 983 5022 Quod
1005 4925 1137 4989 contra
1159 4896 1203 4989 fit
1226 4927 1315 4988 curn
1338 4898 1377 4987 in
1396 4894 1579 5101 plerisqpe

1505 5045 1582 5107 aus
