4192 5880
567 399 612 471 82
918 400 1276 473 DESCRIPTIO
1311 401 1593 474 COLLEGII
1718 447 1721 463 i

320 535 454 656 'netem
477 548 530 655 νΜΙ
546 520 697 624 ιιὶῙιιῑι·,
714 520 780 607 sed
810 545 982 608 mortuus
1012 522 1124 608 etiam
1147 522 1291 639 magnis
1321 521 1520 658 multisque
1557 522 1738 610 miraculis
1762 521 1904 614 claruit.
1931 528 2021 615 Po'

352 581 1215 787 {liguffiillfltrusnibueusilcest,qu1vulgo
1234 640 1415 757 Magister
1431 642 1560 758 Epilae
1579 667 1801 757 usurpatur,
1821 645 1909 779 quia
1927 643 1998 732 fuit

352 788 380 835 1
364 799 427 848 ι
400 799 460 835 et
470 792 533 836 Mar
550 788 675 845 sacrae
701 758 892 863 doctrinae
907 759 1113 874 Magister,
1129 785 1168 845 et
1184 758 1312 873 Epilae
1336 756 1509 896 (castello
1525 760 1564 846 id
1589 790 1729 847 nomen
1758 786 1813 847 est
1838 763 1877 846 in
1902 792 1998 881 agro

353 859 405 904 ⁶⁶⁶⁶
550 858 920 1011 Caesaraugustano)
944 899 1078 963 natus:
1092 877 1168 1013 qui
1180 904 1268 962 cum
1285 878 1338 962 ob
1355 879 1553 991 sapientiae
1577 879 1795 995 opinionem
1815 905 1864 968 et
1869 910 1997 1018 parem

548 1027 700 1082 morum
724 995 957 1081 sanctitatem
981 996 1024 1078 in
1039 1025 1085 1080 ea
1100 996 1249 1083 civitate
1262 993 1375 1107 judex
1402 997 1615 1112 vindexque
1635 997 1841 1084 haereticae
1870 999 1997 1113 pravi-

547 1115 632 1200 tatis
655 1111 773 1198 factus
787 1137 910 1216 esset,
926 1138 1004 1198 tam
1027 1139 1266 1216 constanter,
1282 1136 1362 1198 tam
1388 1143 1545 1218 severe,
1562 1140 1642 1201 ram
1671 1115 1833 1230 denique
1848 1116 1994 1235 religio·

488 1281 490 1285 >
547 1260 587 1318 se
609 1233 748 1318 crimen
764 1231 840 1316 hoc
870 1233 1101 1319 scrutabatur
1130 1256 1169 1317 et
1185 1171 1423 1337 vindicabat,
1436 1258 1480 1318 ut
1495 1262 1679 1319 sumniam
1710 1235 1749 1317 in
1775 1262 1814 1319 se
1840 1233 1997 1322 haereti·

547 1377 680 1435 corum
704 1348 882 1435 invidiam
896 1350 1161 1436 concitaverit·
1153 1378 1348 1465 ‚eumque
1376 1379 1459 1464 ipsis
1470 1376 1646 1437 timorem
1665 1350 1855 1464 injecerit,
1872 1378 1917 1439 ut
1947 1353 1994 1439 illi

544 1467 630 1553 satis
646 1467 713 1553 sibi
736 1469 1019 1580 persuasissent,
1038 1468 1163 1554 hoc
1128 1490 1308 1571 vivente,
1325 1467 1416 1553 nihil
1442 1468 1506 1555 sibi
1521 1498 1600 1556 esse
1614 1471 1664 1556 de
1693 1499 1760 1554 sua
1784 1469 1901 1556 salute
1915 1499 1996 1585 spe·

544 1586 719 1671 randum.
747 1589 878 1700 ltaque
910 1586 1109 1700 desperatis
1131 1586 1269 1691 rebus,
1312 1585 1512 1672 insidias
1482 1615 1516 1673 ei
1539 1586 1682 1722 magnis
1707 1586 1834 1672 studiis
1865 1589 1996 1675 tende·

546 1701 652 1788 bant.
681 1703 804 1797 Quod
818 1731 905 1788 curn
926 1727 1019 1789 esset
1039 1703 1161 1790 eidem
1187 1705 1440 1790 renuntiatum
1455 1705 1506 1789 ab
1520 1704 1670 1807 amicis,
1687 1728 1731 1789 ut
1754 1703 1895 1818 parcius
1914 1734 1996 1822 age

546 1846 616 1906 ιιι
628 1821 919 1906 admonentibus
935 1820 1193 1935 ,respondisse
1208 1817 1348 1906 lertiir:
1378 1882 1404 1926 „
1412 1821 1516 1906 Nihil
1529 1820 1693 1935 se,quid
1705 1822 1756 1905 ab
1783 1822 1997 1908 hominibus

547 1937 657 2044 „sibi
685 1962 809 2051 posset
826 1938 1014 2043 accidere,
1033 1939 1216 2023 solicitum
1231 1967 1337 2042 esse,
1354 1938 1474 2024 modo
1493 1944 1579 2024 Deo
1607 1937 1806 2024 immortali
1833 1963 1873 2024 et
1889 1941 1997 2024 Chri·

548 2112 577 2160 „
590 2054 727 2141 stianae
751 2054 917 2172 religioni
933 2085 1044 2141 suum
1073 2051 1240 2142 officium
1254 2081 1468 2170 praestaret.
1477 2062 1504 2106 “
1534 2061 1587 2156 lta
1601 2084 1691 2141 cuni
1706 2055 1953 2189 aliquando⁶
1942 2085 1996 2142 in·

547 2195 731 2288 tempesta
755 2199 869 2259 nocte
893 2172 1076 2287 templum
1106 2198 1200 2260 esset
1224 2173 1432 2308 ingressus,
1447 2174 1638 2261 nocturnis
1663 2173 1770 2259 sacris
1802 2169 1995 2260 interfutu-

547 2317 728 2407 rus,quo
758 2287 937 2377 ollicio⁶
912 2320 989 2376 sine
1022 2291 1229 2378 intermissu
1250 2292 1451 2376 canonicus
1470 2287 1732 2408 fungebatur,
1753 2290 1834 2377 duo
1865 2291 1996 2377 armari

548 2408 598 2492 ab
619 2353 810 2494 haereticis
825 2408 1015 2512 submissi,
1031 2408 1225 2498 hominem
1242 2411 1399 2543 genibus
1412 2406 1512 2494 flexis
1538 2415 1624 2494 Deo
1640 2437 1747 2494 more
1765 2437 1835 2494 suo
1862 2409 1994 2524 suppli

358 2547 452 2602 ΛΜΜ
472 2559 534 2600 aar
549 2551 699 2612 cantem
719 2528 843 2611 adorti
864 2467 1062 2612 trucidaht.
1093 2525 1202 2630 Qui,
1219 2553 1307 2610 cuni
1334 2526 1373 2609 in
1396 2555 1515 2642 regno
1537 2526 1748 2660 hingoniae
1769 2524 1913 2610 nullum
1944 2523 1993 2611 ef

357 2610 463 2672 ⁶⁶⁶⁶⁶⁶⁶⁶⁶
551 2639 659 2778 fugii-
667 2643 793 2729 locum
808 2643 874 2729 sibi
889 2640 972 2728 fore
996 2641 1080 2730 satis
1102 2667 1230 2731 tutum
1256 2641 1557 2777 intelligentes
1519 2701 1532 2746 ,
1548 2672 1588 2726 in
1617 2641 1778 2727 Galliam
1793 2639 1997 2760 trislugere

549 2762 785 2864 statuissent,
800 2760 935 2847 finibus
958 2783 1084 2845 tamen
1100 2759 1314 2875 Aragoniae
1327 2819 1340 2864 ,
1355 2788 1437 2875 quo
1456 2759 1598 2873 saepius
1627 2756 1810 2876 fugientes
1822 2788 1997 2874 pervene-

547 2904 653 2984 runt,
670 2907 777 2964 omni
765 2878 913 2965 ‘studio
932 2876 1163 2964 conantibus
1174 2875 1363 2982 excedere,
1382 2874 1549 2961 nonfuit
1568 2875 1643 2962 ulla
1658 2877 1802 2961 ratione
1813 2876 1997 2989 possible:

550 2997 726 3082 divinitus
748 3025 919 3110 semper,
935 3018 978 3080 ut
993 2991 1171 3101 ferunt,⁶
1161 3023 1200 3078 in
1217 2994 1300 3131 ipso
1321 3022 1525 3110 regnorum
1540 2992 1707 3080 confinio
1735 2993 1998 3105 torpentibus,

551 3138 591 3198 et
608 3114 646 3197 in
661 3114 817 3231 vestigio
835 3113 1098 3198 haerentibus.
1114 3110 1246 3244 quod’
1238 3142 1304 3226 ipsi
1292 3111 1441 3226 'paulo
1454 3136 1540 3225 post
1551 3111 1808 3225 comprehensi
1822 3139 1910 3196 cum
1929 3109 1996 3195 cri

550 3260 652 3316 mine
664 3228 746 3316 fassi
767 3254 877 3336 sunt,
894 3259 981 3315 curn
999 3231 1050 3316 ad
1075 3227 1295 3343 supplicium
1321 3230 1567 3315 traherentur.
1592 3229 1740 3315 Multos
1755 3227 1833 3312 dies
1848 3257 1997 3363 sangui

546 3375 641 3434 nem
654 3345 833 3434 interfecti
856 3294 1055 3450 ferbuisse,
1071 3370 1111 3433 ct
1142 3345 1363 3462 plurimos
1333 3375 1410 3460 erus
1430 3376 1579 3461 aspersu
1602 3344 1841 3433 conclamatis
1858 3344 1997 3432 morbis

550 3461 719 3552 fuisseex
718 3466 879 3581 plicitos,
896 3465 1081 3551 constanti
1098 3492 1194 3552 voce
1223 3459 1351 3550 fertur.
1371 3470 1476 3581 Ergo
1490 3493 1578 3550 cum
1601 3463 1798 3550 hominum
1812 3462 1941 3576 opinio
1957 3462 1997 3548 in

550 3583 683 3671 divos⁶
674 3614 795 3697 ipsum
817 3582 952 3670 referre
966 3612 1047 3669 non
1062 3581 1291 3685 dubitasset,
1308 3582 1534 3667 tumulus⁶
1502 3610 1537 3666 er
1555 3609 1601 3666 ιιι
1617 3581 1725 3668 Ριιίο
1754 3607 1943 3665 marmore
1955 3608 1996 3664 in

549 3699 839 3788 honoratissimo
856 3700 986 3815 templi
1013 3699 1100 3786 loco
1128 3703 1285 3787 Senatus
1308 3699 1513 3815 populique
1545 3726 1729 3784 consensu
1752 3697 1891 3812 positus
1915 3721 1992 3783 esti

548 3845 617 3931 qui
605 3818 857 3934 lampadum
873 3843 1056 3935 perpetuo
1075 3817 1163 3934 igne
1180 3815 1404 3921 illustratur,
1419 3842 1459 3903 et
1473 3844 1612 3933 magna
1627 3814 1814 3931 populi⁶
1779 3838 1916 3930 pietate
1933 3841 1995 3900 co

547 3933 646 4022 linit.
672 3938 737 4024 Ad
759 3936 868 4072 quod
893 3935 999 4021 multi
1018 3936 1238 4052 plerumque
1265 3934 1522 4023 venerabundi
1547 3935 1763 4020 accedentes
1776 3995 1789 4035 ,
1803 3928 1891 4017 fusis
1919 3959 1997 4044 pre·

547 4052 678 4160 ebus,
694 4054 792 4139 hoc
782 4078 1019 4151 intercessore
1047 4054 1206 4186 honesta
1234 4083 1301 4140 sua
1325 4076 1458 4167 optata
1480 4080 1504 4136 a
1526 4050 1636 4138 Deo‘
1627 4075 1838 4166 impetrasse
1868 4048 1999 4136 crediti

526 4196 662 4284 sunt:
680 4201 729 4258 ne
736 4171 897 4307 singula
919 4199 1117 4287 persequar
1133 4169 1211 4282 ejus
1234 4170 1408 4257 miracula
1423 4197 1553 4284 ,quae
1568 4168 1725 4284 plurima
1741 4170 1995 4285 Caesaraugu·

549 4314 655 4375 stana
676 4290 803 4377 civitas
835 4290 934 4375 testis
955 4287 1240 4423 locupletissima
1269 4231 1478 4401 praediuite
1495 4287 1601 4375 solet.

490 4414 491 4417 ⁶
609 4407 697 4490 Vss.
757 4411 810 4492 Et
831 4402 1056 4520 profectost
1076 4405 1171 4522 grati
1195 4406 1332 4509 simus,
1351 4434 1420 4491 nec
1435 4406 1562 4494 invide
1586 4405 1715 4491 merita
1746 4402 1897 4488 libeat⁶
1886 4426 1993 4489 inter

548 4523 712 4640 pretari,
727 4523 836 4639 quod
856 4546 917 4610 tot
940 4523 1164 4640 collegiap
1121 4554 1137 4608 s
1164 4522 1313 4610 lendide
1328 4551 1371 4608 ac
1389 4521 1612 4657 magnifice
1601 4554 1642 4608 in
1659 4522 1838 4636 Hispania
1862 4520 1994 4604 condi·

549 4666 589 4725 ta
603 4638 790 4748 fuerint,
781 4672 821 4727 in
836 4641 972 4759 quibus
986 4641 1158 4730 studiosis
1172 4641 1391 4728 scholasticis
1407 4639 1535 4726 omnia
1549 4640 1600 4725 ad
1616 4640 1839 4756 praeclaram
1856 4638 1994 4751 sapien·

548 4758 639 4844 tiam
657 4760 768 4877 gratis
798 4785 838 4846 et
870 4759 1020 4845 abunde
1045 4761 1352 4875 suppeditantur3
1372 4757 1518 4893 Aegidi'i
1532 4757 1746 4845 Albornoiii
1772 4755 1995 4843 beneficium

548 4879 665 4966 videti
694 4878 831 4995 possit:
849 4878 915 4996 qui
937 4877 1076 4995 primus
1102 4879 1179 4968 hoc
1206 4878 1443 4996 collegium
1434 4907 1475 4966 ui
1504 4874 1764 4967 florentissimo
1792 4874 1993 4994 gymnasio

1832 5053 1836 5058 -
1917 5019 2005 5082 con·
