<?xml version="1.0" encoding="UTF-8"?>
<!DOCTYPE html PUBLIC "-//W3C//DTD XHTML 1.0 Transitional//EN"
    "http://www.w3.org/TR/xhtml1/DTD/xhtml1-transitional.dtd">
<html xmlns="http://www.w3.org/1999/xhtml" xml:lang="en" lang="en">
 <head>
  <title>
</title>
<meta http-equiv="Content-Type" content="text/html;charset=utf-8" />
  <meta name='ocr-system' content='tesseract 3.04.00' />
  <meta name='ocr-capabilities' content='ocr_page ocr_carea ocr_par ocr_line ocrx_word'/>
</head>
<body>
  <div class='ocr_page' id='page_1' title='image "./joannisgenesiis01sepgoog/joannisgenesiis01sepgoog_0097.png"; bbox 0 0 4192 5880; ppageno 0'>
   <div class='ocr_carea' id='block_1_1' title="bbox 529 399 1992 1111">
    <p class='ocr_par' dir='ltr' id='par_1_1' title="bbox 529 399 1992 1111">
     <span class='ocr_line' id='line_1_1' title="bbox 529 399 1992 669; baseline -0.004 -1"><span class='ocrx_word' id='word_1_1' title='bbox 529 399 1063 669; x_wconf 64' lang='lat' dir='ltr'>riufflurr</span> <span class='ocrx_word' id='word_1_2' title='bbox 1139 518 1992 662; x_wconf 53' lang='lat' dir='ltr'>antonno-mr</span> 
     </span>
     <span class='ocr_line' id='line_1_2' title="bbox 919 774 1603 862; baseline 0 -2"><span class='ocrx_word' id='word_1_3' title='bbox 919 779 957 860; x_wconf 89' lang='lat' dir='ltr'>S.</span> <span class='ocrx_word' id='word_1_4' title='bbox 993 775 1039 859; x_wconf 90' lang='lat' dir='ltr'>R.</span> <span class='ocrx_word' id='word_1_5' title='bbox 1074 778 1123 860; x_wconf 87' lang='lat' dir='ltr'>E.</span> <span class='ocrx_word' id='word_1_6' title='bbox 1150 774 1603 862; x_wconf 88' lang='lat' dir='ltr'>CARDINALlS</span> 
     </span>
     <span class='ocr_line' id='line_1_3' title="bbox 805 990 1726 1111; baseline 0.008 -8"><span class='ocrx_word' id='word_1_7' title='bbox 805 990 1726 1111; x_wconf 48' lang='lat' dir='ltr'><strong>TESTAM&#39;E‘NTUM.</strong></span> 
     </span>
    </p>
   </div>
   <div class='ocr_carea' id='block_1_2' title="bbox 390 1168 2005 5051">
    <p class='ocr_par' dir='ltr' id='par_1_2' title="bbox 493 1168 1989 1570">
     <span class='ocr_line' id='line_1_4' title="bbox 493 1168 1987 1353; baseline 0.008 -25"><span class='ocrx_word' id='word_1_8' title='bbox 493 1323 496 1328; x_wconf 87' lang='grc'><em>,</em></span> <span class='ocrx_word' id='word_1_9' title='bbox 569 1257 602 1336; x_wconf 89' lang='lat'>1.</span> <span class='ocrx_word' id='word_1_10' title='bbox 639 1168 723 1338; x_wconf 79' lang='lat' dir='ltr'>IN</span> <span class='ocrx_word' id='word_1_11' title='bbox 747 1253 820 1330; x_wconf 88' lang='lat' dir='ltr'>Dei</span> <span class='ocrx_word' id='word_1_12' title='bbox 839 1256 1017 1345; x_wconf 87' lang='lat' dir='ltr'>nomine,</span> <span class='ocrx_word' id='word_1_13' title='bbox 1048 1275 1164 1330; x_wconf 89' lang='lat' dir='ltr'>amen.</span> <span class='ocrx_word' id='word_1_14' title='bbox 1195 1249 1350 1331; x_wconf 88' lang='lat' dir='ltr'>Annoa</span> <span class='ocrx_word' id='word_1_15' title='bbox 1376 1250 1569 1331; x_wconf 70' lang='lat' dir='ltr'>nativitate</span> <span class='ocrx_word' id='word_1_16' title='bbox 1598 1252 1767 1353; x_wconf 80' lang='lat' dir='ltr'>eiusdem</span> <span class='ocrx_word' id='word_1_17' title='bbox 1794 1253 1987 1340; x_wconf 90' lang='lat' dir='ltr'>millesimo</span> 
     </span>
     <span class='ocr_line' id='line_1_5' title="bbox 537 1354 1987 1462; baseline 0.001 -23"><span class='ocrx_word' id='word_1_18' title='bbox 537 1361 801 1439; x_wconf 82' lang='lat' dir='ltr'>tercentesimo</span> <span class='ocrx_word' id='word_1_19' title='bbox 827 1360 1053 1462; x_wconf 85' lang='lat' dir='ltr'>sexagesimo</span> <span class='ocrx_word' id='word_1_20' title='bbox 1082 1374 1246 1457; x_wconf 88' lang='lat' dir='ltr'>quarto,</span> <span class='ocrx_word' id='word_1_21' title='bbox 1273 1354 1477 1433; x_wconf 89' lang='lat' dir='ltr'>indictione</span> <span class='ocrx_word' id='word_1_22' title='bbox 1502 1359 1696 1447; x_wconf 89' lang='lat' dir='ltr'>secunda,</span> <span class='ocrx_word' id='word_1_23' title='bbox 1724 1360 1784 1436; x_wconf 91' lang='lat' dir='ltr'>die</span> <span class='ocrx_word' id='word_1_24' title='bbox 1812 1384 1903 1440; x_wconf 87' lang='lat' dir='ltr'>vero</span> <span class='ocrx_word' id='word_1_25' title='bbox 1929 1369 1987 1444; x_wconf 91' lang='lat' dir='ltr'>vi-</span> 
     </span>
     <span class='ocr_line' id='line_1_6' title="bbox 537 1457 1989 1570; baseline 0.002 -28"><span class='ocrx_word' id='word_1_26' title='bbox 537 1468 679 1570; x_wconf 90' lang='lat' dir='ltr'>gesima</span> <span class='ocrx_word' id='word_1_27' title='bbox 714 1486 810 1537; x_wconf 91' lang='lat' dir='ltr'>nona</span> <span class='ocrx_word' id='word_1_28' title='bbox 832 1465 965 1537; x_wconf 87' lang='lat' dir='ltr'>mensis</span> <span class='ocrx_word' id='word_1_29' title='bbox 993 1459 1253 1561; x_wconf 89' lang='lat' dir='ltr'>Septembris,</span> <span class='ocrx_word' id='word_1_30' title='bbox 1276 1457 1525 1538; x_wconf 87' lang='lat' dir='ltr'>Pontificatus</span> <span class='ocrx_word' id='word_1_31' title='bbox 1552 1460 1768 1541; x_wconf 83' lang='lat' dir='ltr'>sanctissimi</span> <span class='ocrx_word' id='word_1_32' title='bbox 1792 1470 1909 1564; x_wconf 87' lang='lat' dir='ltr'>patris</span> <span class='ocrx_word' id='word_1_33' title='bbox 1948 1486 1989 1545; x_wconf 88' lang='lat' dir='ltr'>et</span> 
     </span>
    </p>

    <p class='ocr_par' dir='ltr' id='par_1_3' title="bbox 390 1563 2005 5051">
     <span class='ocr_line' id='line_1_7' title="bbox 390 1563 1985 1668; baseline 0.003 -24"><span class='ocrx_word' id='word_1_34' title='bbox 390 1604 393 1612; x_wconf 84' lang='lat'><strong>·</strong></span> <span class='ocrx_word' id='word_1_35' title='bbox 424 1606 427 1610; x_wconf 43' lang='lat'><strong>⁴</strong></span> <span class='ocrx_word' id='word_1_36' title='bbox 537 1568 682 1644; x_wconf 83' lang='lat' dir='ltr'>domini</span> <span class='ocrx_word' id='word_1_37' title='bbox 705 1564 821 1642; x_wconf 83' lang='lat' dir='ltr'>nostri</span> <span class='ocrx_word' id='word_1_38' title='bbox 835 1566 949 1641; x_wconf 83' lang='lat' dir='ltr'>Dom.</span> <span class='ocrx_word' id='word_1_39' title='bbox 964 1563 1106 1639; x_wconf 87' lang='lat' dir='ltr'>Urbani</span> <span class='ocrx_word' id='word_1_40' title='bbox 1122 1564 1248 1642; x_wconf 89' lang='lat' dir='ltr'>divina</span> <span class='ocrx_word' id='word_1_41' title='bbox 1262 1564 1499 1664; x_wconf 73' lang='lat' dir='ltr'>providentie</span> <span class='ocrx_word' id='word_1_42' title='bbox 1530 1574 1573 1643; x_wconf 77' lang='lat' dir='ltr'>a&#39;c</span> <span class='ocrx_word' id='word_1_43' title='bbox 1595 1564 1787 1642; x_wconf 89' lang='lat' dir='ltr'>clementia</span> <span class='ocrx_word' id='word_1_44' title='bbox 1802 1569 1922 1668; x_wconf 81' lang='lat' dir='ltr'>Papae</span> <span class='ocrx_word' id='word_1_45' title='bbox 1935 1570 1985 1648; x_wconf 89' lang='lat' dir='ltr'>V.</span> 
     </span>
     <span class='ocr_line' id='line_1_8' title="bbox 395 1667 1989 1770; baseline 0.001 -21"><span class='ocrx_word' id='word_1_46' title='bbox 395 1697 399 1707; x_wconf 86' lang='lat'>·</span> <span class='ocrx_word' id='word_1_47' title='bbox 535 1693 637 1749; x_wconf 87' lang='lat' dir='ltr'>anno</span> <span class='ocrx_word' id='word_1_48' title='bbox 663 1667 827 1746; x_wconf 88' lang='lat' dir='ltr'>secundo</span> <span class='ocrx_word' id='word_1_49' title='bbox 842 1720 854 1758; x_wconf 91' lang='lat'>‚</span> <span class='ocrx_word' id='word_1_50' title='bbox 872 1668 1129 1770; x_wconf 88' lang='lat' dir='ltr'>praesenribus</span> <span class='ocrx_word' id='word_1_51' title='bbox 1156 1690 1218 1744; x_wconf 89' lang='lat' dir='ltr'>me</span> <span class='ocrx_word' id='word_1_52' title='bbox 1250 1670 1398 1744; x_wconf 89' lang='lat' dir='ltr'>notario</span> <span class='ocrx_word' id='word_1_53' title='bbox 1420 1685 1460 1744; x_wconf 88' lang='lat' dir='ltr'>et</span> <span class='ocrx_word' id='word_1_54' title='bbox 1490 1669 1647 1746; x_wconf 90' lang='lat' dir='ltr'>testibus</span> <span class='ocrx_word' id='word_1_55' title='bbox 1673 1667 1914 1770; x_wconf 81' lang='lat' dir='ltr'>infrascriptis</span> <span class='ocrx_word' id='word_1_56' title='bbox 1939 1673 1989 1751; x_wconf 87' lang='lat' dir='ltr'>ad</span> 
     </span>
     <span class='ocr_line' id='line_1_9' title="bbox 536 1769 1991 1874; baseline 0.001 -22"><span class='ocrx_word' id='word_1_57' title='bbox 536 1770 613 1853; x_wconf 87' lang='lat' dir='ltr'>hoc</span> <span class='ocrx_word' id='word_1_58' title='bbox 639 1775 785 1854; x_wconf 89' lang='lat' dir='ltr'>vocatis</span> <span class='ocrx_word' id='word_1_59' title='bbox 817 1772 1023 1871; x_wconf 87' lang='lat' dir='ltr'>specialiter</span> <span class='ocrx_word' id='word_1_60' title='bbox 1044 1791 1083 1847; x_wconf 94' lang='lat' dir='ltr'>et</span> <span class='ocrx_word' id='word_1_61' title='bbox 1109 1772 1274 1874; x_wconf 89' lang='lat' dir='ltr'>rogatis,</span> <span class='ocrx_word' id='word_1_62' title='bbox 1304 1770 1624 1849; x_wconf 88' lang='lat' dir='ltr'>reverendissimus</span> <span class='ocrx_word' id='word_1_63' title='bbox 1647 1769 1685 1847; x_wconf 92' lang='lat' dir='ltr'>in</span> <span class='ocrx_word' id='word_1_64' title='bbox 1712 1771 1867 1850; x_wconf 89' lang='lat' dir='ltr'>Christo</span> <span class='ocrx_word' id='word_1_65' title='bbox 1883 1792 1991 1874; x_wconf 87' lang='lat' dir='ltr'>pater</span> 
     </span>
     <span class='ocr_line' id='line_1_10' title="bbox 536 1870 1989 1975; baseline -0.002 -20"><span class='ocrx_word' id='word_1_66' title='bbox 536 1898 575 1956; x_wconf 83' lang='lat' dir='ltr'>et</span> <span class='ocrx_word' id='word_1_67' title='bbox 603 1876 776 1954; x_wconf 90' lang='lat' dir='ltr'>dominus</span> <span class='ocrx_word' id='word_1_68' title='bbox 793 1875 907 1952; x_wconf 91' lang='lat' dir='ltr'>Dom.</span> <span class='ocrx_word' id='word_1_69' title='bbox 924 1870 1111 1975; x_wconf 90' lang='lat' dir='ltr'>Aegidius</span> <span class='ocrx_word' id='word_1_70' title='bbox 1135 1875 1368 1951; x_wconf 87' lang='lat' dir='ltr'>miseratione</span> <span class='ocrx_word' id='word_1_71' title='bbox 1395 1873 1519 1953; x_wconf 89' lang='lat' dir='ltr'>divina</span> <span class='ocrx_word' id='word_1_72' title='bbox 1547 1874 1753 1975; x_wconf 88' lang='lat' dir='ltr'>Episcopus</span> <span class='ocrx_word' id='word_1_73' title='bbox 1783 1876 1989 1956; x_wconf 74' lang='lat' dir='ltr'>sabinensis</span> 
     </span>
     <span class='ocr_line' id='line_1_11' title="bbox 536 1975 1989 2081; baseline 0 -23"><span class='ocrx_word' id='word_1_74' title='bbox 536 1999 759 2078; x_wconf 81' lang='lat' dir='ltr'>sanctaeque</span> <span class='ocrx_word' id='word_1_75' title='bbox 787 1977 1164 2055; x_wconf 89' lang='lat' dir='ltr'>ecclesiaeRoruanae</span> <span class='ocrx_word' id='word_1_76' title='bbox 1192 1975 1426 2068; x_wconf 88' lang='lat' dir='ltr'>Cardinalis,</span> <span class='ocrx_word' id='word_1_77' title='bbox 1458 2001 1567 2055; x_wconf 91' lang='lat' dir='ltr'>sanus</span> <span class='ocrx_word' id='word_1_78' title='bbox 1599 1998 1722 2055; x_wconf 89' lang='lat' dir='ltr'>mente</span> <span class='ocrx_word' id='word_1_79' title='bbox 1743 1997 1783 2055; x_wconf 93' lang='lat' dir='ltr'>et</span> <span class='ocrx_word' id='word_1_80' title='bbox 1805 2002 1989 2081; x_wconf 90' lang='lat' dir='ltr'>corpore,</span> 
     </span>
     <span class='ocr_line' id='line_1_12' title="bbox 534 2078 1990 2182; baseline -0.001 -20"><span class='ocrx_word' id='word_1_81' title='bbox 534 2081 675 2162; x_wconf 87' lang='lat' dir='ltr'>habens</span> <span class='ocrx_word' id='word_1_82' title='bbox 697 2081 880 2159; x_wconf 80' lang='lat' dir='ltr'>licentIam</span> <span class='ocrx_word' id='word_1_83' title='bbox 896 2080 1054 2158; x_wconf 87' lang='lat' dir='ltr'>testandi</span> <span class='ocrx_word' id='word_1_84' title='bbox 1070 2132 1081 2169; x_wconf 88' lang='lat'><strong>,</strong></span> <span class='ocrx_word' id='word_1_85' title='bbox 1095 2078 1289 2158; x_wconf 90' lang='lat' dir='ltr'>ordinandi</span> <span class='ocrx_word' id='word_1_86' title='bbox 1306 2099 1345 2156; x_wconf 89' lang='lat' dir='ltr'>et</span> <span class='ocrx_word' id='word_1_87' title='bbox 1360 2078 1581 2181; x_wconf 87' lang='lat' dir='ltr'>disponendi</span> <span class='ocrx_word' id='word_1_88' title='bbox 1613 2082 1727 2158; x_wconf 86' lang='lat' dir='ltr'>libere</span> <span class='ocrx_word' id='word_1_89' title='bbox 1749 2082 1797 2156; x_wconf 90' lang='lat' dir='ltr'>de</span> <span class='ocrx_word' id='word_1_90' title='bbox 1815 2083 1990 2182; x_wconf 83' lang='lat' dir='ltr'>omnibus</span> 
     </span>
     <span class='ocr_line' id='line_1_13' title="bbox 536 2182 1990 2290; baseline -0.001 -26"><span class='ocrx_word' id='word_1_91' title='bbox 536 2189 647 2265; x_wconf 85' lang='lat' dir='ltr'>bonis</span> <span class='ocrx_word' id='word_1_92' title='bbox 660 2185 708 2265; x_wconf 90' lang='lat' dir='ltr'>ad</span> <span class='ocrx_word' id='word_1_93' title='bbox 722 2209 808 2263; x_wconf 88' lang='lat' dir='ltr'>eum</span> <span class='ocrx_word' id='word_1_94' title='bbox 828 2185 1097 2290; x_wconf 90' lang='lat' dir='ltr'>pertinentibus</span> <span class='ocrx_word' id='word_1_95' title='bbox 1111 2182 1411 2282; x_wconf 84' lang='lat' dir='ltr'>,cujuscumque</span> <span class='ocrx_word' id='word_1_96' title='bbox 1431 2187 1651 2286; x_wconf 85' lang='lat' dir='ltr'>quantitatis</span> <span class='ocrx_word' id='word_1_97' title='bbox 1669 2206 1736 2262; x_wconf 90' lang='lat' dir='ltr'>seu</span> <span class='ocrx_word' id='word_1_98' title='bbox 1750 2184 1883 2262; x_wconf 88' lang='lat' dir='ltr'>valoris</span> <span class='ocrx_word' id='word_1_99' title='bbox 1908 2186 1990 2264; x_wconf 87' lang='lat' dir='ltr'>fue-</span> 
     </span>
     <span class='ocr_line' id='line_1_14' title="bbox 406 2286 1990 2390; baseline -0.001 -21"><span class='ocrx_word' id='word_1_100' title='bbox 406 2377 410 2390; x_wconf 47' lang='lat'>,</span> <span class='ocrx_word' id='word_1_101' title='bbox 534 2295 635 2387; x_wconf 86' lang='lat' dir='ltr'>rint,</span> <span class='ocrx_word' id='word_1_102' title='bbox 660 2314 683 2368; x_wconf 87' lang='lat' dir='ltr'>a</span> <span class='ocrx_word' id='word_1_103' title='bbox 704 2290 744 2366; x_wconf 76' lang='lat'>1².-</span> <span class='ocrx_word' id='word_1_104' title='bbox 769 2290 821 2368; x_wconf 87' lang='lat' dir='ltr'>R.</span> <span class='ocrx_word' id='word_1_105' title='bbox 834 2287 952 2366; x_wconf 86' lang='lat' dir='ltr'>Dom.</span> <span class='ocrx_word' id='word_1_106' title='bbox 967 2288 1310 2386; x_wconf 86' lang='lat' dir='ltr'>InnocentioPapa</span> <span class='ocrx_word' id='word_1_107' title='bbox 1324 2286 1404 2364; x_wconf 88' lang='lat' dir='ltr'>Vll.</span> <span class='ocrx_word' id='word_1_108' title='bbox 1415 2304 1536 2388; x_wconf 84' lang='lat' dir='ltr'>prout</span> <span class='ocrx_word' id='word_1_109' title='bbox 1555 2287 1592 2365; x_wconf 89' lang='lat' dir='ltr'>in</span> <span class='ocrx_word' id='word_1_110' title='bbox 1618 2289 1750 2365; x_wconf 90' lang='lat' dir='ltr'>litteris</span> <span class='ocrx_word' id='word_1_111' title='bbox 1775 2291 1990 2388; x_wconf 87' lang='lat' dir='ltr'>apostolicis</span> 
     </span>
     <span class='ocr_line' id='line_1_15' title="bbox 532 2390 1991 2497; baseline -0.003 -21"><span class='ocrx_word' id='word_1_112' title='bbox 532 2397 647 2497; x_wconf 88' lang='lat' dir='ltr'>ipsius</span> <span class='ocrx_word' id='word_1_113' title='bbox 673 2393 815 2470; x_wconf 91' lang='lat' dir='ltr'>domini</span> <span class='ocrx_word' id='word_1_114' title='bbox 831 2392 951 2495; x_wconf 84' lang='lat' dir='ltr'>Papae</span> <span class='ocrx_word' id='word_1_115' title='bbox 963 2413 1046 2470; x_wconf 88' lang='lat' dir='ltr'>vera</span> <span class='ocrx_word' id='word_1_116' title='bbox 1066 2390 1329 2495; x_wconf 86' lang='lat' dir='ltr'>integrabulla</span> <span class='ocrx_word' id='word_1_117' title='bbox 1355 2391 1529 2493; x_wconf 84' lang='lat' dir='ltr'>plumbea</span> <span class='ocrx_word' id='word_1_118' title='bbox 1548 2391 1714 2490; x_wconf 88' lang='lat' dir='ltr'>ejusdem</span> <span class='ocrx_word' id='word_1_119' title='bbox 1736 2415 1841 2471; x_wconf 90' lang='lat' dir='ltr'>more</span> <span class='ocrx_word' id='word_1_120' title='bbox 1857 2415 1991 2475; x_wconf 88' lang='lat' dir='ltr'>aucto·</span> 
     </span>
     <span class='ocr_line' id='line_1_16' title="bbox 535 2495 1991 2598; baseline -0.004 -17"><span class='ocrx_word' id='word_1_121' title='bbox 535 2505 649 2581; x_wconf 87' lang='lat' dir='ltr'>ritate</span> <span class='ocrx_word' id='word_1_122' title='bbox 659 2496 841 2574; x_wconf 91' lang='lat' dir='ltr'>bullarum</span> <span class='ocrx_word' id='word_1_123' title='bbox 854 2499 1090 2574; x_wconf 89' lang='lat' dir='ltr'>continetur:</span> <span class='ocrx_word' id='word_1_124' title='bbox 1106 2517 1264 2598; x_wconf 88' lang='lat' dir='ltr'>quarum</span> <span class='ocrx_word' id='word_1_125' title='bbox 1292 2495 1446 2597; x_wconf 85' lang='lat' dir='ltr'>quidem</span> <span class='ocrx_word' id='word_1_126' title='bbox 1469 2496 1673 2577; x_wconf 88' lang='lat' dir='ltr'>litteratum</span> <span class='ocrx_word' id='word_1_127' title='bbox 1702 2497 1991 2597; x_wconf 88' lang='lat' dir='ltr'>apostolicarum</span> 
     </span>
     <span class='ocr_line' id='line_1_17' title="bbox 538 2598 1428 2688; baseline -0.003 -10"><span class='ocrx_word' id='word_1_128' title='bbox 538 2623 652 2688; x_wconf 82' lang='lat' dir='ltr'>tenor</span> <span class='ocrx_word' id='word_1_129' title='bbox 668 2598 752 2678; x_wconf 89' lang='lat' dir='ltr'>talis</span> <span class='ocrx_word' id='word_1_130' title='bbox 777 2620 847 2679; x_wconf 88' lang='lat' dir='ltr'>est.</span> <span class='ocrx_word' id='word_1_131' title='bbox 1426 2608 1428 2615; x_wconf 58' lang='lat'><strong>⁴</strong></span> 
     </span>
     <span class='ocr_line' id='line_1_18' title="bbox 537 2700 1992 2801; baseline 0.001 -19"><span class='ocrx_word' id='word_1_132' title='bbox 537 2711 542 2726; x_wconf 73' lang='lat'><strong><em>‘</em></strong></span> <span class='ocrx_word' id='word_1_133' title='bbox 586 2706 634 2783; x_wconf 89' lang='lat'>11.</span> <span class='ocrx_word' id='word_1_134' title='bbox 687 2705 965 2798; x_wconf 83' lang='lat' dir='ltr'>,‚Innocennus</span> <span class='ocrx_word' id='word_1_135' title='bbox 989 2703 1176 2801; x_wconf 85' lang='lat' dir='ltr'>Epicopus</span> <span class='ocrx_word' id='word_1_136' title='bbox 1204 2724 1327 2779; x_wconf 87' lang='lat' dir='ltr'>servus</span> <span class='ocrx_word' id='word_1_137' title='bbox 1347 2724 1538 2782; x_wconf 89' lang='lat' dir='ltr'>servorum</span> <span class='ocrx_word' id='word_1_138' title='bbox 1563 2703 1637 2781; x_wconf 89' lang='lat' dir='ltr'>Dei</span> <span class='ocrx_word' id='word_1_139' title='bbox 1659 2700 1864 2781; x_wconf 89' lang='lat' dir='ltr'>venerabili</span> <span class='ocrx_word' id='word_1_140' title='bbox 1885 2701 1992 2783; x_wconf 90' lang='lat' dir='ltr'>fratri</span> 
     </span>
     <span class='ocr_line' id='line_1_19' title="bbox 537 2804 1992 2911; baseline -0.001 -29"><span class='ocrx_word' id='word_1_141' title='bbox 537 2865 567 2907; x_wconf 89' lang='lat'>„</span> <span class='ocrx_word' id='word_1_142' title='bbox 581 2806 749 2911; x_wconf 90' lang='lat' dir='ltr'>Aegidio</span> <span class='ocrx_word' id='word_1_143' title='bbox 763 2807 947 2906; x_wconf 86' lang='lat' dir='ltr'>Episcopo</span> <span class='ocrx_word' id='word_1_144' title='bbox 960 2804 1150 2882; x_wconf 84' lang='lat' dir='ltr'>Sabinensi</span> <span class='ocrx_word' id='word_1_145' title='bbox 1174 2807 1401 2904; x_wconf 91' lang='lat' dir='ltr'>apostolicae</span> <span class='ocrx_word' id='word_1_146' title='bbox 1428 2805 1531 2884; x_wconf 86' lang='lat' dir='ltr'>Sedis</span> <span class='ocrx_word' id='word_1_147' title='bbox 1554 2807 1680 2908; x_wconf 90' lang='lat' dir='ltr'>legato</span> <span class='ocrx_word' id='word_1_148' title='bbox 1711 2805 1866 2884; x_wconf 86' lang='lat' dir='ltr'>salutem</span> <span class='ocrx_word' id='word_1_149' title='bbox 1895 2830 1931 2885; x_wconf 91' lang='lat' dir='ltr'>et</span> <span class='ocrx_word' id='word_1_150' title='bbox 1956 2834 1992 2909; x_wconf 84' lang='lat' dir='ltr'>a·</span> 
     </span>
     <span class='ocr_line' id='line_1_20' title="bbox 536 2906 1991 3014; baseline 0.001 -27"><span class='ocrx_word' id='word_1_151' title='bbox 536 2911 798 3013; x_wconf 77' lang='lat' dir='ltr'>‚,posrollcam</span> <span class='ocrx_word' id='word_1_152' title='bbox 820 2909 1129 2986; x_wconf 87' lang='lat' dir='ltr'>benedictionem.</span> <span class='ocrx_word' id='word_1_153' title='bbox 1161 2906 1260 2984; x_wconf 93' lang='lat' dir='ltr'>Cum</span> <span class='ocrx_word' id='word_1_154' title='bbox 1289 2906 1379 2987; x_wconf 88' lang='lat' dir='ltr'>nihil</span> <span class='ocrx_word' id='word_1_155' title='bbox 1399 2910 1476 3001; x_wconf 88' lang='lat' dir='ltr'>sit,</span> <span class='ocrx_word' id='word_1_156' title='bbox 1500 2911 1604 3012; x_wconf 92' lang='lat' dir='ltr'>quod</span> <span class='ocrx_word' id='word_1_157' title='bbox 1635 2913 1751 3014; x_wconf 89' lang='lat' dir='ltr'>magis</span> <span class='ocrx_word' id='word_1_158' title='bbox 1780 2910 1991 2989; x_wconf 90' lang='lat' dir='ltr'>hominibus</span> 
     </span>
     <span class='ocr_line' id='line_1_21' title="bbox 540 3010 1993 3113; baseline 0.002 -25"><span class='ocrx_word' id='word_1_159' title='bbox 540 3063 571 3106; x_wconf 90' lang='lat'>‚,</span> <span class='ocrx_word' id='word_1_160' title='bbox 584 3013 785 3108; x_wconf 88' lang='lat' dir='ltr'>debeatur,</span> <span class='ocrx_word' id='word_1_161' title='bbox 815 3034 927 3113; x_wconf 89' lang='lat' dir='ltr'>quam</span> <span class='ocrx_word' id='word_1_162' title='bbox 952 3036 1143 3113; x_wconf 88' lang='lat' dir='ltr'>supremae</span> <span class='ocrx_word' id='word_1_163' title='bbox 1168 3013 1377 3090; x_wconf 89' lang='lat' dir='ltr'>voluntatis</span> <span class='ocrx_word' id='word_1_164' title='bbox 1397 3010 1489 3090; x_wconf 89' lang='lat' dir='ltr'>liber</span> <span class='ocrx_word' id='word_1_165' title='bbox 1519 3018 1567 3092; x_wconf 90' lang='lat' dir='ltr'>sit</span> <span class='ocrx_word' id='word_1_166' title='bbox 1593 3012 1729 3102; x_wconf 88' lang='lat' dir='ltr'>stilus,</span> <span class='ocrx_word' id='word_1_167' title='bbox 1757 3028 1797 3089; x_wconf 91' lang='lat' dir='ltr'>et</span> <span class='ocrx_word' id='word_1_168' title='bbox 1831 3013 1993 3093; x_wconf 89' lang='lat' dir='ltr'>liberum</span> 
     </span>
     <span class='ocr_line' id='line_1_22' title="bbox 541 3114 1994 3219; baseline 0.002 -27"><span class='ocrx_word' id='word_1_169' title='bbox 541 3116 694 3217; x_wconf 86' lang='lat' dir='ltr'>„quod</span> <span class='ocrx_word' id='word_1_170' title='bbox 715 3118 857 3193; x_wconf 89' lang='lat' dir='ltr'>irritum</span> <span class='ocrx_word' id='word_1_171' title='bbox 871 3138 949 3193; x_wconf 92' lang='lat' dir='ltr'>non</span> <span class='ocrx_word' id='word_1_172' title='bbox 973 3116 1095 3194; x_wconf 88' lang='lat' dir='ltr'>reddit</span> <span class='ocrx_word' id='word_1_173' title='bbox 1114 3114 1306 3194; x_wconf 87' lang='lat' dir='ltr'>arbitrium</span> <span class='ocrx_word' id='word_1_174' title='bbox 1320 3145 1330 3189; x_wconf 77' lang='lat' dir='ltr'>r</span> <span class='ocrx_word' id='word_1_175' title='bbox 1346 3138 1416 3193; x_wconf 91' lang='lat' dir='ltr'>nos</span> <span class='ocrx_word' id='word_1_176' title='bbox 1442 3120 1514 3194; x_wconf 88' lang='lat' dir='ltr'>tuis</span> <span class='ocrx_word' id='word_1_177' title='bbox 1534 3117 1871 3219; x_wconf 87' lang='lat' dir='ltr'>supplicationibus</span> <span class='ocrx_word' id='word_1_178' title='bbox 1886 3120 1994 3195; x_wconf 88' lang='lat' dir='ltr'>incli-</span> 
     </span>
     <span class='ocr_line' id='line_1_23' title="bbox 542 3218 1994 3320; baseline 0.002 -24"><span class='ocrx_word' id='word_1_179' title='bbox 542 3223 662 3315; x_wconf 88' lang='lat' dir='ltr'>„nati</span> <span class='ocrx_word' id='word_1_180' title='bbox 677 3220 838 3298; x_wconf 89' lang='lat' dir='ltr'>testandi</span> <span class='ocrx_word' id='word_1_181' title='bbox 853 3271 865 3308; x_wconf 89' lang='lat'>‚</span> <span class='ocrx_word' id='word_1_182' title='bbox 879 3219 1080 3303; x_wconf 87' lang='lat' dir='ltr'>ordinandi</span> <span class='ocrx_word' id='word_1_183' title='bbox 1100 3237 1140 3298; x_wconf 93' lang='lat' dir='ltr'>et</span> <span class='ocrx_word' id='word_1_184' title='bbox 1166 3218 1387 3320; x_wconf 88' lang='lat' dir='ltr'>disponendi</span> <span class='ocrx_word' id='word_1_185' title='bbox 1406 3219 1522 3299; x_wconf 87' lang='lat' dir='ltr'>libere</span> <span class='ocrx_word' id='word_1_186' title='bbox 1546 3223 1593 3298; x_wconf 90' lang='lat' dir='ltr'>de</span> <span class='ocrx_word' id='word_1_187' title='bbox 1620 3220 1793 3298; x_wconf 88' lang='lat' dir='ltr'>omnibus</span> <span class='ocrx_word' id='word_1_188' title='bbox 1817 3220 1929 3298; x_wconf 84' lang='lat' dir='ltr'>bonis</span> <span class='ocrx_word' id='word_1_189' title='bbox 1943 3221 1994 3299; x_wconf 88' lang='lat' dir='ltr'>ad</span> 
     </span>
     <span class='ocr_line' id='line_1_24' title="bbox 540 3319 1991 3425; baseline 0 -24"><span class='ocrx_word' id='word_1_190' title='bbox 540 3381 572 3422; x_wconf 84' lang='lat'>‚,</span> <span class='ocrx_word' id='word_1_191' title='bbox 585 3344 624 3402; x_wconf 88' lang='lat' dir='ltr'>te</span> <span class='ocrx_word' id='word_1_192' title='bbox 637 3324 923 3424; x_wconf 89' lang='lat' dir='ltr'>pertinentibus,</span> <span class='ocrx_word' id='word_1_193' title='bbox 936 3321 1197 3425; x_wconf 84' lang='lat' dir='ltr'>cujuscumque</span> <span class='ocrx_word' id='word_1_194' title='bbox 1213 3319 1429 3425; x_wconf 85' lang='lat' dir='ltr'>quantitatis</span> <span class='ocrx_word' id='word_1_195' title='bbox 1444 3346 1509 3401; x_wconf 89' lang='lat' dir='ltr'>seu</span> <span class='ocrx_word' id='word_1_196' title='bbox 1524 3325 1658 3401; x_wconf 90' lang='lat' dir='ltr'>valoris</span> <span class='ocrx_word' id='word_1_197' title='bbox 1671 3323 1809 3401; x_wconf 91' lang='lat' dir='ltr'>fuerint</span> <span class='ocrx_word' id='word_1_198' title='bbox 1824 3374 1835 3411; x_wconf 90' lang='lat'>‚</span> <span class='ocrx_word' id='word_1_199' title='bbox 1849 3327 1991 3403; x_wconf 90' lang='lat' dir='ltr'>etiamsi</span> 
     </span>
     <span class='ocr_line' id='line_1_25' title="bbox 540 3426 1993 3529; baseline 0 -24"><span class='ocrx_word' id='word_1_200' title='bbox 540 3477 570 3520; x_wconf 88' lang='lat'>‚,</span> <span class='ocrx_word' id='word_1_201' title='bbox 584 3427 646 3507; x_wconf 86' lang='lat' dir='ltr'>illa</span> <span class='ocrx_word' id='word_1_202' title='bbox 659 3450 704 3506; x_wconf 87' lang='lat' dir='ltr'>ex</span> <span class='ocrx_word' id='word_1_203' title='bbox 718 3428 961 3529; x_wconf 88' lang='lat' dir='ltr'>proventibus</span> <span class='ocrx_word' id='word_1_204' title='bbox 975 3427 1230 3505; x_wconf 83' lang='lat' dir='ltr'>ecclesiasticis</span> <span class='ocrx_word' id='word_1_205' title='bbox 1250 3449 1315 3504; x_wconf 90' lang='lat' dir='ltr'>seu</span> <span class='ocrx_word' id='word_1_206' title='bbox 1328 3426 1493 3505; x_wconf 86' lang='lat' dir='ltr'>ecclesiis</span> <span class='ocrx_word' id='word_1_207' title='bbox 1513 3427 1584 3505; x_wconf 90' lang='lat' dir='ltr'>tibi</span> <span class='ocrx_word' id='word_1_208' title='bbox 1599 3428 1813 3518; x_wconf 87' lang='lat' dir='ltr'>commissis,</span> <span class='ocrx_word' id='word_1_209' title='bbox 1826 3427 1886 3504; x_wconf 90' lang='lat' dir='ltr'>vel</span> <span class='ocrx_word' id='word_1_210' title='bbox 1902 3429 1993 3506; x_wconf 86' lang='lat' dir='ltr'>alias</span> 
     </span>
     <span class='ocr_line' id='line_1_26' title="bbox 542 3531 1994 3648; baseline 0.001 -39"><span class='ocrx_word' id='word_1_211' title='bbox 542 3554 763 3631; x_wconf 80' lang='lat' dir='ltr'>„personae</span> <span class='ocrx_word' id='word_1_212' title='bbox 781 3547 867 3608; x_wconf 90' lang='lat' dir='ltr'>tuae</span> <span class='ocrx_word' id='word_1_213' title='bbox 887 3531 948 3608; x_wconf 91' lang='lat' dir='ltr'>vel</span> <span class='ocrx_word' id='word_1_214' title='bbox 962 3534 1019 3607; x_wconf 92' lang='lat' dir='ltr'>tui</span> <span class='ocrx_word' id='word_1_215' title='bbox 1031 3531 1290 3610; x_wconf 86' lang='lat' dir='ltr'>Cardinalatus</span> <span class='ocrx_word' id='word_1_216' title='bbox 1310 3532 1478 3620; x_wconf 90' lang='lat' dir='ltr'>intuitu,</span> <span class='ocrx_word' id='word_1_217' title='bbox 1494 3534 1660 3623; x_wconf 88' lang='lat' dir='ltr'>rarione,</span> <span class='ocrx_word' id='word_1_218' title='bbox 1677 3551 1742 3607; x_wconf 90' lang='lat' dir='ltr'>aut</span> <span class='ocrx_word' id='word_1_219' title='bbox 1765 3533 1994 3648; x_wconf 89' lang='lat' dir='ltr'>contempla·</span> 
     </span>
     <span class='ocr_line' id='line_1_27' title="bbox 544 3633 1995 3735; baseline 0 -23"><span class='ocrx_word' id='word_1_220' title='bbox 544 3685 573 3731; x_wconf 91' lang='lat'>„</span> <span class='ocrx_word' id='word_1_221' title='bbox 589 3638 688 3712; x_wconf 91' lang='lat' dir='ltr'>tione</span> <span class='ocrx_word' id='word_1_222' title='bbox 702 3634 750 3711; x_wconf 92' lang='lat' dir='ltr'>ad</span> <span class='ocrx_word' id='word_1_223' title='bbox 768 3652 804 3710; x_wconf 88' lang='lat' dir='ltr'>te</span> <span class='ocrx_word' id='word_1_224' title='bbox 827 3654 1100 3734; x_wconf 88' lang='lat' dir='ltr'>pervenerunt,</span> <span class='ocrx_word' id='word_1_225' title='bbox 1115 3653 1154 3710; x_wconf 87' lang='lat' dir='ltr'>et</span> <span class='ocrx_word' id='word_1_226' title='bbox 1179 3635 1413 3735; x_wconf 88' lang='lat' dir='ltr'>pervenerint</span> <span class='ocrx_word' id='word_1_227' title='bbox 1427 3637 1465 3711; x_wconf 92' lang='lat' dir='ltr'>in</span> <span class='ocrx_word' id='word_1_228' title='bbox 1480 3633 1644 3712; x_wconf 85' lang='lat' dir='ltr'>futurum</span> <span class='ocrx_word' id='word_1_229' title='bbox 1659 3687 1675 3730; x_wconf 84' lang='lat'>,</span> <span class='ocrx_word' id='word_1_230' title='bbox 1688 3634 1834 3734; x_wconf 88' lang='lat' dir='ltr'>plenam</span> <span class='ocrx_word' id='word_1_231' title='bbox 1849 3634 1995 3712; x_wconf 88' lang='lat' dir='ltr'>erlrbe·</span> 
     </span>
     <span class='ocr_line' id='line_1_28' title="bbox 544 3736 1994 3842; baseline 0 -27"><span class='ocrx_word' id='word_1_232' title='bbox 544 3787 573 3830; x_wconf 90' lang='lat'>„</span> <span class='ocrx_word' id='word_1_233' title='bbox 587 3761 663 3815; x_wconf 88' lang='lat' dir='ltr'>ram</span> <span class='ocrx_word' id='word_1_234' title='bbox 680 3738 750 3815; x_wconf 92' lang='lat' dir='ltr'>tibi</span> <span class='ocrx_word' id='word_1_235' title='bbox 766 3737 952 3814; x_wconf 90' lang='lat' dir='ltr'>licentiam</span> <span class='ocrx_word' id='word_1_236' title='bbox 970 3756 1098 3814; x_wconf 92' lang='lat' dir='ltr'>tenore</span> <span class='ocrx_word' id='word_1_237' title='bbox 1112 3739 1355 3836; x_wconf 88' lang='lat' dir='ltr'>praesentium</span> <span class='ocrx_word' id='word_1_238' title='bbox 1372 3736 1579 3842; x_wconf 84' lang='lat' dir='ltr'>elargimur.</span> <span class='ocrx_word' id='word_1_239' title='bbox 1610 3736 1718 3814; x_wconf 89' lang='lat' dir='ltr'>Nulli</span> <span class='ocrx_word' id='word_1_240' title='bbox 1735 3761 1827 3840; x_wconf 91' lang='lat' dir='ltr'>ergo</span> <span class='ocrx_word' id='word_1_241' title='bbox 1843 3740 1994 3815; x_wconf 88' lang='lat' dir='ltr'>omnino</span> 
     </span>
     <span class='ocr_line' id='line_1_29' title="bbox 544 3838 1995 3945; baseline 0.002 -29"><span class='ocrx_word' id='word_1_242' title='bbox 544 3838 783 3933; x_wconf 87' lang='lat' dir='ltr'>„hominum</span> <span class='ocrx_word' id='word_1_243' title='bbox 803 3841 913 3917; x_wconf 90' lang='lat' dir='ltr'>liceat</span> <span class='ocrx_word' id='word_1_244' title='bbox 935 3838 1027 3917; x_wconf 91' lang='lat' dir='ltr'>hanc</span> <span class='ocrx_word' id='word_1_245' title='bbox 1048 3844 1218 3945; x_wconf 84' lang='lat' dir='ltr'>paginam</span> <span class='ocrx_word' id='word_1_246' title='bbox 1246 3859 1399 3917; x_wconf 90' lang='lat' dir='ltr'>nostrae·</span> <span class='ocrx_word' id='word_1_247' title='bbox 1419 3842 1671 3918; x_wconf 90' lang='lat' dir='ltr'>concessionis</span> <span class='ocrx_word' id='word_1_248' title='bbox 1699 3839 1919 3945; x_wconf 88' lang='lat' dir='ltr'>infringere,</span> <span class='ocrx_word' id='word_1_249' title='bbox 1934 3842 1995 3919; x_wconf 92' lang='lat' dir='ltr'>vel</span> 
     </span>
     <span class='ocr_line' id='line_1_30' title="bbox 546 3941 1997 4043; baseline 0 -23"><span class='ocrx_word' id='word_1_250' title='bbox 546 3993 573 4035; x_wconf 89' lang='lat'><strong>„</strong></span> <span class='ocrx_word' id='word_1_251' title='bbox 588 3967 680 4021; x_wconf 88' lang='lat' dir='ltr'>ausu</span> <span class='ocrx_word' id='word_1_252' title='bbox 693 3946 885 4023; x_wconf 89' lang='lat' dir='ltr'>temerario</span> <span class='ocrx_word' id='word_1_253' title='bbox 898 3947 1087 4022; x_wconf 87' lang='lat' dir='ltr'>contraire.</span> <span class='ocrx_word' id='word_1_254' title='bbox 1115 3944 1155 4021; x_wconf 89' lang='lat' dir='ltr'>Si</span> <span class='ocrx_word' id='word_1_255' title='bbox 1169 3941 1255 4043; x_wconf 91' lang='lat' dir='ltr'>quis</span> <span class='ocrx_word' id='word_1_256' title='bbox 1279 3962 1401 4021; x_wconf 86' lang='lat' dir='ltr'>autern</span> <span class='ocrx_word' id='word_1_257' title='bbox 1421 3943 1498 4021; x_wconf 92' lang='lat' dir='ltr'>hoc</span> <span class='ocrx_word' id='word_1_258' title='bbox 1520 3963 1701 4021; x_wconf 90' lang='lat' dir='ltr'>attentare</span> <span class='ocrx_word' id='word_1_259' title='bbox 1722 3948 1997 4042; x_wconf 75' lang='lat' dir='ltr'>praesumserit,</span> 
     </span>
     <span class='ocr_line' id='line_1_31' title="bbox 544 4046 1996 4151; baseline 0.001 -29"><span class='ocrx_word' id='word_1_260' title='bbox 544 4046 878 4151; x_wconf 83' lang='lat' dir='ltr'>„indignationem</span> <span class='ocrx_word' id='word_1_261' title='bbox 898 4051 1159 4148; x_wconf 88' lang='lat' dir='ltr'>omnipotentis</span> <span class='ocrx_word' id='word_1_262' title='bbox 1171 4048 1246 4125; x_wconf 89' lang='lat' dir='ltr'>Dei</span> <span class='ocrx_word' id='word_1_263' title='bbox 1260 4097 1272 4135; x_wconf 90' lang='lat'>‚</span> <span class='ocrx_word' id='word_1_264' title='bbox 1286 4069 1322 4124; x_wconf 89' lang='lat' dir='ltr'>et</span> <span class='ocrx_word' id='word_1_265' title='bbox 1340 4048 1530 4125; x_wconf 87' lang='lat' dir='ltr'>beatorum</span> <span class='ocrx_word' id='word_1_266' title='bbox 1546 4047 1643 4124; x_wconf 84' lang='lat' dir='ltr'>Petri</span> <span class='ocrx_word' id='word_1_267' title='bbox 1653 4065 1696 4123; x_wconf 89' lang='lat' dir='ltr'>et</span> <span class='ocrx_word' id='word_1_268' title='bbox 1708 4046 1810 4122; x_wconf 88' lang='lat' dir='ltr'>Pauli</span> <span class='ocrx_word' id='word_1_269' title='bbox 1821 4047 1996 4143; x_wconf 87' lang='lat' dir='ltr'>Aposto-</span> 
     </span>
     <span class='ocr_line' id='line_1_32' title="bbox 544 4147 1997 4250; baseline 0.003 -24"><span class='ocrx_word' id='word_1_270' title='bbox 544 4151 710 4240; x_wconf 87' lang='lat' dir='ltr'>„lorum</span> <span class='ocrx_word' id='word_1_271' title='bbox 739 4149 819 4250; x_wconf 87' lang='lat' dir='ltr'>ejus</span> <span class='ocrx_word' id='word_1_272' title='bbox 850 4174 889 4228; x_wconf 88' lang='lat' dir='ltr'>se</span> <span class='ocrx_word' id='word_1_273' title='bbox 918 4149 1062 4228; x_wconf 89' lang='lat' dir='ltr'>noverit</span> <span class='ocrx_word' id='word_1_274' title='bbox 1085 4149 1330 4230; x_wconf 86' lang='lat' dir='ltr'>incursurum.</span> <span class='ocrx_word' id='word_1_275' title='bbox 1366 4150 1508 4230; x_wconf 88' lang='lat' dir='ltr'>Datum</span> <span class='ocrx_word' id='word_1_276' title='bbox 1528 4149 1715 4233; x_wconf 87' lang='lat' dir='ltr'>Avinione</span> <span class='ocrx_word' id='word_1_277' title='bbox 1748 4175 1787 4227; x_wconf 82' lang='lat' dir='ltr'>n.</span> <span class='ocrx_word' id='word_1_278' title='bbox 1811 4147 1997 4229; x_wconf 86' lang='lat' dir='ltr'>Kalendas</span> 
     </span>
     <span class='ocr_line' id='line_1_33' title="bbox 546 4253 1374 4344; baseline 0.001 -15"><span class='ocrx_word' id='word_1_279' title='bbox 546 4300 576 4344; x_wconf 86' lang='lat'>‚‚</span> <span class='ocrx_word' id='word_1_280' title='bbox 589 4253 1026 4334; x_wconf 66' lang='lat' dir='ltr'>OstobrisPonrificatus</span> <span class='ocrx_word' id='word_1_281' title='bbox 1049 4255 1167 4330; x_wconf 89' lang='lat' dir='ltr'>nostri</span> <span class='ocrx_word' id='word_1_282' title='bbox 1179 4266 1277 4330; x_wconf 88' lang='lat' dir='ltr'>anno</span> <span class='ocrx_word' id='word_1_283' title='bbox 1289 4281 1335 4330; x_wconf 87' lang='lat' dir='ltr'>vr.</span> <span class='ocrx_word' id='word_1_284' title='bbox 1347 4261 1374 4298; x_wconf 78' lang='lat'>‘⁶</span> 
     </span>
     <span class='ocr_line' id='line_1_34' title="bbox 595 4347 1998 4458; baseline 0 -26"><span class='ocrx_word' id='word_1_285' title='bbox 595 4357 660 4433; x_wconf 90' lang='lat' dir='ltr'>Ill.</span> <span class='ocrx_word' id='word_1_286' title='bbox 712 4358 772 4433; x_wconf 90' lang='lat' dir='ltr'>De</span> <span class='ocrx_word' id='word_1_287' title='bbox 787 4356 898 4433; x_wconf 90' lang='lat' dir='ltr'>bonis</span> <span class='ocrx_word' id='word_1_288' title='bbox 920 4356 993 4435; x_wconf 90' lang='lat' dir='ltr'>suis</span> <span class='ocrx_word' id='word_1_289' title='bbox 1022 4356 1219 4457; x_wconf 88' lang='lat' dir='ltr'>praedictis</span> <span class='ocrx_word' id='word_1_290' title='bbox 1242 4378 1313 4457; x_wconf 92' lang='lat' dir='ltr'>pro</span> <span class='ocrx_word' id='word_1_291' title='bbox 1332 4380 1418 4448; x_wconf 89' lang='lat' dir='ltr'>sua,</span> <span class='ocrx_word' id='word_1_292' title='bbox 1433 4374 1628 4458; x_wconf 89' lang='lat' dir='ltr'>parentum</span> <span class='ocrx_word' id='word_1_293' title='bbox 1654 4374 1693 4435; x_wconf 92' lang='lat' dir='ltr'>et</span> <span class='ocrx_word' id='word_1_294' title='bbox 1716 4347 1998 4434; x_wconf 85' lang='lat' dir='ltr'>benefactorum</span> 
     </span>
     <span class='ocr_line' id='line_1_35' title="bbox 544 4458 1996 4539; baseline 0.001 -4"><span class='ocrx_word' id='word_1_295' title='bbox 544 4478 698 4535; x_wconf 87' lang='lat' dir='ltr'>suorum</span> <span class='ocrx_word' id='word_1_296' title='bbox 717 4458 904 4535; x_wconf 87' lang='lat' dir='ltr'>animabus</span> <span class='ocrx_word' id='word_1_297' title='bbox 927 4477 1185 4536; x_wconf 91' lang='lat' dir='ltr'>testamentum</span> <span class='ocrx_word' id='word_1_298' title='bbox 1217 4482 1322 4535; x_wconf 89' lang='lat' dir='ltr'>suurn</span> <span class='ocrx_word' id='word_1_299' title='bbox 1352 4483 1417 4537; x_wconf 91' lang='lat' dir='ltr'>seu</span> <span class='ocrx_word' id='word_1_300' title='bbox 1440 4462 1605 4539; x_wconf 89' lang='lat' dir='ltr'>ultimam</span> <span class='ocrx_word' id='word_1_301' title='bbox 1631 4460 1860 4538; x_wconf 89' lang='lat' dir='ltr'>voluntatem</span> <span class='ocrx_word' id='word_1_302' title='bbox 1891 4481 1996 4537; x_wconf 87' lang='lat' dir='ltr'>suam</span> 
     </span>
     <span class='ocr_line' id='line_1_36' title="bbox 544 4557 1861 4659; baseline -0.002 -21"><span class='ocrx_word' id='word_1_303' title='bbox 544 4557 762 4659; x_wconf 87' lang='lat' dir='ltr'>hujusmodi</span> <span class='ocrx_word' id='word_1_304' title='bbox 784 4559 873 4637; x_wconf 87' lang='lat' dir='ltr'>fecit</span> <span class='ocrx_word' id='word_1_305' title='bbox 887 4612 898 4649; x_wconf 92' lang='lat'><strong><em>,</em></strong></span> <span class='ocrx_word' id='word_1_306' title='bbox 914 4563 1080 4639; x_wconf 82' lang='lat' dir='ltr'>condidit</span> <span class='ocrx_word' id='word_1_307' title='bbox 1098 4613 1109 4650; x_wconf 90' lang='lat'>,</span> <span class='ocrx_word' id='word_1_308' title='bbox 1127 4583 1173 4639; x_wconf 89' lang='lat' dir='ltr'>ac</span> <span class='ocrx_word' id='word_1_309' title='bbox 1195 4560 1306 4637; x_wconf 89' lang='lat' dir='ltr'>etiam</span> <span class='ocrx_word' id='word_1_310' title='bbox 1320 4564 1504 4641; x_wconf 88' lang='lat' dir='ltr'>ordinavit</span> <span class='ocrx_word' id='word_1_311' title='bbox 1526 4566 1562 4639; x_wconf 90' lang='lat' dir='ltr'>in</span> <span class='ocrx_word' id='word_1_312' title='bbox 1580 4563 1679 4641; x_wconf 92' lang='lat' dir='ltr'>hunc</span> <span class='ocrx_word' id='word_1_313' title='bbox 1697 4562 1861 4639; x_wconf 85' lang='lat' dir='ltr'>modum.</span> 
     </span>
     <span class='ocr_line' id='line_1_37' title="bbox 596 4664 2003 4768; baseline 0.001 -28"><span class='ocrx_word' id='word_1_314' title='bbox 596 4664 662 4741; x_wconf 91' lang='lat' dir='ltr'>1v.</span> <span class='ocrx_word' id='word_1_315' title='bbox 713 4665 794 4768; x_wconf 87' lang='lat' dir='ltr'>Ego</span> <span class='ocrx_word' id='word_1_316' title='bbox 809 4664 990 4766; x_wconf 88' lang='lat' dir='ltr'>Aegidius</span> <span class='ocrx_word' id='word_1_317' title='bbox 1005 4667 1239 4742; x_wconf 90' lang='lat' dir='ltr'>miseratione</span> <span class='ocrx_word' id='word_1_318' title='bbox 1253 4665 1379 4743; x_wconf 90' lang='lat' dir='ltr'>divina</span> <span class='ocrx_word' id='word_1_319' title='bbox 1396 4667 1601 4766; x_wconf 81' lang='lat' dir='ltr'>Episcopus</span> <span class='ocrx_word' id='word_1_320' title='bbox 1615 4667 1834 4754; x_wconf 86' lang='lat' dir='ltr'>Sabinensis,</span> <span class='ocrx_word' id='word_1_321' title='bbox 1853 4681 2003 4768; x_wconf 87' lang='lat' dir='ltr'>aposto·</span> 
     </span>
     <span class='ocr_line' id='line_1_38' title="bbox 545 4764 2000 4869; baseline 0.003 -29"><span class='ocrx_word' id='word_1_322' title='bbox 545 4764 637 4845; x_wconf 88' lang='lat' dir='ltr'>licae</span> <span class='ocrx_word' id='word_1_323' title='bbox 651 4768 749 4846; x_wconf 88' lang='lat' dir='ltr'>sedis</span> <span class='ocrx_word' id='word_1_324' title='bbox 770 4768 926 4869; x_wconf 84' lang='lat' dir='ltr'>legatus,</span> <span class='ocrx_word' id='word_1_325' title='bbox 943 4785 1164 4868; x_wconf 87' lang='lat' dir='ltr'>sanctaeque</span> <span class='ocrx_word' id='word_1_326' title='bbox 1185 4769 1371 4846; x_wconf 88' lang='lat' dir='ltr'>Romanae</span> <span class='ocrx_word' id='word_1_327' title='bbox 1393 4770 1568 4846; x_wconf 88' lang='lat' dir='ltr'>ecclesiae</span> <span class='ocrx_word' id='word_1_328' title='bbox 1583 4767 1814 4856; x_wconf 85' lang='lat' dir='ltr'>Cardinalis,</span> <span class='ocrx_word' id='word_1_329' title='bbox 1830 4765 2000 4845; x_wconf 85' lang='lat' dir='ltr'>conside-</span> 
     </span>
     <span class='ocr_line' id='line_1_39' title="bbox 546 4867 2004 4976; baseline -0.001 -27"><span class='ocrx_word' id='word_1_330' title='bbox 546 4893 629 4950; x_wconf 84' lang='lat' dir='ltr'>rans</span> <span class='ocrx_word' id='word_1_331' title='bbox 654 4890 694 4952; x_wconf 90' lang='lat' dir='ltr'>et</span> <span class='ocrx_word' id='word_1_332' title='bbox 716 4871 937 4970; x_wconf 88' lang='lat' dir='ltr'>attendens,</span> <span class='ocrx_word' id='word_1_333' title='bbox 960 4870 1065 4973; x_wconf 91' lang='lat' dir='ltr'>quod</span> <span class='ocrx_word' id='word_1_334' title='bbox 1092 4872 1143 4948; x_wconf 89' lang='lat' dir='ltr'>nil</span> <span class='ocrx_word' id='word_1_335' title='bbox 1175 4875 1310 4950; x_wconf 89' lang='lat' dir='ltr'>certius</span> <span class='ocrx_word' id='word_1_336' title='bbox 1336 4892 1483 4964; x_wconf 84' lang='lat' dir='ltr'>morte,</span> <span class='ocrx_word' id='word_1_337' title='bbox 1514 4871 1683 4976; x_wconf 88' lang='lat' dir='ltr'>nihilque</span> <span class='ocrx_word' id='word_1_338' title='bbox 1706 4873 1881 4949; x_wconf 89' lang='lat' dir='ltr'>incertius</span> <span class='ocrx_word' id='word_1_339' title='bbox 1908 4867 2004 4947; x_wconf 88' lang='lat' dir='ltr'>hora</span> 
     </span>
     <span class='ocr_line' id='line_1_40' title="bbox 1902 4997 2005 5051; baseline 0.029 -3"><span class='ocrx_word' id='word_1_340' title='bbox 1902 4997 2005 5051; x_wconf 89' lang='lat' dir='ltr'>mor·</span> 
     </span>
    </p>
   </div>
   <div class='ocr_carea' id='block_1_3' title="bbox 0 0 2115 5880">
    <p class='ocr_par' dir='ltr' id='par_1_4' title="bbox 0 0 2115 5880">
     <span class='ocr_line' id='line_1_41' title="bbox 0 0 2115 5880; baseline 0 0"><span class='ocrx_word' id='word_1_341' title='bbox 0 0 2115 5880; x_wconf 95' lang='lat' dir='ltr'> </span> 
     </span>
    </p>
   </div>
  </div>
 </body>
</html>
