4192 5880
502 385 639 457 AEG.
674 378 1081 458 AL‘BORN‘OTt't
1117 387 1225 457 ΗΒ.
1262 390 1290 457 Ι.
1551 387 1593 479 i7

122 590 136 603 e
160 509 246 601 tatis
261 574 273 619 ‚
290 535 330 600 et
344 540 425 599 uno
442 508 706 630 signo'amisso
723 565 737 612 ,
753 506 863 592 ceteri
892 502 1079 626 insugam
1095 533 1328 596 verterentur
1349 535 1464 596 :cum
1480 509 1614 627 quibus
1705 578 1707 584 2

164 629 328 749 Joannes
353 632 456 748 equo
472 630 598 716 saucio
623 624 860 743 inoppidum
882 653 959 711 sese
985 629 1142 742 recepit.
1254 694 1259 699 -
1772 728 1779 741 ‚

218 754 343 838 XXII.
399 751 618 837 Corsidium
633 745 768 833 deinde
790 746 1001 862 oppugnati
1023 746 1144 876 placpt
1163 745 1372 866 ,quoniam
1404 778 1451 837 ex
1473 779 1528 837 eo
1544 781 1613 866 op
1628 764 1806 877 ώῦοξζᾶὲἓῖ·

160 867 252 989 pido
284 870 544 957 ecclesiasticos
570 866 784 954 commeatu
812 861 1016 980 prohibere
1040 862 1197 970 facultas
1226 894 1324 970 erar.
1359 876 1465 987 Ergo
1492 901 1516 955 a
1546 871 1610 971 cir·⁴
1627 841 1760 948 cantuar·8²
1789 839 1806 877 ⁰

161 991 343 1104 eumjeeta
362 1019 480 1075 manu
494 988 560 1074 ubi
584 987 658 1074 tela
674 986 740 1098 jaci
765 981 1033 1101 coeptarunt,
1056 986 1463 1106 etpropugnatoribus
1497 989 1610 1077 nuda

161 1119 222 1195 rus
246 1141 375 1195 murus
390 1171 402 1214 ,
419 1107 579 1194 admotis
601 1104 702 1192 scails
718 1103 848 1189 milites
872 1103 1160 1212 conscendtutt,
1179 1130 1219 1193 et
1240 1109 1278 1193 ui
1305 1108 1450 1223 oppido
1477 1109 1612 1196 celerri-

161 1257 225 1314 me
251 1229 470 1342 potiuntur.
500 1230 592 1322 Qua
618 1223 905 1341 oppugnatione
927 1223 1208 1339 voppidanorum
1235 1227 1423 1313 nonnullis
1458 1228 1604 1335 occisis,

160 1372 306 1433 ceteros
332 1347 434 1431 nulla
449 1343 600 1430 affectos
627 1343 756 1456 injuria
772 1341 951 1460 Aegidius
977 1343 1138 1428 insuam
1169 1342 1283 1430 fidem
1310 1346 1467 1463 recepit.
1492 1349 1610 1435 Paulo
1649 1384 1802 1436 raanan

158 1492 250 1580 post
277 1466 409 1550 urbem
424 1462 687 1550 Toscanellam
709 1490 800 1547 cum
814 1489 898 1547 arce
915 1519 928 1568 ,
943 1461 1139 1577 oppidanis
1165 1462 1216 1548 ad
1231 1462 1461 1550 deditionem
1490 1494 1608 1585 oppu·
1622 1447 1801 1582 &aarum

160 1582 341 1700 gnatione
368 1610 407 1670 et
428 1581 718 1669 Corsidiensium
732 1580 905 1696 exemplo
933 1581 1131 1696 compulsis
1147 1638 1161 1688 ,
1176 1584 1337 1698 recepit.
1669 1617 1677 1625 ·

219 1706 358 1788 XXlll.
418 1709 563 1789 Interea
579 1701 821 1819 pecuniarum
836 1731 859 1783 a
874 1697 1054 1785 Pontifice
1069 1701 1269 1814 praemissis
1290 1700 1455 1787 subsidirs
1474 1764 1486 1808 ,
1505 1704 1611 1819 equi-

161 1843 216 1907 tes
240 1821 354 1914 etiarn
377 1821 532 1907 trecenti
547 1846 774 1936 pervenere.
800 1820 916 1903 Missa
931 1846 1018 1903 sunt
1034 1818 1161 1904 itidem
1188 1820 1357 1905 auxiliaa
1376 1821 1526 1932 Joanne
1540 1828 1610 1909 Ar·

160 1939 398 2055 chlepiscopo
415 1939 716 2045 Mediolanensi,
737 1966 837 2054 quae
861 1937 1110 2052 praetereunti
1140 1938 1301 2056 Aegidio
1322 1936 1445 2024 fuerat
1471 1940 1610 2055 pollici÷

160 2080 234 2143 tus.
246 2061 359 2153 Quae
373 2084 428 2144 res
441 2083 484 2167 ut
500 2056 701 2145 exercitum
713 2055 997 2143 ecclesiasticum
1012 2085 1171 2142 numero
1183 2057 1396 2174 viribusque
1406 2083 1608 2168 auxerunt,
1664 2145 1666 2147 ,

159 2173 211 2262 ita
241 2176 407 2264 hostibus
431 2205 615 2297 magnum
637 2178 792 2292 injecere
818 2201 1024 2289 terrorem,
1041 2206 1190 2290 prorsus
1212 2202 1258 2262 ut
1269 2178 1375 2262 multi
1394 2239 1408 2280 ‚
1428 2201 1608 2290 tyranno·
1699 2212 1702 2216 ’
1778 2214 1785 2239 ·

159 2324 246 2382 rum
262 2298 398 2382 auxiliis
414 2359 426 2404 ,
442 2328 542 2414 quae
558 2297 697 2410 Joanni
710 2289 809 2381 Vico
833 2295 1076 2380 submiserant
1095 2297 1107 2402 ',
1123 2296 1330 2402 revocatis,
1347 2296 1385 2381 in
1409 2325 1493 2382 suas
1509 2298 1605 2412 quis·

159 2445 237 2528 que
265 2446 322 2502 res
337 2445 470 2501 omnes
494 2445 599 2501 curas
613 2414 804 2500 intendere
826 2415 1042 2528 coeperint,
1060 2439 1099 2498 et
1112 2415 1312 2499 necessaria
1337 2414 1387 2499 ad
1401 2415 1459 2498 sui
1480 2411 1608 2500 defen·

159 2531 305 2619 sionem
330 2563 569 2650 comparate.
617 2537 718 2617 Cum
751 2532 991 2648 septingentis
1017 2533 1202 2646 equitibus
1244 2533 1507 2648 peditibusque
1579 2567 1606 2638 o

157 2678 321 2739 numero
346 2653 518 2769 equitum
535 2653 700 2765 Joannes
729 2651 844 2736 Vicus
867 2650 905 2734 in
933 2646 1143 2765 oppidum,
1153 2651 1268 2766 'quod
1290 2565 1606 2767 Aquampenddb·
1617 2661 1727 2782 {guiffa
1746 2670 1797 2779 Γ·
1871 2754 1873 2758 ⁴

159 2780 239 2856 tem
264 2771 451 2888 appellant
470 2772 548 2876 ,ab
566 2771 669 2857 Urbe
684 2768 801 2858 veteri
813 2765 1002 2885 profectus
1017 2797 1073 2853 est
1094 2771 1290 2884 reparandi
1316 2770 1494 2856 exercitus
1512 2802 1604 2890 gra.
1618 2744 1797 2901 migetii?
1866 2763 1869 2780 ’

158 2887 212 2972 tia
226 2950 238 2994 ,
254 2914 294 2976 et
306 2891 414 3006 quod
438 2890 543 2977 locus
556 2889 616 2976 ille
643 2887 893 3005 opportunior
906 2887 958 2974 ad
981 2884 1362 2974 trahendumbellum
1383 2887 1600 2979 videbatur..
1618 2864 1665 2912 ⁹¹⁰
1686 2861 1799 2906 cm

157 3007 256 3104 Quo
281 3009 458 3125 cognito,
475 3009 653 3127 Aegidius
670 3007 843 3093 Andreae
859 3005 1128 3091 salamoncello
1144 3007 1259 3112 ,vito
1274 3009 1402 3126 magni
1426 3007 1539 3093 animi
1567 3035 1606 3100 et

157 3125 300 3212 consilii
315 3189 327 3231 ,
343 3126 448 3239 cuius
468 3128 514 3212 in
528 3127 628 3212 bello
659 3123 825 3242 gerendo
853 3123 1026 3242 singulari
1049 3155 1166 3239 opera
1189 3156 1298 3241 saepe
1320 3157 1410 3212 usus
1430 3152 1485 3212 est
1502 3182 1517 3233 ,‹
1531 3126 1605 3212 im-

155 3269 267 3357 perat
283 3306 294 3349 ,
311 3273 400 3330 cum
423 3244 593 3359 equitatu
619 3270 657 3329 et
674 3269 777 3359 parte
801 3243 996 3358 copiatum
1027 3271 1115 3326 eum
1142 3269 1380 3350 antevertat,
1400 3273 1444 3330 ac
1472 3246 1604 3336 itinere

157 3363 358 3476 prohibere
389 3363 616 3449 contendat.
645 3363 726 3458 Qui
751 3361 902 3447 celerius
929 3359 1033 3446 omni
1062 3360 1240 3476 opinione
1264 3362 1402 3480 ,quod
1421 3364 1536 3476 januas
1552 3390 1602 3452 e,

156 3506 245 3585 tat,
269 3505 491 3588 exsecutus,
508 3479 609 3568 viam
635 3502 796 3594 occupat
812 3541 824 3586 ,
840 3505 879 3564 et
907 3478 1108 3593 procedere
1124 3481 1293 3598 pergenti
1317 3482 1416 3568 hosti
1435 3513 1512 3568 sese
1524 3484 1601 3573 acie

157 3594 298 3684 directa
312 3600 493 3716 opponit.
525 3601 656 3694 Quam
674 3628 841 3716 pugnam
867 3626 955 3681 cum
969 3598 1134 3710 Joannes
1160 3600 1310 3685 minime
1343 3600 1601 3709 detrectasset,

157 3707 297 3802 infestis
325 3718 433 3835 signis
450 3720 578 3804 acriter
603 3718 779 3834 utrinque
793 3745 1016 3802 concursum
1032 3742 1088 3802 est
1106 3749 1115 3800 :
1135 3744 1422 3836 pugnatumque
1441 3718 1517 3805 wdiu
1545 3744 1601 3809 est

153 3862 288 3949 aequo
312 3840 465 3943 Marte,
478 3835 816 3952 laos-cladisnuper
832 3844 1006 3950 acceptae
1021 3834 1274 3953 indignatione
1291 3837 1400 3945 ,illos
1427 3838 1600 3953 pristinae
1619 3906 1622 3910 -
1713 3894 1729 3902 *v
1752 3884 1770 3913 n

155 3951 335 4043 victoriae
359 3956 478 4075 gloria
491 3958 737 4044 accendente.
1337 4004 1345 4012 .,
1757 4032 1766 4040 t
1781 3953 1792 4049 ,ἶ

217 4073 364 4160 XXIV.
424 4079 620 4165 Postremo
632 4076 798 4188 Joannes
828 4071 952 4159 multis
976 4103 1132 4161 suorum
1162 4076 1427 4180 amissis,cum
1454 4075 1600 4195 reliquis
1614 4110 1691 4166 vtem
1720 4117 1791 4168 mut

154 4184 325 4279 funditur
354 4190 579 4310 fugaturque
597 4218 851 4309 ,coactusque
871 4217 927 4278 est
942 4191 1079 4279 iterum
1102 4195 1142 4279 in
1171 4196 1314 4280 Urbem
1331 4223 1497 4283 veterem
1523 4225 1599 4281 sese
1612 4179 1791 4285 lllllllla

153 4308 337 4422 recipere.
363 4317 521 4398 Postero
537 4311 595 4399 die
613 4313 662 4399 ad
676 4318 814 4399 Arcem
828 4311 997 4397 abbatiae
1014 4312 1202 4427 producto
1221 4314 1411 4418 exercitu,
1431 4313 1496 4399 ubi
1524 4347 1595 4432 op
1612 4309 1735 4419 ffisslss⁶⁵²
1749 4308 1790 4346 ‘⁸'

153 4456 329 4543 pugnare
350 4425 484 4516 frustra
512 4455 714 4535 tentasset,
729 4430 928 4544 visumque
952 4459 1046 4516 essct
1080 4430 1262 4546 oppidum
1287 4433 1423 4548 inexpu
1450 4431 1599 4539 nabile,

151 4543 356 4633 obsidione
370 4546 502 4634 cinxit.
537 4551 669 4642 Quam
688 4563 785 4634 'cum
815 4547 996 4634 diutinam
1024 4545 1106 4634 fore
1135 4550 1316 4665 oppidani
1341 4464 1600 4668 inteffigerent,

152 4687 199 4748 et
213 4662 278 4748 sibi
305 4664 547 4778 perniciosam
562 4728 574 4772 ,
591 4667 789 4783 desperatis
804 4667 959 4779 joannis
974 4667 1061 4753 Vici
1085 4669 1194 4753 rebus
1209 4698 1316 4774 ,sese
1333 4669 1505 4755 Andreae
1534 4668 1600 4756 de·

153 4778 355 4868 diderunt.
390 4786 572 4876 Quorum
602 4787 813 4901 exemplum
835 4810 962 4870 secuta
994 4784 1111 4872 multa
1138 4788 1280 4903 oppida
1301 4785 1456 4873 finitima
1474 4849 1485 4891 ,
1501 4817 1601 4903 quae

152 4898 283 5103 sitaTin
305 4901 494 5110 mffi'fib‘m
510 4963 524 5014 ,
540 4897 728 4991 fueranta
749 4905 898 5020 Joanne
913 4902 1013 4993 Vico
1038 4903 1223 5111 praesidgs
1250 4905 1394 4993 muttita
1411 4966 1426 5016 ,
1442 4906 1602 5029 admoto

249 5047 318 5108 om.
388 5084 401 5112 .
1519 5047 1603 5112 tan-
