4006 5850
697 401 891 475 arnan
925 396 969 468 ι·
1149 398 1151 401 ·
1423 418 1497 494 419

83 534 123 621 hi
148 534 306 636 uetant,
335 529 562 632 sedetiam,
596 528 624 612 si
651 552 736 641 post
751 523 860 612 fuerit
874 546 1141 629 contractum,
1168 517 1397 642 disjungunt.
1415 528 1524 612 Mul-

77 678 117 738 ta
137 653 237 737 enim
263 649 478 763 hujusmodi
503 645 770 760 impedimenta
797 645 982 760 reperias,
1015 644 1043 726 si
1072 672 1189 729 sacras
1218 645 1415 758 scripturas
1443 645 1524 731 dili·

74 795 235 887 genter,
259 795 299 856 et
319 769 467 853 decreta
492 792 639 880 patrum
662 766 838 881 legesque
863 761 1067 876 pontificias
1090 762 1296 848 excusseris.

131 891 200 973 IV.
262 893 320 973 Ac
345 887 506 998 primum
533 884 733 987 omnium,
760 883 788 967 si
812 883 894 997 quis
918 911 984 996 per
1012 881 1088 967 vim
1114 881 1178 965 sibi
1209 879 1353 966 illatam
1381 904 1448 965 aut
1474 881 1521 989 tif

73 1033 220 1091 morem
249 1004 464 1107 incussum,
489 1003 556 1117 qui
583 1002 694 1087 cadat
716 1001 759 1084 in
784 1001 906 1087 virum
933 1023 1197 1105 constantem,
1224 1027 1384 1083 uxorem
1402 1012 1522 1112 quarn

73 1122 220 1228 nollet,
247 1124 410 1228 ducere,
440 1145 507 1206 aut
534 1121 665 1205 mulier
680 1119 741 1203 cui
765 1119 847 1205 viro
863 1118 1005 1222 nollet,
1022 1119 1165 1203 nubere
1193 1144 1365 1233 cogatur.
1397 1117 1521 1213 Quod

73 1238 211 1328 ideirco
252 1240 373 1355 primo
404 1238 491 1324 loco
525 1237 802 1323 numerandum
837 1236 967 1350 putavi
997 1263 1010 1338 ·,
1041 1235 1131 1350 quia
1156 1232 1448 1323 fundamentum
1477 1259 1518 1322 et

73 1360 181 1472 quasi
209 1356 371 1443 formam
391 1356 615 1443 matrimonii
631 1385 708 1441 esse
733 1355 890 1441 liberum
922 1382 1144 1439 consensum
1161 1416 1174 1460 ,
1190 1377 1338 1440 constat
1359 1382 1441 1441 non
1457 1385 1518 1468 suf

72 1474 155 1561 lum
183 1501 397 1562 sanctorum
425 1497 603 1589 patrum,
629 1472 855 1577 Ambrosii,
885 1471 1146 1585 Chrysostomi
1166 1531 1180 1578 ,
1201 1497 1241 1557 et
1266 1471 1428 1579 Isidori,
1460 1474 1516 1586 ju·
1542 1518 1672 1591 simeo„
1686 1519 1714 1590 ,μ

73 1594 195 1709 risque
224 1591 404 1710 pontificii
432 1593 685 1699 auctoritate,
717 1591 784 1678 sed
817 1589 930 1676 etiam
957 1589 1096 1695 civilis,
1124 1617 1206 1705 quo
1228 1589 1409 1676 traditum
1426 1619 1511 1704 pest,
1529 1580 1712 1700 llttlill‘ll:

72 1713 220 1826 nuptias
247 1741 328 1798 non
350 1711 554 1797 concubitu
570 1707 677 1814 fieri,
702 1709 768 1795 sed
784 1737 994 1794 consensu:
1023 1706 1082 1793 cui
1107 1707 1305 1792 consensui
1319 1735 1408 1799 cum
1423 1711 1512 1795 nihil
1527 1697 1712 1822 Billlnllffltss

1530 1829 1712 1874 et40seutent.

73 1830 191 1945 magis
216 1831 463 1934 adversetur,
496 1856 614 1943 quam
642 1829 698 1916 vis
720 1852 787 1912 aut
819 1851 977 1932 metus,
1008 1823 1222 1960 intelligitur
1263 1823 1368 1912 haud
1400 1828 1513 1914 dubie
1529 1878 1709 1935 dmm

72 1947 175 2031 nulla
202 1975 243 2033 re
268 1947 384 2064 magis
410 1945 579 2060 impediri
602 1943 912 2053 matrimonium,
941 1972 1059 2060 quam
1082 1973 1128 2030 ur
1150 1966 1217 2029 aut
1242 1967 1385 2050 metu,
1414 1973 1514 2062 quae
1529 1939 1711 2054 {llsslllffil

1539 2055 1702 2106 matrimoni·

72 2062 280 2151 libertatem
305 2065 444 2151 tollunt
471 2063 717 2151 dissentiendi
744 2068 840 2150 Non
863 2093 945 2179 quo
973 2061 1151 2150 voluntas
1178 2060 1339 2149 hominis
1367 2087 1411 2148 ut
1424 2067 1515 2153 velit
1530 2131 1583 2168 um,

70 2180 311 2298 quidquam,
339 2207 405 2269 aut
421 2183 518 2270 nolit
543 2181 640 2299 (qui
655 2213 678 2267 a
691 2182 922 2298 philosophis
939 2179 1145 2294 junioribus
1158 2197 1267 2268 auus
1282 2186 1401 2266 eliciti
1420 2211 1515 2270 nun·
1530 2176 1710 2296 ¹⁸‚i‘¹.?„⁰,fl;‚¹³¹.';

71 2301 288 2417 cupantur)
315 2301 400 2417 cogi
424 2299 568 2417 possit,
597 2300 809 2415 praesertim
829 2306 981 2387 externa
1008 2298 1048 2388 vi
1071 2294 1180 2410 (hoc
1205 2299 1307 2384 enirn
1322 2325 1417 2386 esset
1439 2334 1515 2391 vo·
1529 2251 1637 2414 issffi‘lf
1648 2310 1709 2404 ,331

71 2406 256 2504 luntatem
282 2418 330 2504 de
358 2417 557 2505 voluntate
585 2419 715 2504 tollere
732 2478 746 2522 ,
764 2445 863 2532 quae
877 2415 1046 2504 libertate
1073 2417 1307 2528 potissimum
1324 2415 1708 2538 consistit)¹',¹‡⁸,'¹‚⁵;„‚‘,‘,‚⁴·

71 2536 138 2622 sed
169 2536 352 2653 quoniam
373 2564 492 2652 quern
521 2534 575 2622 vis
601 2559 667 2622 aut
691 2561 814 2621 metus
837 2533 1029 2650 impellit,
1067 2560 1112 2620 ut
1144 2562 1346 2645 occurrens
1386 2537 1517 2650 majori

74 2651 206 2761 malo,
232 2654 442 2770 quidquam
467 2677 507 2739 et
534 2652 623 2739 velit
647 2676 687 2739 et
710 2650 877 2758 efficiat,
903 2655 1005 2739 hune
1032 2650 1224 2739 nolentem
1239 2649 1384 2738 efficere
1399 2678 1438 2739 et
1452 2684 1517 2742 co·

72 2795 198 2858 actum
225 2773 344 2859 dicere
371 2772 561 2858 solemus:
593 2798 637 2858 ut
664 2771 731 2886 qui
755 2799 806 2856 ne
833 2766 948 2857 faciat
963 2764 1229 2887 naufragium,
1254 2770 1433 2884 jacturam
1463 2772 1518 2860 fa·

71 2887 150 2992 cit,
173 2918 290 3006 quem
316 2914 445 2977 tamen
473 2887 667 2979 volentem
697 2887 817 2975 facere
848 2915 994 2976 certum
1017 2913 1106 2973 est:
1145 2889 1255 2996 hujus
1282 2890 1384 2974 enim
1409 2893 1518 3008 optio
1548 2978 1552 2985 ,

72 3030 150 3111 est,
166 3032 327 3094 mortem
343 3009 464 3094 subite
489 3007 592 3093 malit
613 3066 627 3113 ,
652 3036 702 3092 an
717 3007 893 3121 jacturam
908 3005 1029 3092 facete
1047 3035 1056 3089 :
1074 3031 1113 3092 et
1130 3005 1284 3122 perinde
1298 3007 1420 3114 illius,
1446 3010 1516 3097 du·

71 3145 134 3209 cat
162 3153 320 3211 uxorem
332 3125 548 3242 quampiam
561 3187 574 3231 ,
588 3155 637 3210 an
653 3124 809 3243 plagas,
841 3125 904 3231 vel
927 3124 1142 3213 servitutem
1158 3124 1355 3238 suscipiat,
1381 3155 1445 3211 seu
1462 3153 1516 3214 et·
1599 3141 1601 3146 ’

25 3329 27 3333 .
70 3238 144 3327 iam
173 3268 367 3350 mortem,
397 3245 528 3351 aut‚si
558 3244 667 3361 virgo
683 3244 756 3351 sit,
779 3266 950 3360 stuprum
966 3274 975 3329 :
992 3243 1125 3331 eadem
1140 3269 1305 3356 namque
1331 3244 1426 3330 tatio
1459 3271 1516 3335 est

70 3358 275 3477 utriusque.
298 3362 380 3457 Qui
408 3391 502 3480 ergo
525 3385 570 3448 ut
594 3391 639 3448 ea
664 3363 761 3447 mala
786 3363 920 3451 vitaret
939 3388 1066 3476 ,quae
1090 3364 1122 3449 si
1150 3362 1383 3448 intententur
1398 3390 1515 3468 ,con-

69 3479 180 3563 stanti
204 3480 317 3566 etiatn
344 3480 426 3567 viro
451 3505 596 3567 metum
623 3480 835 3588 incutiant,
852 3480 950 3567 hanc
977 3478 1151 3582 duxerit,
1179 3507 1297 3594 quarn
1312 3479 1376 3564 tali
1407 3506 1515 3567 metu

68 3594 217 3681 sublato
249 3598 426 3711 reiecisset
440 3658 452 3703 ,
468 3598 495 3684 is
514 3597 646 3683 nolens
660 3622 699 3683 et
724 3596 937 3687 dnentiens
953 3595 1096 3684 duxisse
1127 3596 1288 3685 dicitur:
1313 3624 1429 3714 atque
1455 3597 1515 3686 fe-

66 3711 170 3798 mina
197 3715 335 3803 eodem
364 3717 485 3802 modo
507 3714 681 3829 nupsisse.
702 3719 760 3800 lta
789 3715 1017 3831 quicumque
1047 3738 1261 3804 contractus
1277 3746 1323 3803 ex
1337 3716 1513 3805 alterutra
1526 3717 1704 3837 ,lgfff'qflss
1761 3782 1763 3785 ψ

66 3858 172 3943 parte
192 3833 241 3918 ab
270 3833 485 3947 hujusmodi
513 3833 631 3918 causis
660 3829 770 3919 luerit
807 3833 998 3952 profectus
1028 3896 1042 3943 ,
1094 3863 1175 3921 uon
1197 3832 1319 3920 solum
1342 3863 1415 3941 te,
1446 3839 1511 3924 sed
1525 3835 1568 3941 Βξ
1584 3834 1702 3950 ,ξζᾞξξῗ

66 3952 221 4037 nomine
245 3952 356 4038 etiam
382 3950 607 4037 matrimonii
633 3952 808 4070 indignus
835 3981 879 4037 ac
905 3954 1025 4038 irritus
1057 3955 1127 4038 erit
1154 3952 1238 4067 lege
1253 3980 1421 4039 naturae.
1437 3956 1508 4039 Ni·
1525 3951 1701 4071 {{„‘‡¹‘¹¹¹‘l‘

68 4063 97 4147 si
119 4064 218 4155 forte
241 4097 327 4184 post
356 4068 394 4157 id
419 4093 596 4185 tempus,
632 4099 714 4185 quo
739 4071 794 4155 vis
823 4070 923 4158 illata
945 4068 1054 4175 fuit,
1085 4092 1152 4155 aut
1181 4069 1296 4156 timot
1326 4070 1509 4184 injectus,

66 4205 148 4266 non
176 4186 280 4275 inviti
305 4189 528 4277 convixere:
559 4187 626 4302 qui
647 4188 771 4297 enim,
786 4216 874 4275 cum
901 4189 1024 4274 liceret
1048 4187 1277 4296 reclamare,
1308 4189 1507 4297 conticuit,

65 4297 96 4382 is
119 4301 228 4387 tacite
252 4305 402 4392 videtur
428 4307 651 4393 consensisse
678 4338 687 4393 :
719 4336 845 4425 eoque
876 4333 1060 4394 consensu
1102 4305 1380 4393 matrimonium
1409 4308 1509 4425 prius

32 4523 35 4528 g
66 4414 209 4502 irritum
233 4421 486 4508 confirmatur.
716 4504 717 4507 ι
1106 4524 1109 4531 ,

123 4537 176 4619 V.
234 4539 325 4625 Post
353 4542 431 4628 vim
451 4564 490 4625 et
515 4564 658 4626 metum
683 4544 872 4658 proximus
887 4570 943 4630 est
957 4570 1060 4629 ettor
1077 4542 1116 4629 in
1131 4541 1402 4658 impedimentis
1429 4573 1508 4629 ma·
1553 4614 1640 4662 asea-
1662 4597 1700 4652 ,p

63 4651 255 4740 trimonii:
286 4658 425 4773 quippe
450 4655 556 4769 catius
584 4686 694 4744 causa
715 4663 764 4745 ab
790 4663 928 4749 eodem
953 4659 1061 4748 fonte
1087 4661 1302 4776 eodemque
1331 4661 1435 4749 velut
1450 4691 1508 4760 ca·
1523 4675 1700 4780 {lfcffsslficlt

64 4768 139 4881 pite
160 4772 338 4886 repetitur
354 4837 366 4882 ,
382 4777 457 4861 hoc
473 4801 552 4880 est,
568 4777 618 4859 ab
645 4805 721 4881 eo,
740 4778 953 4893 quodlibet
979 4808 1182 4866 consensus
1196 4776 1365 4866 defuisse
1382 4779 1507 4867 videa·
1523 4780 1702 4900 ξξῗοῖξξςξζ

64 4907 138 4974 ιιι.
157 4891 409 5014 Quamquam
428 4920 508 4984 non
522 4892 644 4984 omnis
659 4922 762 4988 error
787 4896 1068 5106 matrigtonlum
1085 4896 1278 5007 infirmat,
1306 4897 1412 4990 sedis
1428 4921 1510 4983 tan·

890 5105 893 5111 ,
930 5043 1018 5132 gga
1429 5039 1515 5107 tum
