4020 5864
516 393 585 483 526
707 479 709 481 ‚
811 392 878 464 DE
904 390 1035 463 FATO
1062 391 1129 463 ET
1152 392 1329 467 LIBERO
1357 392 1597 468 ARBITRIO

483 527 678 631 ipsorum,
706 547 787 607 cum
819 523 898 605 iex'
911 524 1015 605 adsit
1033 580 1049 627 ,
1070 525 1266 633 legislator
1297 524 1491 626 docuerit,
1517 536 1560 604 ut
1574 523 1679 603 nulia
1697 525 1937 630 ignorantiae

417 643 421 651 '
483 650 676 725 excusatio
698 648 843 748 reliqua
868 647 924 724 sit
947 699 961 746 ,
985 645 1155 726 sedecia
1177 649 1370 726 accusatio
1391 646 1639 750 negligentiae
1658 655 1698 720 et
1723 643 1934 724 imbedieo·

484 766 575 841 tiae.
607 762 694 844 Non
710 776 770 844 est
786 821 797 864 ,
815 758 965 874 inquit,
996 785 1144 843 necesse
1166 766 1267 870 leges
1288 786 1310 843 e
1333 765 1433 843 caelo
1449 772 1516 841 aut
1538 754 1723 856 efiuibus
1753 765 1933 841 cunum·

484 884 613 985 riuis,
643 893 708 962 aut
721 882 856 988 procul
879 873 1050 982 afferre,
1077 903 1143 961 uec
1163 893 1272 988 potes
1292 893 1545 988 praetexere,
1570 891 1609 958 te
1629 882 1721 963 illas
1737 904 1800 961 nec
1824 881 1929 959 audi·

484 1004 622 1102 visse,
650 1025 717 1083 nec
733 997 868 1080 habere
882 1053 896 1100 ,
912 996 1239 1106 propensiores
1258 1055 1272 1099 ,
1297 1000 1342 1080 ut
1358 1021 1451 1103 quas
1472 1002 1735 1105 praecipiente
1752 998 1864 1099 Deo,
1886 1010 1925 1079 et

474 1141 543 1201 ,rue
557 1131 707 1201 audace
723 1119 940 1219 audivisti,
965 1119 1075 1200 corde
1094 1120 1333 1225 peremisti,
1349 1127 1387 1197 et
1411 1137 1474 1200 are
1502 1117 1652 1199 assiduo
1670 1131 1751 1221 per
1768 1114 1925 1196 Lenitur

481 1241 526 1315 in
542 1238 659 1319 medio
680 1242 737 1319 tui
764 1235 986 1317 tractandos
1001 1241 1186 1344 accepisti
1202 1295 1215 1338 ,
1232 1249 1330 1317 teste
1345 1234 1414 1319 boc
1437 1239 1521 1340 ipso
1543 1255 1620 1315 meo
1646 1233 1768 1314 verbo
1783 1247 1824 1315 et
1838 1233 1925 1316 libro

485 1352 568 1457 hoc,
584 1368 728 1436 tantum
752 1357 933 1459 reliquum
949 1367 1038 1457 est,
1063 1368 1105 1435 ut
1121 1347 1259 1456 facias
1276 1358 1377 1435 iiius.
1405 1352 1600 1434 Hactenus
1626 1349 1824 1434 Μειιὶιιιιε
1841 1348 1929 1464 ,qui

486 1469 667 1555 hocloco
686 1468 916 1583 exponendo
931 1472 1082 1555 tantum
1103 1467 1170 1553 sibi
1195 1469 1316 1584 placet
1332 1529 1345 1572 ,
1372 1493 1417 1554 ut
1432 1465 1495 1554 vel
1511 1462 1586 1551 hoc
1601 1494 1727 1551 unum
1757 1467 1844 1553 satis
1857 1495 1930 1554 esst

480 1586 597 1701 jactet
617 1589 858 1708 argumenti,
884 1585 1044 1701 plurima
1057 1587 1197 1701 priores
1211 1588 1431 1704 ignorasse,
1458 1613 1559 1700 quae
1588 1582 1665 1698 ipse
1692 1612 1793 1670 unus
1823 1608 1929 1698 pate-

483 1703 611 1791 fecerit
627 1732 665 1792 et
681 1704 979 1793 elucubraverit:
1013 1728 1128 1820 atque
1152 1702 1279 1790 in'hac
1294 1701 1549 1791 controversia
1577 1730 1615 1787 se
1636 1727 1778 1788 contra
1799 1731 1927 1789 omnes

485 1823 738 1913 dissentientes
755 1822 816 1911 vel
840 1851 960 1939 puero
976 1823 1097 1938 judice
1121 1821 1357 1909 mtisdmam
1371 1818 1565 1910 victoriam
1583 1845 1815 1935 exspectare.
1829 1822 1927 1906 Nou

484 1948 675 2049 quidest,
701 1942 823 2059 inquit
841 2002 854 2048 ,
869 1958 987 2050 supra
1009 1957 1076 2044 te,
1105 1943 1196 2047 quid
1213 1946 1375 2052 proculi
1392 1945 1646 2049 grammatica
1668 1945 1773 2022 euim
1804 1955 1925 2024 mura

482 2068 573 2144 istis
598 2064 792 2145 vocabulis
805 2085 876 2144 nou
892 2058 1470 2166 qualitatemautquaotitateot
1497 2063 1641 2142 virium
1671 2057 1924 2161 manuum,

482 2182 554 2262 sed
571 2183 790 2262 distantiam
808 2183 967 2262 iocowm
992 2173 1200 2287 siguificat.
1224 2180 1266 2262 Ο
1278 2181 1518 2291 praeceptum
1533 2203 1690 2262 novum
1710 2200 1755 2261 et
1769 2173 1919 2262 mnia·

482 2293 558 2381 bile
575 2306 590 2382 ¹.-
614 2321 653 2381 et
664 2325 740 2382 vuos
754 2294 885 2383 scilicet
908 2296 1022 2382 rudes
1037 2295 1318 2412 grammaticam
1335 2294 1617 2398 nesciebamus,
1646 2316 1692 2378 et
1709 2293 1795 2380 vim
1821 2320 1922 2380 soca·

353 2438 360 2452 ”
481 2412 658 2500 bulorum
673 2413 950 2533 ignorabamus.
981 2414 1160 2518 Putasne,
1176 2410 1372 2529 vulpecula
1389 2441 1416 2496 n
1470 2412 1576 2517 attis,
1589 2422 1836 2528 quemquam
1850 2407 1925 2497 fuis·

481 2561 520 2621 se
537 2531 598 2618 vel
618 2561 697 2620 esse
712 2558 791 2621 tam
817 2534 997 2618 obtusum
1014 2556 1053 2616 et
1067 2532 1220 2618 tardum
1237 2592 1250 2635 ,
1280 2530 1347 2647 qui
1364 2561 1404 2615 m
1458 2560 1485 2616 o
1500 2529 1640 2620 litteras
1672 2529 1832 2616 Latinas
1845 2529 1928 2616 atti·

480 2650 609 2767 gerit,
632 2676 676 2736 ut
706 2650 871 2756 nesciat,
900 2674 967 2735 aut
993 2647 1140 2736 dubitet
1171 2709 1184 2755 ,
1216 2650 1309 2765 quin
1335 2667 1458 2758 supra
1484 2672 1524 2734 et
1546 2652 1688 2757 procul
1712 2659 1836 2735 notae
1856 2647 1922 2734 sirit

481 2767 653 2852 locorum
671 2766 882 2855 discriminis
899 2827 912 2873 ,
939 2791 985 2854 ut
998 2768 1141 2883 ubique
1157 2827 1170 2873 ,
1186 2766 1237 2852 sic
1254 2768 1292 2852 in
1308 2767 1384 2852 hoc
1409 2767 1491 2882 ipso
1503 2765 1625 2851 locoi
1652 2765 1734 2853 Sed
1748 2795 1837 2852 cum
1854 2764 1925 2852 hoc

481 2911 613 2970 omnes
628 2885 745 2974 sciant
761 2947 773 2991 ,
804 2911 852 2970 ne
866 2884 957 2972 illud
973 2885 1129 3000 quidem
1145 2883 1343 3002 quisquam
1360 2882 1512 3000 ignorat
1528 2943 1541 2989 ,
1569 2881 1709 2997 passim
1738 2883 1924 2995 hotrum

481 3002 521 3089 di
536 3001 730 3117 particulas
754 3003 803 3090 ad
820 3002 914 3090 vires
936 3026 976 3089 et
991 3000 1207 3098 facultatem
1219 2999 1406 3090 transferri
1422 3058 1438 3108 ,
1471 3026 1518 3088 ut
1530 3020 1619 3086 cum
1635 3001 1825 3088 dicimus:
1855 3001 1927 3087 Str·

476 3139 555 3230 pra
571 3130 721 3231 capuam
739 3122 961 3207 cohumari
977 3126 1209 3207 intellectus:
1241 3140 1361 3231 supra
1375 3123 1615 3206 causacum
1629 3120 1844 3205 lammam.
1875 3126 1924 3207 Er

476 3239 645 3344 Cicero,
675 3241 742 3359 qui
757 3238 874 3326 credo
889 3267 970 3326 non
993 3241 1147 3363 pessime
1165 3241 1295 3327 latine
1313 3238 1480 3344 sciebat,
1506 3264 1606 3353 quae
1630 3239 1788 3323 suntin
1807 3262 1924 3325 noma

414 3427 417 3432 .
482 3381 694 3471 potestate,
723 3388 768 3445 ea
795 3358 834 3442 in
859 3356 966 3444 nobis
992 3385 1069 3443 esse
1094 3356 1210 3444 dicit:
1235 3383 1335 3473 quae
1349 3355 1445 3444 vires
1461 3380 1604 3442 nostras
1633 3354 1856 3462 excellunt,
1878 3382 1919 3441 er

290 3488 469 3610 lm?
483 3500 594 3588 supra
610 3503 681 3562 nos
697 3504 707 3562 ι
722 3501 766 3563 ut
782 3472 962 3573 eum-ait:
995 3475 1107 3586 ,Quae
1137 3493 1258 3586 supra
1288 3475 1923 3584 communiscomnunis

481 3594 691 3681 trimma:
726 3592 913 3710 Loquitur
929 3596 1057 3680 autem
1072 3594 1124 3681 de'
1137 3599 1238 3686 tecta
1254 3592 1501 3686 ot‘constanti
1513 3590 1671 3677 ratione.

327 3724 392 3777 θ’·
406 3737 433 3785 ‘e
543 3714 666 3798 XVII.
690 3747 693 3749 *
724 3713 810 3829 Age
825 3721 917 3799 veto
932 3708 999 3826 qui
1014 3709 1062 3797 sic
1077 3735 1133 3798 est
1151 3711 1247 3797 Cain
1265 3711 1447 3797 allocutus
1460 3752 1476 3816 ⁴,
1501 3711 1572 3794 sub
1589 3725 1628 3794 te
1639 3714 1718 3792 erit
1732 3717 1928 3826 appetitus

483 3830 589 3941 ejus,
618 3846 656 3913 et
670 3846 713 3914 tu
729 3830 979 3916 dominaberis
993 3835 1125 3936 iiiios,
1153 3828 1327 3916 isutntm
1341 3829 1482 3916 sciebat
1502 3826 1680 3915 illudsub
1695 3852 1836 3912 notam
1851 3855 1923 3913 moe

484 3946 588 4054 loci,
613 3975 663 4031 an
677 3951 809 4054 Deus,
833 3946 942 4062 quod
966 3946 1087 4060 pueris
1112 3971 1169 4033 est
1198 3947 1446 4051 notissimum,
1461 3944 1688 4062 ignorabat?
1716 3946 1852 4031 Verba
1868 3969 1924 4030 ta·

403 4180 404 4183 Ν
485 4095 574 4152 men
589 4094 656 4151 sua
674 4065 723 4152 sic
738 4065 889 4202 intelligi
905 4065 1025 4154 voluit
1042 4128 1055 4173 ,
1085 4092 1166 4150 non
1181 4090 1230 4153 ut
1241 4066 1310 4150 sub
1327 4064 1484 4179 pedibus
1497 4061 1655 4167 mutis,
1682 4088 1753 4149 aut
1769 4062 1928 4149 sedentis

335 4176 365 4191 '‘
420 4181 423 4187 ‘
484 4181 692 4288 cathedra,
714 4184 931 4271 cubanttsve
946 4183 1046 4269 lecto
1070 4181 1385 4298 interpretemur,
1409 4180 1562 4269 sed-sub
1577 4178 1739 4267 volentis
1771 4180 1929 4297 imperio

483 4325 525 4386 et
541 4326 739 4415 potestate.
768 4306 826 4388 lte
840 4331 927 4388 curn
945 4302 1074 4387 Moses
1086 4299 1204 4408 dicit,
1228 4316 1582 4408 concumbente,
1599 4305 1929 4404 ruminaret,

483 4416 656 4503 locorum
677 4421 798 4534 ipsum
828 4416 1021 4506 intervalla
1050 4418 1190 4534 loqui,
1231 4447 1348 4506 nemo
1379 4448 1563 4534 umquam
1591 4415 1784 4504 dubitavit
1808 4446 1822 4519 3
1863 4416 1929 4504 sed

482 4564 572 4622 orm
587 4535 662 4621 loci
689 4534 895 4622 discrimina
911 4537 997 4631 dicit
1015 4596 1027 4641 ‚
1046 4566 1152 4623 more
1167 4536 1348 4654 loquendi
1371 4536 1410 4622 in
1424 4536 1531 4622 omui
1545 4562 1719 4621 sermone
1744 4532 1923 4651 frequen

482 4654 640 4759 tissium,
655 4650 788 4741 vitium
804 4676 843 4739 et
857 4652 1038 4740 facultatis
1053 4681 1240 4741 excessum
1258 4653 1522 4771 proculdubio
1539 4648 1772 4772 significare,
1790 4681 1916 4742 omnes

481 4771 549 4887 qui
563 4772 641 4858 sar-ti
665 4797 782 4878 sunt,
801 4770 1053 4861 arbitrantur:
1085 4797 1242 4860 utrum
1275 4771 1404 4889 aliquis
1434 4771 1555 4891 longo
1588 4770 1790 4859 intervallo
1821 4770 1916 4856 alteri

479 4898 670 5008 praestate
688 4891 851 5005 dicitur,
876 4891 1010 4982 nouis
1041 4890 1286 5010 intelligitur,
1308 4917 1354 4979 ut
1382 4892 1503 4989 verba
1525 4889 1736 5007 simpliciter
1771 4913 1928 4995 sonam,

1846 5038 1916 5094 an·
