4140 5872
534 400 581 485 98
733 394 963 488 JOANN.
1005 392 1283 468 GENESII
1322 392 1729 468 SEPULVEDAE

510 519 577 604 tali
598 513 801 624 facultate,
824 545 891 603 aut
921 517 1041 627 nihil,
1076 543 1144 633 aut
1172 512 1373 636 perparum
1400 513 1524 630 differt
1553 548 1586 619 a,
1595 518 1812 621 Christiana
1829 518 1961 635 philo·

513 637 642 751 sophia
657 668 684 719 .’
703 643 805 722 Nam
829 665 989 752 utraque
1030 632 1219 751 disciplina
1251 648 1402 724 morum
1431 638 1667 724 honestatem
1699 647 1815 754 atque
1847 640 1959 751 ituri

511 754 602 838 tiam
644 757 776 843 ordine
806 758 973 842 naturali
989 755 1239 843 conveniente
1270 757 1343 872 legi
1381 783 1554 842 aeternae
1585 755 1763 841 metitur.
1810 760 1956 872 Seque·

512 901 597 956 mur
620 897 745 960 autem
776 904 856 959 non
885 900 929 960 ut
956 874 1190 990 interpretes,
1211 899 1255 961 ut
1282 874 1456 988 pridem,
1482 903 1569 958 cum
1594 873 1760 985 ejusdem
1791 875 1957 988 philoso

511 989 577 1102 phi
592 1019 686 1103 opus
702 991 751 1077 de
766 994 976 1102 Republica
991 1021 1037 1079 ex
1048 997 1199 1087 Graeco
1219 994 1258 1077 in
1274 990 1451 1082 Latinum
1468 1017 1679 1087 sermonem
1695 992 1847 1078 anobis
1863 1020 1956 1078 con·

510 1134 685 1211 versum,
712 1136 751 1196 et
777 1111 920 1196 scholiis
948 1137 1161 1196 enarratum
1185 1112 1235 1197 ad
1261 1110 1439 1195 eumdem
1463 1109 1646 1193 Carolum
1676 1134 1821 1223 partem
1843 1136 1958 1224 tuum

512 1223 701 1328 misimus,
735 1229 800 1313 sed
832 1258 877 1314 ex
917 1225 1112 1318 ,fontibus
1127 1227 1217 1341 eius
1240 1226 1375 1341 iudicio
1409 1251 1448 1313 et
1481 1227 1631 1321 arbitrio
1674 1251 1841 1335 nostro,
1868 1259 1960 1345 qua-

516 1364 625 1425 tenus
657 1343 875 1452 videbitur,
907 1347 1132 1433 haurientes.
1421 1458 1423 1463 ,
1525 1457 1531 1463 ῃ

322 1484 398 1556 vura
419 1484 499 1556 impe·
570 1464 616 1543 11.
679 1463 735 1546 Ut
767 1460 878 1578 igitur
908 1463 1052 1550 initium
1088 1459 1204 1581 paulo
1239 1457 1346 1563 altius
1387 1488 1626 1578 repetamus,
1659 1461 1864 1579 imperandi
1897 1494 1959 1579 pa·

320 1547 393 1600 “¹²³¹
410 1557 487 1596 ‘¹⁰⁰‘
512 1575 695 1690 rendique
717 1579 840 1686 ratio,
867 1610 984 1696 quam
1009 1607 1163 1685 natura,
1188 1583 1292 1695 cujus
1321 1584 1539 1668 moderator
1565 1611 1733 1667 summus
1752 1588 1852 1666 -Daus
1878 1609 1957 1687 est,

514 1691 565 1777 ad
581 1722 728 1791 rerum.
752 1698 909 1785 salutern
942 1701 1087 1803 molita
1105 1725 1163 1787 est
1188 1761 1206 1806 ,.
1243 1725 1322 1787 tam
1345 1700 1429 1790 late
1447 1710 1564 1813 {paret
1588 1700 1632 1786 i‘n
1652 1700 1767 1785 ,omni
1796 1725 1959 1814 generata

513 1823 557 1897 u't
580 1805 670 1898 nihil
694 1843 814 1901 unum
841 1843 1104 1908 etcommune
1129 1848 1176 1904 ex
1203 1817 1377 1931 pluribus,
1394 1818 1529 1923 rebus,
1557 1818 1632 1904 sive
1658 1816 1959 1931 continentibus,

512 1927 591 2014 sive
613 1930 736 2017 dvisis
760 1936 1008 2023 constitutum
1023 1938 1099 2040 sit,
1127 1936 1222 2052 quin
1243 1935 1420 2021 ineosit
1449 1934 1613 2050 aliquid,
1638 1934 1759 2050 quod,
1784 1934 1958 2048 imperet,

513 2045 696 2160 quiddam
727 2052 843 2137 etiam
872 2055 1027 2168 ,quod
1055 2054 1212 2167 imperio
1247 2053 1515 2165 iture'tia‘turae
1547 2063 1704 2165 pareat,
1730 2072 1812 2137 non
1838 2051 1959 2136 soltun

513 2160 824 2255 inanimantibus
858 2216 870 2275 ,
907 2172 976 2257 sedr
1014 2173 1126 2259 eriam
1157 2172 1195 2255 in
1234 2174 1346 2257 rebus
1383 2170 1621 2257 inanimatis.
1644 2170 1850 2266 Quoniam
1877 2169 1959 2254 ubi·

439 2368 443 2372 r
514 2309 591 2395 que
616 2287 731 2399 quod
750 2285 944 2401 perfectius
968 2315 1023 2376 est
1040 2316 1089 2377 et
1107 2288 1256 2399 maioris
1273 2287 1495 2405 dignitatis,
1520 2285 1958 2422 imperiumtenarffli

514 2425 585 2484 nus
615 2432 741 2489 aurem
774 2403 980 2518 perfectum
1002 2408 1158 2524 imperio
1183 2432 1289 2522 paret
1314 2408 1396 2521 loge
1420 2410 1674 2511 'naturaeauit
1696 2406 1809 2491 etiarn
1835 2434 1875 2490 m
1889 2432 1959 2488 re·

513 2513 597 2602 bus
611 2519 916 2634 simplicioribus,
946 2555 1045 2641 quae
1077 2551 1264 2612 vocantur
1288 2523 1509 2628 elementa,
1534 2532 1667 2610 notare
1700 2523 1784 2611 licet
1853 2525 1962 2653 Nam

514 2630 553 2716 in
570 2635 705 2751 igne,
736 2665 775 2724 et
805 2640 898 2726 item
932 2654 1032 2757 aqua
1063 2640 1225 2729 formam
1256 2670 1460 2755 praeesse,
1504 2642 1694 2726 materiam
1726 2639 1962 2771 mesaliae·

415 2813 417 2818 .
513 2769 614 2836 ctam
640 2755 723 2869 lege
750 2786 933 2863 namrae,
965 2788 1011 2846 ex
1039 2788 1087 2845 eo
1108 2758 1214 2846 facile
1247 2759 1495 2875 intelligitur,
1532 2760 1760 2874 quodcum
1788 2784 1961 2842 orntuum

430 2967 434 2976 ¹
513 2873 743 2957 nascentium
765 2900 805 2960 et
827 2876 1091 2964 intereuntium
1115 2908 1239 2964 rerum
1256 2876 1388 2965 eadem
1418 2877 1463 2963 sit
1479 2936 1491 2981 ,
1508 2877 1585 2982 hoc
1608 2900 1684 2980 est,
1711 2874 1877 2986 ejsudem
1899 2901 1963 2989 ge·

513 2988 609 3078 neris
633 2991 817 3097 materia,
844 3006 973 3079 tamen
1000 2997 1039 3080 in
1070 2995 1157 3112 igne
1185 2993 1412 3081 materiaad
1444 2994 1641 3109 imperium
1669 2989 1814 3079 formae
1837 2992 1875 3076 in
1903 3021 1961 3077 su·

514 3101 628 3189 blime
650 3105 802 3214 =fermr,
839 3111 972 3197 eadem
998 3114 1027 3198 si
1059 3142 1181 3229 aquae
1210 3113 1279 3200 vel
1302 3138 1420 3199 terrae
1441 3108 1610 3198 formam
1637 3110 1771 3196 induat
1801 3110 1967 3223 ,ipsam

513 3222 680 3336 sequitur
708 3228 757 3312 ad
784 3225 956 3313 inferiora
987 3232 1189 3318 ducentem
1213 3261 1228 3338 ς
1256 3254 1296 3316 er
1319 3230 1357 3313 in
1379 3230 1507 3314 ceteris
1530 3231 1666 3315 eodem
1698 3230 1838 3314 modo:
1864 3255 1964 3340 quae

512 3341 609 3426 ratio
643 3341 682 3427 in
713 3344 961 3433 animantibus
991 3350 1114 3434 multo
1144 3349 1256 3434 etiam
1281 3346 1440 3461 apertius
1474 3357 1656 3462 apparet,
1688 3346 1726 3432 in
1759 3345 1835 3429 hoc
1869 3372 1963 3430 veto

326 3480 415 3552 *lent
429 3481 500 3553 0¹⁰!-
513 3457 706 3574 utriusque
735 3462 847 3549 etiam
879 3464 1021 3580 imperii
1048 3460 1263 3581 exemplum
1294 3461 1591 3552 animaduertere
1613 3463 1698 3548 licet
1714 3461 1890 3549 ‚Anima
1919 3489 1965 3544 e-

326 3544 379 3650 ll?
397 3554 591 3659 ¹m⁹“¹'nim
616 3576 653 3663 in
676 3607 812 3692 corpus
840 3582 951 3669 herile
965 3583 1203 3698 ..imperium·‚
1231 3594 1274 3668 ut
1298 3583 1453 3669 domina
1475 3577 1516 3666 in
1538 3611 1687 3667 servum
1711 3576 1964 3712 exercetain·

513 3692 708 3798 tellectus,
739 3696 817 3783 sive
846 3700 941 3786 ratio
966 3700 1005 3786 in
1035 3702 1274 3816 appetitum„
1300 3700 1428 3790 civile.
1446 3704 1560 3787 ,Nam
1588 3727 1677 3784 cum
1702 3693 1907 3832 multiplea
1920 3722 1963 3781 stt

516 3805 723 3922 itnp‘erandi
760 3817 857 3903 ratio
887 3877 899 3922 ,
930 3817 1033 3904 aliter
1061 3819 1162 3905 enirn
1191 3843 1297 3932 patet
1331 3818 1488 3931 imperat
1518 3815 1609 3902 liliis
1625 3878 1640 3922 ,
1655 3827 1658 3833 '
1675 3815 1779 3903 aliter
1808 3838 1962 3948 mantus

513 3928 647 4032 uxori,
667 3930 769 4015 aliter
796 3935 1030 4050 magistratus
1060 3937 1231 4039 civibus,
1259 3957 1326 4020 aut
1355 3935 1522 4050 princeps
1554 3932 1824 4049 popularibus,
1854 3929 1961 4017 aliter

513 4039 689 4131 dominus
712 4049 849 4153 servis;
885 4054 1020 4140 cuncti·
1034 4079 1161 4141 tamen
1185 4053 1392 4166 imperandi
1410 4053 1518 4139 modi·
1542 4052 1678 4138 induo
1703 4078 1850 4169 genera
1866 4078 1958 4135 con·

511 4161 741 4270 trahuntur,
766 4167 902 4275 civile,
928 4195 967 4256 et
987 4171 1102 4257 hen'le
1117 4233 1139 4276 ‚,
1153 4199 1252 4286 quae
1275 4170 1412 4284 Graeci
1422 4169 1607 4254 πολιτικὴν
1624 4172 1711 4264 ,aad
1739 4167 1959 4254 amnuit»

373 4301 465 4383 uvae.
517 4274 631 4397 ἀρχὴν
657 4282 866 4397 appellant.
896 4287 1015 4376 Civile
1044 4288 1239 4403 imperium
1265 4285 1478 4404 intelligitur
1499 4348 1511 4392 ,
1529 4287 1637 4400 quod
1663 4287 1702 4372 in
1720 4283 1861 4416 ,libetps
1885 4285 1960 4371 ho·

512 4396 707 4506 mines'ad
732 4401 903 4513 ipsorum·
924 4406 1118 4493 utilitatem
1143 4432 1354 4512 exercetur,
1374 4405 1488 4492 herile
1512 4428 1638 4491 autem
1656 4464 1669 4509 ,
1686 4399 1799 4518 quod
1822 4429 1860 4485 tn
1884 4427 1961 4484 ser·

508 4541 579 4600 vos
618 4517 669 4602 ad
703 4520 1014 4608 commoditatem
1049 4524 1273 4640 imperantis.
1355 4576 1357 4580 J
1914 4631 1964 4652 ..

526 4710 531 4719 .
584 4637 647 4719 111.
693 4723 696 4730 ,
727 4637 871 4724 Eadem
900 4642 1045 4727 rarione
1076 4702 1091 4749 ,
1122 4644 1334 4758 eodemque
1352 4641 1432 4753 iure
1455 4640 1552 4726 inter
1583 4639 1788 4728 animantes
1819 4633 1967 4773 horumt

405 4824 409 4830 .
498 4742 643 4834 aarum
673 4755 994 4871 est-imperium,
1033 4761 1173 4875 quippe
1202 4775 1290 4846 cum
1316 4759 1442 4847 vhomo
1474 4759 1614 4872 probus
1643 4758 1969 4889 infgeneteant-

444 4881 448 4893 '
510 4869 695 4996 maurium
722 4870 766 4965 sit
788 4872 1092 4989 perfectissimus,
1109 4907 1199 4966 uam
1222 4877 1416 4994 improbus
1432 4876 1619 4993 erius'titia
1643 4899 1973 4993 vacansomnruru

519 5003 525 5014 ·
564 5033 576 5042 ·-
1703 5070 1707 5075 ,
1794 5068 1798 5074 .
1861 5004 1965 5106 pes-

364 4478 459 4531 neme.
