4020 5864
717 342 940 415 INDEX.

107 475 248 568 Joannes
281 466 480 553 Alerianus,
506 466 661 539 Ameriae
684 486 803 563 tyran·
851 480 995 571 Joannes
1017 466 1120 538 Vicus
1140 469 1330 542 Viterbium
1354 476 1564 571 occupat.7.'

153 595 228 643 nus.
247 593 304 639 21.
903 568 1138 658 AdJoamrem
1152 570 1447 667 Archiepiscopum
1470 578 1556 672 lega·

103 670 224 766 Joanni
262 667 403 740 Bizaulo
435 691 455 737 a
495 667 691 738 Barnabove
727 665 803 742 belli
901 685 955 738 tos
976 667 1092 738 mittit.
1104 687 1139 751 9.
1160 669 1219 740 Ad
1236 693 1312 741 eum
1328 675 1452 769 legatos
1472 679 1552 745 mit-

152 792 281 840 summa
307 766 524 864 permittitur.
546 771 606 853 65.
904 766 946 837 tit
968 766 1140 863 Aegidius.
1163 793 1218 839 11.
1235 769 1316 857 Ejus
1338 793 1490 868 responsa
1506 773 1552 844 ad

11 886 12 889 ’
99 872 243 962 Joanncs
268 864 452 939 Cancutius
480 866 665 965 praefectus
683 868 801 965 Bugu-
902 867 1100 963 Aegidium.
1122 892 1178 938 11.
1196 867 1424 941 Urbevetanos
1443 895 1550 966 expu-

151 967 212 1036 bii.
236 989 295 1061 23.
899 985 993 1063 goat.
1029 988 1084 1055 15.
1115 965 1168 1039 Ex
1190 968 1258 1057 ejus
1280 971 1425 1042 exercitu
1446 973 1549 1064 quin·
1604 1002 1605 1005 ¹

97 1069 241 1161 Joanncs
277 1071 447 1151 Lazarus,
480 1063 666 1164 Ordelaphi
698 1062 798 1141 fami·
898 1065 991 1163 genti
1024 1071 1153 1160 equites
1180 1067 1225 1138 ad
1255 1067 1435 1167 Aegidium
1461 1071 1546 1143 defi·

146 1164 261 1250 liaris,
287 1166 430 1262 capitur.
457 1184 511 1254 50.
895 1165 1003 1236 ciunt.
1035 1170 1090 1237 16.
1121 1168 1312 1238 Commisso
1348 1169 1473 1263 praelio
1509 1169 1542 1242 in

99 1267 240 1359 Joanncs
258 1263 454 1339 Manfrcdus
466 1314 477 1350 ,
490 1264 663 1336 Fauentiae
679 1279 797 1361 tyran·
895 1262 1012 1362 fugam
1034 1264 1188 1336 vertitur.
1214 1271 1268 1336 16.
1286 1290 1338 1357 17.
1359 1272 1450 1339 Cum
1467 1293 1545 1366 par·

147 1387 222 1436 nus.
247 1370 307 1456 46.
343 1371 383 1435 In
412 1387 494 1461 agro
516 1364 698 1433 Faventino
726 1363 795 1434 acie
896 1363 1544 1464 teexercitusAquampendcntempro·

146 1462 312 1537 instructa
335 1485 401 1535 sere
426 1464 644 1534 ecclesiastico
667 1462 796 1533 exerci·
894 1461 1063 1534 ficiscitur.
1097 1487 1151 1555 17.
1195 1468 1236 1536 In
1278 1465 1393 1536 itinere
1430 1467 1544 1560 multis

147 1562 200 1632 tui
225 1563 381 1661 opponit.
402 1562 462 1651 48.
492 1571 606 1659 Pugna
636 1561 795 1632 vincitur·
894 1563 961 1634 suis
975 1562 1095 1633 amissis
1118 1563 1279 1661 fugatur,
1300 1585 1333 1635 et
1357 1564 1391 1635 in
1414 1562 1540 1638 Urbem

146 1680 208 1752 49.
236 1661 295 1736 Ad
322 1660 501 1736 Alfonsum
527 1661 720 1757 episcopum
743 1663 795 1730 le-
894 1680 1040 1732 veterem
1070 1661 1191 1733 iterum
1222 1685 1286 1734 sese
1323 1665 1449 1760 recipit.
1486 1688 1539 1756 17.

147 1761 320 1858 gationem
347 1761 389 1834 de
414 1783 494 1856 pace
513 1758 628 1831 mittit.
648 1779 708 1852 49.
730 1761 794 1829 Fa·
892 1761 1021 1832 Carolo
1037 1759 1238 1833 Aduadulae
1259 1784 1362 1859 prope
1383 1766 1537 1837 Montem

147 1861 257 1933 ventia
282 1886 361 1934 cum
377 1859 500 1932 familia
515 1861 657 1949 ejectus,
675 1880 792 1956 pacem
891 1857 1093 1932 Faliscorum
1109 1861 1238 1932 insidias
1253 1862 1373 1933 tendit.
1391 1882 1445 1949 19.
1457 1866 1539 1953 Ejus

146 1958 192 2031 ab
212 1962 358 2061 Aegidio
385 1960 555 2057 impetrat.
573 1977 635 2051 49.
663 1980 718 2048 50.
891 1957 1026 2028 insidiae
1046 1983 1115 2030 non
1145 1980 1309 2033 cesserunt
1330 1981 1461 2057 optato.
1483 1982 1539 2049 19.
1652 1984 1656 1990 ’
1764 2000 1767 2023 r

96 2053 240 2148 Joannes
268 2059 431 2134 Matthaei
456 2058 544 2130 filius
569 2106 581 2142 ,
617 2056 794 2151 Archiepi·
891 2056 1027 2153 Aegidii
1055 2077 1195 2131 conatus
1220 2082 1323 2157 prope
1346 2060 1538 2135 Vitcrbium

144 2181 267 2256 scopus
295 2179 329 2229 et
352 2159 504 2253 Princeps
525 2155 793 2227 Mediolanensis.
891 2155 1052 2249 reprimit.
1087 2180 1143 2226 20.
1182 2156 1294 2230 Unam
1326 2183 1368 2231 ex
1407 2159 1537 2232 filiabus

146 2258 181 2324 8.
203 2277 259 2347 59.
278 2255 434 2329 Pontifici
449 2276 547 2350 opem
573 2277 666 2323 suam
693 2252 793 2323 addi·
890 2254 956 2325 suis
975 2253 1147 2325 Anibaldo
1163 2257 1291 2328 Montis
1312 2259 1446 2355 Regalis
1467 2257 1536 2330 fra-

145 2351 205 2423 cit.
228 2373 264 2440 9.
289 2352 470 2451 Aegidium
501 2349 635 2422 duobus
665 2351 794 2448 poculis
860 2347 863 2366 ¹
889 2354 934 2423 tri
952 2374 1031 2423 cum
1048 2352 1128 2423 dote
1144 2355 1337 2453 spopondit.
1356 2379 1414 2426 22.
1430 2362 1538 2456 Lega-

145 2451 307 2551 argenteis
333 2500 345 2535 ,
381 2451 480 2521 tertio
510 2472 611 2522 aureo
637 2450 791 2521 donavit.
889 2470 943 2522 tos
966 2451 1070 2523 mittit
1093 2453 1135 2524 ad
1158 2453 1338 2550 Aegidium
1354 2455 1397 2527 de
1418 2478 1451 2526 se
1475 2458 1535 2529 de-

150 2571 206 2621 ro.
234 2549 382 2648 Aegidio
418 2547 538 2622 auxilia
575 2547 691 2620 mittit.
737 2572 791 2640 17.
890 2549 1016 2622 dendo.
1041 2573 1099 2644 23.
1115 2555 1236 2642 Joanni
1248 2554 1337 2624 Vico
1359 2576 1438 2624 cum
1461 2574 1534 2627 tora

144 2654 286 2722 Patruus
326 2647 528 2721 Barnabovis
561 2665 596 2719 et
631 2649 791 2722 Galeatii.
887 2646 1013 2722 familia
1037 2650 1190 2722 Viterbio
1214 2652 1250 2722 in
1271 2649 1451 2723 duodecim
1473 2679 1535 2725 arr-

149 2768 207 2835 51.
225 2752 284 2819 61.
319 2778 320 2781 ¹
889 2771 951 2821 nos
972 2746 1193 2820 interdicitur.
1217 2773 1274 2843 27.
1299 2753 1441 2822 Cometi
1467 2754 1533 2824 Vi·

93 2845 237 2940 Joannes
259 2845 421 2918 Genesius
434 2845 614 2942 Sepulveda
637 2846 791 2919 alumnus
888 2846 994 2918 carius
1020 2866 1161 2918 creatur.
1179 2849 1237 2920 28.
1261 2847 1416 2920 Pontifex
1442 2856 1535 2932 Cor·

144 2944 275 3044 collegii
303 2945 485 3043 Saguntini.
519 2945 576 3038 83.
612 2946 792 3041 Compluti
888 2964 969 3036 neto
991 2967 1069 3016 eum
1097 2948 1191 3035 jubet
1218 2947 1348 3045 expelli.
1371 2970 1435 3040 45.
1458 2954 1532 3022 De-

143 3067 282 3140 operam
295 3042 388 3115 dedit
395 3043 621 3140 philosophiae
634 3045 791 3120 subXan-
888 3042 1051 3115 ditionem
1071 3042 1177 3117 facere
1204 3066 1310 3144 parat.
1330 3068 1385 3135 5o.

142 3143 218 3216 tho.
237 3145 295 3235 84.
317 3144 431 3215 Caroli
447 3145 493 3214 V.
517 3142 704 3216 historicus.
728 3163 789 3238 97.
837 3143 980 3238 Joaunes
996 3142 1226 3218 Urbevetanus
1243 3146 1309 3216 arci
1324 3146 1453 3218 Montis
1468 3149 1531 3221 Fa-

141 3246 276 3318 Romae
297 3241 493 3328 Pontificis,
521 3243 605 3314 etin
626 3243 790 3340 Hispania
868 3241 1043 3316 'liscorum
1066 3242 1265 3340 praeficitur.
1294 3265 1350 3337 34.

140 3342 246 3440 Regis
266 3341 403 3414 aulicus.
417 3360 477 3433 97.
501 3340 711 3415 Oriundusa
731 3346 789 3413 Se-
837 3341 998 3440 Jordmes
1020 3345 1202 3439 Templum
1227 3346 1258 3413 S.
1274 3343 1443 3414 Laurentii
1469 3366 1530 3420 ex·

141 3439 287 3538 pulveda
309 3439 448 3539 oppido.
477 3461 557 3534 154.
585 3443 665 3530 Qua
687 3442 788 3514 ratio·
884 3459 1026 3539 pugnat.
1063 3445 1118 3511 16.
1160 3446 1308 3515 Romam
1346 3462 1528 3538 properat,

59 3550 62 3553 ’
140 3562 184 3610 ne
213 3538 334 3610 ductus
370 3541 532 3635 scripserit
565 3540 716 3610 libellum
744 3538 786 3612 de
884 3558 925 3612 ut
951 3539 1062 3636 copias
1092 3539 1170 3611 inde
1200 3540 1234 3612 in
1270 3564 1388 3638 agrum
1415 3543 1529 3614 Viter·

139 3636 346 3710 correctione
368 3638 458 3710 anni.
481 3642 558 3710 160.
581 3639 695 3729 Quare
722 3637 786 3710 de·
884 3637 1029 3710 biensem
1075 3638 1231 3710 deducat.
1267 3642 1322 3711 18.
1353 3639 1528 3730 Vitcrbio,

140 3735 447 3812 iendatlllbertum
455 3739 553 3813 Pium
573 3755 690 3810 contra
707 3740 786 3814 Era·
884 3735 1045 3810 Umbriae
1071 3788 1083 3826 ,
1121 3739 1284 3835 Latioque
1327 3739 1529 3839 praeficitur.

139 3859 299 3926 smum.5
333 3861 366 3926 5.
935 3884 945 3907 .
983 3857 1019 3924 9.

88 3859 393 4034 JoannesLufrpus
411 3934 455 4009 de
470 3935 591 4010 Mitina
606 3937 786 4036 collegium
833 3858 993 4034 Jor3rl4an32
1028 3956 1062 4008 et
1104 3936 1172 4027 ejus
1219 3934 1320 4012 frater
1360 3937 1528 4016 Amaldus

139 4035 257 4109 statuit
266 4034 303 4106 in
322 4035 514 4108 suburbano
526 4036 712 4134 Saguntiae.
727 4037 747 4107 8
754 4061 786 4131 7.
885 4037 1033 4109 Sutrium
1061 4059 1138 4107 cum
1167 4061 1241 4108 arce
1263 4039 1405 4111 dedunt.
1423 4064 1479 4133 27.

87 4137 232 4229 Joannes
241 4134 465 4207 Montesdoca
477 4134 702 4234 philosophiae
711 4160 788 4234 pro·
835 4135 1038 4210 Ismeducius
1060 4135 1225 4209 severinas
1239 4136 1385 4237 Aegidio
1411 4162 1443 4211 se
1466 4137 1528 4211 de-

139 4231 240 4305 sessor
253 4235 511 4306 Patavii.81.et
525 4234 713 4326 Pisis.552.
884 4235 946 4308 dit.
973 4258 1029 4332 77.
1097 4312 1099 4316 ,

87 4332 230 4426 Joannes
242 4332 381 4430 Olegius
393 4333 565 4404 Bononiae
589 4332 789 4430 praefectus.
835 4335 950 4409 Italiae
971 4358 1061 4434 pars,
1076 4354 1163 4429 quae
1178 4335 1410 4409 ecclesiasticae
1426 4334 1528 4407 ditio·

143 4448 201 4519 59.
229 4432 419 4504 Bononiam
435 4431 539 4505 tradit
554 4432 712 4530 Aegidio.
728 4439 789 4506 61.
886 4435 936 4507 nis
963 4454 1045 4507 erat.
1071 4484 1082 4519 ,
1115 4434 1316 4532 opprimitur
1334 4462 1351 4507 a
1370 4436 1528 4533 tyrannis.

90 4524 114 4564 ⁴*
131 4541 217 4602 Hunc
243 4552 329 4603 rorat
352 4533 514 4624 Joannem
538 4533 720 4630 Aulegium
739 4536 788 4606 Si·
887 4559 921 4628 7.
948 4536 1041 4607 ltalia
1066 4555 1191 4631 pacata.
1208 4561 1266 4630 74.
1282 4556 1340 4629 75.
1367 4539 1528 4608 Italorum

130 4633 236 4721 goarius
252 4631 304 4701 lib.
317 4642 361 4699 lll
371 4632 664 4727 deEpiscopisBraran.
888 4637 960 4708 laus
979 4636 1013 4706 in
1039 4635 1129 4705 bellis
1144 4637 1305 4733 gerendis.
1323 4659 1399 4729 77ο.

86 4728 253 4822 Ioannes,
279 4729 458 4830 Rodulplri
481 4730 700 4808 Camerinatis
719 4729 788 4809 fra·
835 4733 991 4826 Judicare
1014 4735 1074 4830 qui
1095 4733 1264 4807 dicuntur.
1287 4758 1365 4805 ror.

136 4844 199 4901 ter.
226 4848 285 4925 77.
474 4875 477 4881 -
836 4833 948 4929 Iudex
984 4837 1198 4912 occultorum
1233 4833 1410 4909 criminum
1445 4832 1535 4906 solus

812 4941 814 4944 ⁴
1088 4936 1232 5035 Gggge
1417 4934 1512 5009 Deus
