4034 5858
492 352 560 448 34⁶
918 345 1169 416 11010111
1194 346 1292 418 nno
1318 345 1466 420 1111110

477 474 639 595 pericula
655 477 766 562 etiam
784 499 820 560 et
843 472 1026 605 peccandi
1047 473 1259 559 occasiones
1285 473 1500 560 Christianis
1514 470 1716 591 legibus'
1680 498 1802 562 uitare
1835 473 1943 587 iube·

480 626 593 700 mut,
613 626 691 680 non
709 622 939 681 tamencum
956 622 1073 705 matus
1097 593 1256 679 alterum
1284 593 1481 680 malum
1447 617 1563 681 vrtate
1589 591 1727 679 codem
1759 621 1940 709 tempore

482 715 673 800 necessitas
701 717 952 819 adhortatur,
975 736 1041 796 aut
1057 713 1084 796 11
1110 714 1285 798 aliorsum
1303 738 1416 800 vocet
1440 714 1587 848 publica
1617 737 1655 798 et
1676 743 1819 831 magna
1838 743 1942 799 corn-

487 834 670 918 moditas.
700 841 802 918 Nam
823 834 906 920 licet
933 862 1048 917 nemo
1077 832 1191 944 possit
1210 831 1248 915 in
1271 864 1332 918 eas
1357 834 1544 948 angustias
1560 832 1766 947 compelli,
1794 857 1841 917 ut
1858 860 1939 947 pec·

376 1018 380 1020 -
486 980 570 1036 care
586 952 630 1036 sit
654 954 703 1036 illi
719 983 894 1058 necesse,
915 951 942 1035 si
959 978 1087 1036 tamen
1104 950 1185 1040 duo
1201 978 1400 1067 praecepta
1422 951 1530 1037 simul
1546 976 1736 1067 urgeant,
1769 980 1868 1089 quae
1897 952 1941 1036 si-

488 1069 590 1154 mul
582 1070 787 1186 adimpleri
816 1094 1041 1186 nequeunt,
1071 1074 1139 1183 qui
1164 1071 1324 1189 graviori
1348 1094 1482 1185 paret,
1504 1071 1624 1156 altero
1650 1073 1934 1184 praetermisso,

489 1218 569 1274 non
599 1215 764 1303 peccat,
804 1216 847 1275 ut
880 1189 1024 1276 concilii
1052 1189 1229 1274 Toletani
1266 1190 1418 1275 decreto
1443 1215 1483 1274 et
1516 1189 1691 1306 Gregorii
1723 1188 1938 1275 testimonio

491 1307 673 1394 docemur
706 1310 790 1396 dist.
819 1341 883 1418 13.
913 1338 947 1393 c.
972 1312 1042 1391 dua
1072 1316 1201 1413 mal,a
1225 1333 1324 1394 etc
1360 1317 1501 1414 nervi,
1532 1333 1571 1393 et
1599 1306 1782 1392 Gersonis
1818 1308 1942 1442 regula

491 1428 641 1532 morali,
674 1454 712 1513 et
730 1427 932 1514 Aristotelis
957 1427 1127 1515 doctrina
1150 1429 1280 1511 Ethic.
1299 1431 1360 1511 ΙΙΙ.
1388 1455 1488 1542 quae
1513 1426 1609 1512 tatio
1628 1425 1788 1511 inbellis
1807 1425 1943 1542 potissi·

492 1575 599 1629 mum
615 1571 670 1630 est
696 1547 888 1651 ineunda,
913 1573 955 1632 ut
972 1548 1085 1633 docet
1116 1546 1214 1632 idem
1241 1547 1407 1658 Joannes
1433 1550 1585 1631 Gerson
1614 1571 1748 1634 auctor
1780 1546 1944 1661 gravissi·

495 1693 578 1748 mus
598 1663 768 1751 ibidem:
801 1667 849 1750 sic
880 1666 981 1750 enim
1007 1664 1145 1749 disserit
1168 1693 1200 1748 c.
1230 1669 1276 1747 de
1295 1671 1490 1749 avaritia:
1527 1664 1570 1750 ln
1587 1666 1692 1746 bellis
1710 1662 1946 1770 faciendis,

492 1807 586 1889 quae
615 1791 724 1867 malis
752 1792 955 1867 innumeris
976 1791 1089 1893 plana
1102 1798 1231 1888 sunt,
1263 1809 1357 1867 nunc
1386 1786 1439 1865 ad
1460 1790 1554 1868 istos
1582 1791 1831 1888 innocentes,
1858 1809 1945 1865 nunc

493 1907 547 1984 ad
559 1909 641 1986 illas
666 1962 679 2005 ,
703 1910 782 1987 sala
809 1912 955 1986 utilitas
979 1902 1205 2010 reipublicae
1221 1928 1282 1984 aas
1307 1917 1506 1986 excusata
1535 1908 1713 2004 mortali,
1731 1917 1799 1984 aut
1823 1909 1948 1985 evita·

496 2029 549 2104 lio
573 2025 698 2103 damni
732 2024 878 2130 publici
918 2022 1129 2104 notabiliter
1164 2024 1350 2130 pejoris,
1378 2029 1565 2128 quamsit
1598 2026 1767 2104 damnum
1804 2029 1944 2130 priva-

495 2152 572 2219 turn
590 2166 639 2220 en
662 2141 735 2221 bell
706 2145 752 2223 lla
770 2149 1018 2248 proveniens.

556 2259 682 2340 XXV
744 2263 803 2343 Ex
819 2258 917 2342 hoc
909 2257 1020 2373 igitur
1037 2249 1237 2373 praecepto
1262 2289 1290 2343 11
1279 2258 1412 2343 111’111
1429 2282 1467 2343 11
1491 2259 1622 2361 bona,
1652 2286 1751 2372 quae
1766 2256 1845 2341 hoc
1861 2256 1950 2342 bel-

495 2372 574 2457 lum
599 2375 795 2460 barbatis
787 2398 994 2490 importat,
1019 2376 1070 2460 ad
1095 2375 1257 2461 calculos
1279 2405 1538 2479 revocemus,
1568 2376 1675 2472 haud
1709 2375 1825 2461 dubie
1854 2375 1949 2458 mala

495 2491 687 2577 bonorum
705 2494 940 2579 multitudine
965 2519 1004 2578 et
1034 2495 1217 2608 gravitate
1233 2522 1382 2608 prorsus
1398 2436 1629 2580 obtuahtur
1665 2498 1824 2578 Summa
1853 2494 1948 2578 enirn

497 2611 684 2696 malorum
701 2638 755 2698 est
773 2674 785 2717 ,
810 2613 919 2746 quod
936 2612 1120 2726 Principes
1137 2636 1281 2696 mutate
1297 2639 1518 2729 eoguntur,
1541 2640 1610 2697 nec
1626 2641 1690 2696 eos
1710 2641 1870 2715 omnes,
1888 2611 1950 2696 sed

497 2759 595 2842 quos
611 2756 785 2844 oportere
804 2731 924 2816 visum
940 2754 1015 2832 est,
1042 2754 1081 2815 11
1102 2730 1212 2816 bonis
1232 2730 1427 2814 mobilibus
1451 2758 1588 2864 magna
1603 2758 1650 2816 111
1675 2755 1787 2844 parte
1805 2729 1949 2845 privan-

497 2871 584 2954 tur,
606 2877 699 2933 auro
715 2849 846 2934 scilicet
859 2874 898 2934 11
913 2875 1095 2984 argento,
1125 2875 1224 2982 quae
1241 2847 1388 2933 metalla
1404 2850 1539 2983 apud
1531 2879 1629 2963 ipsos
1646 2849 1685 2933 in
1726 2878 1843 2963 parvo
1861 2877 1951 2961 pre-

497 2965 552 3050 tio
568 2991 701 3071 etant,
731 2969 870 3083 quippe
883 2967 949 3101 qui
967 2995 1035 3050 nec
1055 2967 1173 3055 aureis
1190 2994 1260 3049 nec
1275 2967 1459 3083 argenteis
1476 2966 1639 3052 nummis
1655 2970 1952 3052 utebanturet
1876 2989 1952 3070 ‚et

499 3113 570 3196 pro
595 3084 650 3168 his
666 3085 714 3169 ab
739 3086 914 3200 Hispanis
942 3081 1026 3169 ferri
1053 3084 1278 3188 metallum,
1305 3085 1414 3200 quod
1440 3085 1491 3170 ad
1520 3085 1618 3172 vitae
1652 3084 1839 3199 plurimos
1866 3115 1952 3170 usus

500 3200 615 3317 longe
631 3204 866 3290 commodius
882 3231 937 3289 est
953 3202 1191 3315 ,accipiunt3
1220 3226 1410 3316 praetcrea
1435 3203 1625 3307 triticum,
1653 3202 1876 3307 hordeum,
1895 3203 1949 3286 le-

501 3322 684 3435 gumina,
702 3318 960 3439 frugiferarum
992 3323 1169 3406 arborum
1198 3345 1237 3404 et
1270 3321 1442 3406 oleorum
1472 3321 1591 3407 multa
1619 3350 1794 3438 genera,
1824 3352 1952 3436 equos,

502 3439 649 3544 mulas,
678 3441 827 3546 asinos,
857 3471 977 3543 oves,
1008 3440 1153 3545 boves,
1185 3454 1343 3552 capras,
1359 3465 1398 3525 et
1422 3439 1492 3524 aha
1509 3439 1627 3525 multa
1659 3440 1827 3525 barbaris
1842 3470 1956 3523 num-

501 3586 618 3670 quam
634 3558 737 3664 visa,
767 3587 864 3675 quae
895 3560 982 3645 hinc
1007 3557 1116 3645 allata
1142 3502 1344 3643 lehcissime
1376 3559 1607 3673 proveniunt
1635 3558 1674 3642 in
1708 3556 1782 3642 illis
1800 3558 1954 3676 regioni·

501 3673 594 3761 bus.
628 3683 804 3772 Quarum
828 3705 951 3763 rerum
972 3678 1200 3793 singularum
1216 3679 1488 3764 commoditate
1502 3677 1661 3781 utilitas,
1693 3704 1814 3791 quam
1830 3678 1956 3761 barba·

501 3793 592 3880 11111
609 3825 702 3881 auro
718 3823 756 3882 et
771 3822 929 3911 argento
945 3796 1199 3909 accipiebant,
1230 3794 1346 3911 longe
1363 3821 1571 3911 superatur.
1601 3793 1717 3881 Adde
1732 3824 1836 3880 nunc
1862 3795 1954 3880 litte·

501 3938 559 3997 ras
572 3942 768 4029 ,quarum
801 3916 946 4002 barbari
980 3911 1149 4000 funditus
1175 3937 1282 3999 etant
1307 3941 1502 4028 expertes,
1533 3913 1681 4031 legendi
1709 3938 1749 4000 et
1774 3913 1957 4000 scribendi

502 4059 651 4144 prorsus
667 4033 804 4169 ignari:
824 4033 920 4120 adde
935 4035 1206 4119 humanitatem
1216 4032 1407 4146 ,optimas
1420 4034 1520 4151 leges
1536 4059 1575 4118 et
1592 4033 1779 4138 hastituta,
1795 4055 1832 4116 et
1851 4060 1955 4147 quae

499 4148 639 4233 1011’
603 4152 717 4237 vmcit
742 4167 875 4239 om'nes
903 4153 1074 4239 omnium
1116 4178 1323 4237 ceterarum
1363 4181 1488 4237 rerum
1519 4152 1848 4255 commoditates,
1876 4151 1953 4238 veri

496 4267 567 4349 De
537 4271 869 4385 rcognitionem,
885 4296 924 4356 et
952 4272 1168 4388 religionem
1186 4269 1463 4357 Christianam.
1491 4271 1627 4387 quibus
1650 4271 1760 4357 rebus
1789 4269 1947 4387 cognitis

495 4406 536 4467 et
551 4386 812 4475 animadversis
829 4453 841 4496 ,
869 4419 935 4504 qur
924 4392 1048 4475 hanc
1064 4389 1339 4504 expeditionem
1355 4389 1533 4505 impedire
1549 4414 1763 4494 conantur,
1795 4418 1848 4473 ne
1867 4390 1950 4472 bar-

496 4499 575 4587 bari
595 4506 747 4592 veniant
771 4509 810 4592 in
835 4510 1133 4596 Christianorum
1157 4508 1365 4612 ditionem,
1396 4508 1466 4594 hos
1482 4538 1558 4627 ego
1582 4538 1662 4594 non
1688 4451 1858 4592 barbaris
1887 4508 1950 4592 hu·

428 4725 429 4728 p
494 4650 606 4708 mane
623 4620 774 4730 favere,
807 4651 850 4712 ut
869 4627 935 4740 ipsi
960 4629 1078 4718 videti
1101 4627 1264 4730 volunt,
1291 4627 1357 4714 sed
1387 4628 1525 4716 eisdem
1548 4626 1711 4764 plurima
1728 4652 1767 4713 11
1785 4625 1951 4711 maxima

493 4740 595 4827 bona
611 4688 805 4831 crudelitltr
820 4745 984 4832 invidere
1001 4746 1255 4832 contendam.
1286 4749 1398 4882 Quae
1413 4746 1557 4833 bona'
1548 4777 1686 4864 ignava
1707 4770 1745 4832 et
1763 4746 1950 4861 importu-

489 4885 539 4946 na
560 4863 727 4978 ipsorum
752 4865 933 4953 sententia
950 4865 1011 4955 vel
1032 4865 1214 4955 tolluntur
1230 4866 1413 4984 omnino,
1439 4865 1499 4956 vel
1524 4866 1727 4984 plurimum
1749 4869 1947 4957 retardan-

1868 5012 1946 5089 1111,
