4192 5880
537 378 581 450 ⁶8
916 382 1133 470 aarum
1172 380 1518 469 obstatura

306 517 489 630 ‘ssffiffi‘nqgg
569 507 691 597 XXII.
752 500 822 598 Per
843 514 881 602 id
898 532 1045 633 tempus
1073 523 1121 625 de
1139 518 1325 606 Pontificis
1342 513 1454 605 obitu
1465 513 1616 605 nuntius
1647 509 1823 610 affertur:
1841 524 1974 612 simul-

313 637 430 689 ΝΛΜ·
505 654 586 741 que
612 630 817 716 multorum
837 635 1045 722 amicorum
1072 640 1215 727 litterae
1247 640 1420 724 redditae
1429 662 1536 743 sunt,
1554 638 1753 754 Aegidlum
1781 644 1830 730 ad
1850 647 1968 731 comi-

501 746 561 830 ¹tia
585 749 812 833 Porrtilicalia
842 762 1124 843 revocantium.
1158 763 1285 843 Tanta
1308 757 1412 841 enim
1432 781 1513 840 erat
1531 756 1677 873 Aegidii
1705 761 1807 872 apud
1832 793 1968 851 omnes

506 888 729 982 cunctarum
752 868 933 956 virtutum
958 877 1115 988 opinio,
1131 903 1176 962 ut
1196 876 1378 992 plerisque
1395 875 1569 959 omnibus
1587 876 1705 961 visum
1719 874 1840 965 'luerit
1861 881 1965 971 haud

504 982 736 1094 dubitabile,
754 1016 842 1071 eum
859 990 915 1095 ,si
952 995 1154 1080 Avenione
1181 994 1346 1099 adesset,
1371 989 1453 1078 fote
1482 993 1773 1079 candidatorum
1804 1000 1967 1095 maxime·

506 1104 737 1217 gratiosum.
769 1109 920 1200 Quibus
934 1110 1009 1227 ipse
1027 1114 1065 1197 in
1081 1115 1182 1198 hunc
1198 1113 1356 1199 maxime
1378 1109 1538 1197 modum
1554 1112 1767 1226 respondit:
1789 1175 1816 1220 „
1830 1121 1885 1201 Se
1895 1149 1959 1207 ve*

509 1250 593 1325 „ro
616 1222 766 1311 illorum
783 1226 1070 1317 benevolentiae
1095 1233 1265 1350 ingentes
1286 1230 1419 1348 gratias
1433 1231 1590 1315 habere.
1623 1233 1801 1316 Oetctum
1824 1235 1852 1319 si
1867 1262 1962 1326 tunc

507 1361 536 1445 ,‘,
548 1345 751 1455 temporis,
773 1343 896 1431 relicta
927 1350 1056 1456 ltalia,
1076 1351 1314 1436 Avenionem
1338 1348 1390 1433 ite
1424 1374 1580 1464 pergat,
1613 1347 1790 1465 pleraque
1817 1356 1960 1468 oppida

506 1481 533 1562 3,
546 1459 679 1545 scelere
706 1488 745 1550 et
789 1461 1033 1553 inconstantia
1069 1492 1320 1582 tyrannorum
1352 1494 1534 1582 magnum
1567 1465 1764 1582 discrimen
1792 1469 1953 1561 aditutat

506 1610 533 1680 ,·,
548 1579 666 1692 Atqui
697 1609 776 1667 non
791 1608 867 1667 esse
889 1585 984 1671 tanti
1008 1616 1046 1671 se
1062 1585 1287 1673 Pontificatu
1303 1584 1489 1689 maximo,
1505 1583 1572 1698 qui
1584 1583 1712 1668 melius
1726 1581 1880 1675 fortasse
1900 1592 1956 1703 ju'·

505 1725 534 1799 5,
547 1695 709 1813 stiusque
733 1701 781 1786 ad
799 1700 913 1786 alium
936 1700 1163 1812 deferretur,
1180 1705 1306 1822 augeri
1325 1765 1337 1810 ,
1353 1725 1397 1788 ut
1411 1729 1510 1817 quae
1527 1702 1646 1818 longo
1676 1725 1847 1816 tempore
1861 1711 1956 1795 mul·

505 1836 664 1930 „toque
692 1842 731 1903 et
759 1817 887 1905 labore
911 1845 950 1906 et
966 1823 1144 1940 sanguine
1168 1849 1301 1938 parta,
1318 1850 1383 1906 sua
1412 1818 1644 1932 potissimum
1665 1823 1868 1933 praesentia
1894 1857 1961 1916 re·

504 1986 532 2034 ‚,
545 1931 776 2044 tinerentur,
796 1936 1022 2026 discedendo
1043 1941 1211 2026 hostibus
1234 1939 1380 2025 tradere
1406 1936 1619 2044 videretur,
1639 1936 1706 2051 qui
1740 1937 1955 2050 hujusmodi

504 2052 798 2159 „occasionibus
829 2055 1098 2164 imminerent,
1127 2060 1260 2156 darent
1288 2055 1407 2142 modo
1434 2055 1500 2169 ipsi
1527 2084 1708 2169 operam,
1725 2080 1774 2141 -ut
1803 2087 1956 2150 summo

503 2167 627 2274 ‚3viro
650 2195 690 2255 et
706 2173 875 2258 omnium
905 2177 1062 2263 maxime
1100 2178 1218 2295 digno
1242 2186 1388 2262 summa
1404 2172 1568 2289 dignitas
1578 2173 1784 2259 deferretur
1799 2207 1807 2261 :
1822 2182 1864 2263 se
1888 2190 1958 2267 ec&

503 2299 531 2387 ,ς
546 2285 762 2376 clesiasticae
793 2293 1013 2406 reipublicae
1039 2314 1148 2380 suum
1174 2292 1340 2381 officium
1369 2290 1682 2406 praestiturumr‘l
1707 2291 1862 2381 Delatus
1879 2297 1956 2407 ita-.

455 2442 458 2449 ¹
501 2430 580 2515 quc
595 2401 665 2492 fuit
680 2409 922 2498 Pontificatus
939 2413 1144 2499 Guilielmo
1158 2415 1376 2527 Chrysauro
1389 2471 1401 2515 ,
1416 2409 1508 2523 qui,
1525 2434 1673 2495 mutato
1699 2408 1747 2494 tle
1757 2441 1869 2499 more
1885 2449 1956 2504 vo·¹

306 2525 487 2659 purcman·
501 2523 666 2630 cabulo,
685 2528 861 2612 Urbanus
884 2555 940 2615 est
957 2529 1075 2616 dictus
1093 2593 1105 2638 ,
1121 2532 1229 2645 hujus
1245 2528 1403 2616 nominis
1422 2527 1601 2642 quintus,
1622 2529 1681 2615 vir·
1697 2556 1864 2617 summae
1881 2535 1955 2622 vir-³

326 2621 387 2661 '¹²¹¹‘
405 2613 436 2662 ν’
503 2641 649 2749 tutiset
666 2642 902 2761 integritatis.
936 2649 1016 2741 Qui
1046 2674 1200 2763 accepto
1228 2647 1382 2763 imperio
1402 2645 1525 2730 statim
1557 2645 1607 2730 ad
1625 2645 1825 2761 Aegidium
1857 2649 1957 2740 litte-²

500 2773 559 2842 ras
575 2759 686 2846 mittit
702 2761 819 2849 laudis
835 2789 873 2849 et
889 2763 1157 2852 adhortationis
1191 2767 1346 2882 plenas,
1364 2792 1408 2848 ac
1430 2761 1553 2847 multis
1570 2762 1691 2849 verbis
1719 2792 1790 2849 suo
1821 2789 1860 2851 et
1891 2797 1957 2856 ec··

499 2875 629 2962 clesiae
644 2881 797 2982 nomine
814 2883 947 2999 gratias
972 2914 1112 3001 agens,
1134 2885 1234 2998 jubet
1257 2913 1294 2970 se
1321 2896 1531 2996 exspectare
1548 2941 1560 2983 ,
1579 2881 1790 2996 cupientem
1812 2904 1959 2996 param?

500 3017 656 3110 temque
672 2998 835 3105 ltaliam,
853 3002 960 3116 quod
978 3002 1049 3115 jam
1066 3003 1175 3117 ipsius
1189 2999 1370 3089 beneficio
1388 2996 1628 3084 Pontificibus
1643 2997 1797 3108 liceret,
1820 3001 1959 3091 invise-⁸

501 3137 569 3215 te,
586 3137 625 3197 et
643 3118 806 3217 Romam
834 3119 960 3204 sedem
977 3122 1170 3235 antiquam
1195 3144 1384 3236 repetere.
1423 3117 1518 3210 Quo
1535 3116 1651 3231 magis
1680 3114 1818 3220 miror,
1836 3147 1950 3233 quos·

501 3227 591 3312 dam
618 3235 819 3335 memoriae
834 3236 1046 3341 tradidisse,
1064 3239 1112 3322 ab
1134 3239 1208 3323 hoc
1224 3231 1617 3348 PontificeAegidium
1643 3233 1680 3316 in
1699 3232 1840 3320 ltaliam
1862 3233 1958 3324 fuis·

416 3389 421 3396 ·
501 3374 541 3430 se
567 3347 717 3436 'missum
737 3384 746 3436 ε
765 3382 888 3468 neque
905 3354 942 3439 in
971 3356 1046 3441 hoc
1070 3356 1191 3441 solum
1206 3417 1218 3461 ,
1235 3357 1300 3440 sed
1324 3380 1363 3439 ct
1386 3352 1424 3436 in
1440 3350 1665 3466 quibusdam
1688 3350 1788 3458 aliis,
1814 3371 1958 3466 parum

499 3461 558 3548 his
572 3453 754 3554 rdtionem
778 3471 925 3557 illorum
941 3496 1155 3587 temporum
1180 3472 1288 3558 fuisse
1318 3470 1573 3583 exploratam,
1603 3468 1817 3555 indubitato
1848 3477 1959 3560 testi·v

394 3624 397 3635 ·
500 3583 633 3671 monio
659 3588 971 3702 deprehendimus
989 3592 1157 3706 ,quippe
1181 3590 1308 3676 multis
1339 3587 1534 3670 Brevitas
1561 3584 1686 3671 litteris
1711 3616 1735 3672 a
1765 3589 1950 3678 Pontifici·

498 3697 630 3790 busad
645 3705 740 3823 Aegi
768 3706 845 3790 ium
860 3704 1107 3824 missis,·quas
1122 3710 1188 3824 ipsi
1206 3706 1440 3825 perlegimus.
1468 3702 1543 3788 Sed
1559 3703 1724 3789 narratio
1739 3706 1868 3794 redeat
1882 3738 1958 3819 e0,

389 3872 391 3876 ψ
444 3847 446 3851 ’
487 3817 601 3903 unde
628 3823 777 3938 digressi
801 3854 941 3931 sumus.
1128 3856 1130 3866 ·
1360 3850 1364 3877 ⁵
1429 3901 1430 3905 r
1529 3869 1568 3878 ·⁴

292 3964 296 3975 ·
355 3939 497 4019 nmina·
542 3939 710 4040 xxm„
755 3939 898 4028 lntctea
915 3944 1106 4031 Barnabos
1121 3942 1343 4032 Vicecomes
1367 3966 1560 4058 acceptam
1594 3956 1716 4058 'nuper
1741 3945 1791 4031 ad
1817 3949 1959 4034 bono·-

301 4028 403 4142 ldlffi
443 4028 482 4076 ‘⁰'
497 4051 599 4138 niam
624 4057 769 4143 cladem
798 4063 1006 4178 aegerrimo
1037 4061 1158 4150 ferens
1181 4064 1334 4168 anim0,
1366 4089 1406 4149 et
1426 4087 1556 4148 'tantae
1583 4061 1680 4146 urbis
1713 4060 1948 4174 recipiendae

495 4170 679 4260 desiderio
703 4173 919 4294 flagrantior
934 4176 1263 4286 effectus,bellum
1292 4180 1399 4265 omni
1425 4209 1499 4294 ope
1527 4205 1697 4293 reparare
1725 4177 1942 4266 nuntiatur.

498 4287 629 4381 Quare
646 4296 1013 4410 Aegidius''Francisci
1029 4298 1190 4383 Estensis
1225 4297 1421 4383 amicitiam
1440 4321 1507 4403 ,et
1532 4295 1786 4412 quarumdam
1815 4296 1946 4399 civita-

498 4429 579 4517 tum
599 4411 814 4498 societatem
845 4436 1056 4529 occupare,
1076 4415 1115 4498 in
1138 4445 1217 4500 rem
1245 4412 1327 4500 fore
1354 4427 1544 4519 statuens,
1560 4417 1672 4526 Lupo
1690 4413 1749 4520 de
1773 4419 1882 4499 Luna
1906 4444 1963 4499 a·<

490 4528 663 4614 runculo
689 4531 789 4615 hanc
804 4532 1035 4645 provinciam
1061 4531 1272 4649 delegavit.
1301 4530 1421 4645 Cujus
1436 4530 1614 4616 industria
1631 4545 1827 4646 operaque
1853 4530 1946 4619 effe⁴

493 4669 596 4731 crtun
622 4672 678 4732 est
693 4710 705 4753 ,
723 4671 766 4733 ut
788 4676 878 4732 cum
895 4649 970 4733 hoc
997 4649 1159 4766 principe
1174 4652 1258 4738 vito
1272 4710 1284 4756 ,
1299 4673 1340 4736 et
1367 4659 1456 4733 cum
1474 4649 1688 4755 Patavinis,
1718 4648 1962 4735 Veronensi-²

372 4838 380 4847 „
489 4765 561 4850 bus
575 4765 832 4872 ,*2llorentinis
860 4826 872 4871 ,
897 4764 1069 4851 amicitia.
1086 4794 1124 4853 et
1152 4768 1308 4852 wsocietas
1334 4766 1520 4872 iniretur,
1542 4767 1728 4851 solicitato
1751 4768 1945 4855 Francisco

490 4883 637 4966 E-srensi
662 4884 718 4971 eo'
730 4883 925 5003 praemio,
941 4910 985 4970 ut
1015 4880 1055 4968 in
1071 4882 1294 4971 dmmnium
1310 4883 1556 4971 Nonantulae
1576 4909 1619 4969 et
1648 4887 1835 4992 Bozano,
1862 4886 1946 5004 agri
