4140 5872
310 418 384 488 ιιι(
415 417 617 493 naono
645 415 718 489 ετ
749 410 1571 512 nEo1sorrtctotan.1tr.139

150 545 204 637 ad
219 577 316 664 quos
332 577 381 634 ne
407 547 485 633 otia
511 542 753 659 rejiciuntur,
770 542 906 656 culpa:
924 569 1092 657 quorum
1117 543 1331 658 quosdam
1321 575 1395 657 tam
1412 542 1597 653 vidimus,

149 670 199 754 ad
215 699 328 784 quos
326 579 511 753 dlicilior
529 727 541 771 ,
557 691 676 797 quant
703 659 786 746 ((1
774 691 898 774 tpsum
914 689 1042 777 regem
1058 659 1179 747 aditus
1196 689 1302 749 etat.
1330 665 1453 763 Quod
1470 693 1518 749 ne
1533 693 1594 749 ac·

145 786 312 892 cidat,
301 786 386 899 justi
411 815 456 872 ac
486 780 678 915 prudentis
709 780 805 896 tegis
831 805 887 864 est
915 779 1110 915 diligenter
1127 783 1356 893 providere,
1385 812 1434 867 ne
1451 784 1593 870 alienae

144 905 340 1020 superbiae
365 904 429 992 vel
451 897 700 1039 negligentiae
725 897 821 984 ratio
844 897 929 984 ab
920 929 1002 1013 rpso
1026 925 1242 1012 reposcatur
1268 900 1429 988 severius
1444 932 1467 984 a
1484 908 1593 1010 De0,

144 1023 196 1108 ab
224 1010 441 1111 hominibus
471 1023 585 1108 tacito
618 1017 780 1132 judicio.
815 1019 879 1103 Ad
910 1047 1097 1102 summam
1127 1018 1275 1136 regibus
1308 1044 1363 1105 est
1388 1019 1501 1104 etiam
1534 1047 1586 1107 (ι
1603 1085 1665 1120 ς,
1603 1009 1758 1121 *11111*

144 1171 223 1257 que
242 1143 357 1229 etiam
386 1144 625 1242 cavendum,
652 1166 700 1221 ne
728 1164 869 1240 avare,
894 1163 992 1222 neve
1015 1137 1174 1250 superbe
1206 1163 1272 1222 aut
1296 1137 1530 1223 crudeliter
1519 1171 1588 1225 rm·
1604 1131 1713 1191 ‘⁸¹b¹¹⁸·
1825 1251 1826 1259 .

142 1289 283 1396 perare
297 1259 522 1348 videantur.
560 1264 621 1342 Ex
648 1254 714 1340 his
728 1253 830 1343 enirn
853 1196 965 1339 iebus
993 1254 1126 1340 odium
1153 1279 1191 1340 et
1218 1256 1333 1366 timor
1348 1258 1590 1371 populatbus

142 1376 347 1465 innascitur
364 1441 376 1485 ,
401 1380 535 1496 quibus
551 1374 656 1463 malis
671 1372 762 1458 nihil
778 1397 834 1457 est
857 1372 1009 1457 alienius
1025 1372 1076 1458 ad
1104 1402 1197 1487 opes
1226 1370 1464 1491 regnumque
1480 1401 1590 1463 tuen-

144 1496 265 1582 dum.
293 1503 397 1583 Nam
414 1525 457 1584 ut
473 1496 618 1583 Ennius
648 1492 836 1637 praeclare
864 1491 1023 1576 cecinit:
1055 1493 1178 1599 ,Quem
1205 1511 1397 1598 metuunt,
1414 1499 1592 1581 oderunt:

143 1625 418 1723 quemquamne
447 1622 559 1753 odit,
579 1620 747 1724 periisse
772 1617 941 1719 expetit.
970 1614 1166 1695 Praeterea
1182 1612 1318 1726 quibus
1348 1641 1412 1697 rex
1437 1637 1592 1727 propter

144 1734 336 1822 saevitiam
353 1760 410 1821 est
434 1735 591 1834 timori,
615 1734 687 1818 hos
711 1753 755 1814 ut
780 1728 858 1862 ipse
889 1726 1048 1833 timeat,
1066 1756 1213 1815 necesse
1228 1757 1312 1817 est:
1340 1731 1406 1847 qui
1436 1758 1592 1818 mutuus

143 1849 260 1937 timor
284 1851 396 1968 origo
412 1794 637 1965 plerumque
658 1872 713 1933 est
729 1845 976 1932 maximarum
1003 1845 1042 1929 in
1062 1849 1251 1962 republica
1276 1847 1544 1934 calamitatum.
1615 1898 1616 1901 ι

203 1973 272 2054 IV.
332 1974 511 2056 Ceterum
526 1998 638 2058 avare
651 1995 715 2051 rex
728 1964 932 2079 imperate,
947 1994 1029 2049 non
1045 1962 1132 2051 ideo
1149 1967 1346 2073 dicitur,
1320 1999 1348 2052 ιι
1363 1968 1509 2052 bonum
1525 1997 1591 2080 pu·

142 2084 283 2172 blicum
299 2113 467 2202 spectam
492 2088 630 2174 tributa
645 2085 768 2201 exigat
785 2143 799 2189 ‚
823 2111 924 2198 quae
939 2107 1023 2169 tum
1045 2084 1094 2170 ad
1110 2085 1297 2199 publicam
1314 2085 1534 2202 dignitatem
1549 2109 1590 2172 et

142 2202 339 2318 imperium
353 2208 562 2312 tuendum,
577 2230 643 2290 aut
658 2203 770 2288 etiam
786 2201 1018 2318 augendum,
1035 2226 1074 2287 er
1090 2204 1312 2318 populares
1302 2235 1341 2289 tn
1356 2201 1484 2289 officio
1499 2232 1587 2289 con·

143 2321 339 2428 sinendos,
354 2349 438 2410 tum
453 2326 503 2411 ad
526 2321 647 2409 bella
637 2345 732 2432 Justa
747 2319 911 2436 gerenda
934 2345 972 2405 et
988 2344 1229 2407 externorum
1244 2322 1392 2436 injurias
1407 2323 1586 2435 repellen-

142 2438 252 2524 das·
225 2466 295 2526 srnt
310 2443 530 2529 necessaria:
547 2439 763 2553 hujusmodi
778 2438 879 2522 enim
894 2436 1101 2523 exactiones
1117 2439 1196 2551 jure
1215 2469 1398 2556 moreque
1413 2440 1584 2556 gentium
1597 2435 1706 2556 1111111
1716 2449 1778 2559 {ll

143 2553 379 2646 introductae
400 2585 517 2666 sunt,
534 2584 573 2646 et
589 2558 733 2644 ratione
758 2553 946 2660 naturali,
956 2584 1044 2640 rem
1061 2558 1180 2643 Paulo
1192 2559 1415 2672 Apostolo
1405 2589 1444 2643 tn
1447 2555 1645 2698 primisdjzn
1615 2557 1688 2606 Μ’

142 2679 457 2764 commendante.
474 2679 548 2764 Sed
562 2703 655 2764 tunc
670 2675 826 2761 demum
843 2700 956 2760 avare
974 2673 1156 2789 imperare
1170 2676 1412 2794 intelligitur,
1431 2707 1458 2762 st
1447 2676 1585 2762 tribu·
1609 2647 1743 2707 Μ

144 2790 191 2880 tis
206 2793 411 2901 inusitatis,
428 2822 495 2883 aut
519 2826 601 2882 non
618 2791 850 2898 necessariis,
866 2818 938 2876 nec
954 2792 1011 2882 ((1
1021 2795 1288 2930 rempublicam
1316 2795 1588 2910 pertinentibus

141 2913 344 3024 populares
360 2939 520 3033 gravet,
535 2939 603 3000 aut
630 2853 864 3030 singuloturir
886 2907 1078 2996 facultates
1106 2942 1172 3027 per
1202 2912 1372 3024 inptriam
1402 2941 1509 2999 more
1519 2937 1586 3027 ty·

144 3055 356 3115 sannorum
381 3033 561 3120 invadat.
583 3037 668 3118 Nec
684 3030 843 3142 superbe
867 3053 905 3113 et
920 3027 1116 3115 crudeliter
1134 3060 1290 3167 regnare
1307 3028 1487 3117 dicendus
1502 3055 1585 3174 (ιι,

140 3173 209 3261 qur
200 3146 346 3234 malos
363 3175 401 3236 et
417 3147 646 3237 facinorosos
659 3146 832 3234 homines
846 3145 1016 3283 legitimis
1046 3149 1176 3262 poenis
1192 3173 1229 3234 et
1245 3148 1460 3263 capitalibus
1476 3155 1584 3235 coir·
1656 3196 1659 3200 ,

140 3288 225 3349 cet:
248 3267 352 3373 cujus
380 3267 432 3353 rei
456 3298 591 3374 causa,
606 3292 649 3353 ut
665 3267 801 3351 Paulus
823 3265 974 3350 idem
942 3290 1016 3370 art,
1039 3271 1204 3376 gladium
1222 3285 1382 3375 portat:
1410 3268 1518 3356 sed
1491 3301 1520 3355 rr
1539 3300 1583 3352 o·
1611 3297 1686 3349 nom
1704 3309 1741 3360 13.

141 3380 207 3466 dio
223 3385 373 3471 velnae
370 3387 611 3522 indulgens,
632 3384 755 3472 aliove
780 3383 881 3469 malo
904 3383 1106 3470 inductus
1096 3413 1136 3470 tn
1148 3386 1249 3520 viros
1263 3388 1404 3521 probos
1419 3412 1459 3471 et
1474 3386 1583 3472 inno-
1596 3444 1776 3497 ,mmm

140 3526 265 3586 centes
281 3504 445 3591 saeviat·
437 3564 449 3608 ,
465 3505 541 3593 sive
569 3504 607 3589 in
635 3526 824 3618 suspectos
840 3526 938 3636 ,aut
955 3501 1069 3588 etiam
1095 3500 1253 3590 criminis
1281 3504 1474 3591 convictos
1496 3508 1776 3638 3ι(·111,ξξζ““

141 3616 306 3705 vioribus
320 3623 471 3737 poenis,
486 3653 603 3741 quam
619 3621 718 3740 leges
733 3620 978 3757 permittunt,
991 3625 1053 3709 vel
1071 3621 1194 3709 delicti
1211 3620 1434 3739 magnitudo
1450 3620 1584 3736 poscit,

140 3734 442 3872 animadvertat,
457 3743 508 3829 ad
522 3771 708 3827 summam
723 3739 752 3825 si
766 3770 805 3826 se
819 3739 1014 3854 tyrannice
1042 3765 1171 3859 gerat.
1202 3746 1304 3826 Nam
1321 3771 1409 3826 cum
1426 3765 1583 3846 ceteros,

139 3853 208 3969 qui
232 3856 451 3971 reipublicae
479 3859 694 3976 judiciisque
716 3884 924 3974 praesunt,
940 3883 1025 3944 tum
1052 3860 1211 3946 maxime
1243 3886 1348 3975 reges
1372 3858 1508 3965 decet,
1532 3862 1584 3947 ad

141 3972 447 4085 absolvendum,
477 4007 594 4112 quam
609 3980 659 4065 ((1
675 3977 1039 4081 condemnandum,
1066 3978 1115 4063 ad
1132 3977 1418 4063 misericordiam
1434 4039 1446 4083 ,
1465 3988 1585 4112 quarn

139 4089 191 4174 ad
206 4094 440 4182 severitatem
456 4095 696 4211 procliviores
712 4126 816 4202 esse,
838 4121 876 4181 et
891 4094 1120 4231 aequitatem
1146 4095 1289 4208 ubique
1317 4126 1467 4180 summo
1483 4095 1553 4208 'turi
1570 4154 1584 4201 ,

139 4233 325 4320 quatenus
350 4245 407 4301 res
434 4216 573 4330 patitur
591 4275 603 4319 ,
622 4212 833 4329 praeferte.
864 4215 956 4310 Qua
988 4213 1176 4346 aequitare
1203 4212 1465 4298 introductum
1498 4237 1584 4319 est,

138 4349 186 4408 ιιι
210 4325 248 4408 in
257 4330 400 4460 ,delicto
416 4334 468 4419 ad
484 4332 664 4467 plurimos
690 4334 902 4447 pertinente
930 4328 1158 4417 multitudini
1175 4356 1377 4444 parcatur,
1403 4329 1442 4415 in
1458 4357 1586 4417 aucto

137 4471 199 4536 res
212 4442 467 4566 principesque
483 4450 624 4537 sceleris
639 4451 875 4538 vindicetur.
903 4452 996 4546 Qua
1022 4445 1281 4534 moderatione
1310 4448 1472 4534 Carolus
1487 4455 1584 4536 Cae·
1595 4447 1767 4560 1111111111,ο

137 4589 198 4646 ι(ι
212 4587 317 4676 patet
334 4587 421 4651 tuus
441 4568 604 4682 optimus
619 4594 658 4654 et
673 4568 958 4654 humanissimus
974 4566 1142 4681 princeps
1165 4596 1254 4652 cum
1270 4597 1410 4685 magna
1427 4597 1493 4650 sua
1509 4568 1584 4651 lau·
1596 4569 1760 4692 3335}me

135 4678 190 4764 de
214 4709 303 4767 usus
310 4699 373 4769 est
401 4683 440 4768 in
469 4685 709 4772 seditionibus
725 4684 928 4796 Hispaniae
954 4683 1223 4798 popularibus,
1250 4709 1289 4771 et
1322 4710 1409 4800 post
1439 4684 1586 4802 aliquot

137 4825 262 4885 annos
294 4800 334 4886 in
359 4803 674 4893 Gandavensiutn
702 4796 912 4889 defectione
933 4802 1150 4915 punienda.

197 4917 248 5006 V.
308 4919 443 5026 Quo
431 4951 472 5011 tn
495 4948 636 5041 genere
666 4919 838 5040 sapientis
853 4947 892 5008 et
907 4920 1064 5040 humani
1083 4921 1178 5040 regis
1196 4946 1281 5029 est,
1310 4946 1354 5007 ut
1385 4918 1589 5024 beneficia,

914 5045 999 5129 Sa
1059 5102 1060 5106 a
1518 5037 1593 5125 vit-
