4006 5850
493 375 564 448 50⁰
786 360 853 430 DE
878 352 1012 430 FATO
1035 357 1101 430 ET
1124 356 1303 432 LIBERO
1326 358 1563 432 ARBITRIO

473 483 648 572 homines·
661 480 804 589 fiunt,
811 483 1080 600 perabsurdum
1111 481 1215 571 dictu
1230 510 1313 588 est,
1336 484 1429 570 haec
1442 514 1518 572 esse
1548 484 1587 570 in
1616 479 1826 572 bominum
1855 516 1920 601 po·

477 627 640 707 testate,
664 631 763 718 quae
778 602 953 689 consulto
968 597 1206 710 efficiuntur,
1235 627 1434 718 propterea
1456 583 1565 718 quod
1590 604 1684 690 nihil
1701 633 1771 718 per
1804 604 1919 718 ipsum

426 792 430 798 .
480 720 583 806 aliter
597 717 703 827 fieri,
725 748 921 836 quampet
936 719 1252 807 consultationem
1268 719 1398 855 possit.
1427 723 1594 807 Porro
1569 754 1598 807 ει
1614 724 1812 839 quaedam
1834 750 1919 809 con·

480 838 580 924 sulto
595 833 820 953 facimus,q
819 838 980 926 uaedam
995 836 1234 942 inconsulto,
1260 836 1433 922 nimirum
1449 867 1548 953 quae
1564 869 1629 955 ρετ
1642 870 1718 926 nos
1732 839 1850 945 fiunt,
1871 870 1915 927 ea

481 953 613 1042 falsum
628 981 684 1046 est
699 953 713 1069 (
728 956 857 1071 quod
850 979 907 1044 rstr
894 953 1158 1065 tradunt)
1134 984 1183 1043 stc
1198 954 1276 1042 fieri
1291 954 1526 1068 simpliciter,
1552 981 1596 1044 ut
1610 986 1715 1072 quae
1742 986 1810 1073 ρετ
1835 958 1914 1045 allas

422 1185 424 1187 ι
480 1098 632 1162 naturas
648 1071 886 1164 efficiuntur:
913 1074 1062 1188 quod
1038 1102 1067 1160 st
1080 1073 1189 1162 nobis
1205 1101 1270 1189 ρετ
1285 1096 1458 1158 naturam
1469 1073 1553 1158 lrcet
1567 1075 1805 1192 quidpiam
1795 1104 1915 1160 incon·

300 2645 385 2718 llomo
408 2643 476 2706 priu-

301 2707 371 2765 ciipu
355 2715 476 2754 ιιττειιει

301 2779 377 2816 causa
422 2777 476 2813 rua-

301 2836 358 2875 runa
398 2823 478 2875 actio·

301 2896 373 2935 uurn.

481 1192 581 1278 sulto
610 1189 759 1296 facete,
786 1191 925 1283 eisdem
953 1191 1058 1278 haud
1085 1189 1197 1278 dubie
1222 1189 1324 1276 aliud
1344 1219 1411 1305 ρετ
1434 1191 1758 1279 consultationem
1781 1189 1915 1280 efficere

482 1309 635 1415 licebit,
650 1338 731 1394 non
746 1309 787 1394 id
802 1334 980 1448 tantum,
975 1307 1196 1425 quodcitra
1213 1306 1527 1395 consultationem
1552 1304 1724 1396 facimus.
1760 1311 1839 1396 Sed
1863 1340 1919 1398 ne

483 1457 561 1544 que
576 1426 667 1516 illud
693 1455 825 1516 verum
853 1452 943 1532 est,
938 1427 1106 1513 idcirco
1137 1428 1187 1511 ab
1215 1426 1428 1513 hominibus
1449 1425 1544 1552 obiri
1559 1428 1710 1514 diversa
1735 1455 1921 1538 nauum,

482 1546 592 1660 quod
607 1570 779 1634 externae
793 1573 925 1635 causae
939 1544 1095 1633 caedem
1111 1572 1247 1675 genere
1270 1567 1353 1630 tum
1375 1544 1451 1649 εἰε,
1481 1541 1555 1657 'pam
1577 1545 1686 1632 aliter
1715 1545 1918 1683 impellant,

482 1687 528 1748 ut
535 1664 663 1760 homo
677 1687 840 1777 nequeat
864 1663 1082 1777 oppositum
1103 1690 1206 1771 erus,
1230 1661 1340 1775 quod
1356 1661 1455 1778 agit,
1469 1658 1628 1749 efficere.
1663 1667 1811 1778 Neque
1823 1666 1917 1751 enim

484 1809 583 1915 quae
598 1809 663 1897 ρετ
678 1810 826 1870 causam
852 1779 975 1885 fiunt,
998 1808 1043 1864 ea
1058 1807 1201 1893 semper
1219 1782 1269 1864 ab
1298 1802 1450 1865 externa
1473 1775 1660 1868 efficiente
1675 1810 1794 1866 causa
1810 1781 1921 1896 proli·

483 1898 690 2004 ciscuntur,
713 1927 800 1985 cum
817 1896 978 2031 aliquid
970 1927 1008 1983 tn
1023 1897 1130 1983 nobis
1145 1920 1348 2030 nostraque
1372 1920 1555 2011 potestate
1569 1899 1622 1985 ob
1648 1928 1739 1985 eam
1757 1928 1836 1984 rem
1852 1929 1921 1987 esse

487 2017 654 2121 dicatur,
679 2015 768 2130 quia
793 2043 864 2100 uos
886 2013 953 2127 ipsi
968 2014 1006 2099 in
1020 2013 1142 2119 haec,
1167 2040 1268 2127 quae
1295 2010 1592 2119 sicefficiuntur,
1618 2015 1785 2103 liberam
1810 2014 1923 2103 facid-

488 2157 607 2218 tatem
623 2134 836 2268 habemus,
861 2158 977 2247 atque
1002 2160 1136 2220 eorum
1156 2129 1260 2218 velut
1276 2131 1402 2218 arbitri
1425 2156 1464 2218 et
1486 2077 1630 2219 domini
1657 2166 1814 2240 sumus,
1842 2165 1920 2222 non

486 2276 597 2340 causa
611 2250 808 2366 quaepiam
825 2276 949 2363 ,quae
973 2248 1224 2336 necessitatem
1253 2249 1474 2338 extrinsecus
1502 2249 1647 2337 afferat.
1681 2195 1915 2390 Quapropter

487 2369 579 2458 tales
594 2393 720 2456 motus
743 2368 885 2483 absque
907 2395 1019 2453 causa
1034 2363 1121 2453 facti
1138 2394 1215 2453 csse
1239 2366 1311 2454 dici
1326 2369 1479 2472 solent,
1501 2369 1636 2456 scilicet
1664 2373 1765 2487 quia
1788 2395 1924 2485 praeter

486 2511 657 2624 nostrum
672 2484 861 2573 arbitrium
889 2484 1029 2571 anullo
1043 2511 1196 2573 externa
1217 2513 1329 2573 causa
1344 2484 1657 2603 proficiscuntur,
1687 2489 1817 2575 homo
1832 2489 1925 2575 enim

467 2605 708 2750 principium
723 2629 826 2692 estet
841 2632 952 2691 causa
966 2633 1116 2691 suarum
1137 2604 1340 2692 actionum.
1364 2611 1417 2691 Et
1430 2600 1600 2719 profecto
1615 2635 1697 2692 esse
1720 2607 1923 2713 hominen,

452 2723 580 2815 nihil
593 2747 649 2810 est
663 2723 790 2827 aliud,
816 2753 933 2838 quam
950 2724 1087 2840 agendi
1110 2721 1331 2858 principium
1347 2722 1386 2807 in
1400 2751 1439 2809 se
1453 2723 1505 2808 ad
1521 2723 1622 2809 hunc
1645 2723 1814 2810 modum
1827 2726 1924 2810 obti-

491 2869 610 2947 nete,
634 2865 679 2927 ut
693 2840 828 2957 globus
842 2868 992 2931 causam
1016 2842 1054 2924 in
1070 2869 1107 2926 se
1130 2840 1337 2944 continet,
1366 2864 1409 2926 ut
1435 2868 1501 2955 per
1528 2839 1674 2929 declive
1709 2842 1921 2930 volutando

493 2955 692 3045 deferatur.
707 2960 838 3053 Quare
852 2987 940 3047 cum
956 2981 1079 3045 cetera
1096 2956 1253 3046 externis
1267 2957 1384 3043 causis
1400 2959 1676 3092 obsequantur,
1689 2958 1818 3046 horno
1836 2990 1929 3046 unus

493 3076 731 3168 animalium
721 3076 895 3164 immunis
913 3100 970 3161 est
995 3076 1046 3160 ab
1061 3075 1131 3161 hac
1145 3073 1346 3161 obediendi
1373 3075 1616 3180 necessitate,
1645 3079 1837 3193 quoniam
1860 3079 1928 3164 hoc

495 3220 552 3282 cst
555 3194 675 3331 'ipsitu
696 3223 802 3302 esse,
830 3219 875 3279 ut
903 3193 1121 3308 principium
1139 3192 1180 3277 in
1195 3221 1234 3278 se
1253 3216 1368 3307 atque
1391 3221 1542 3278 causam
1571 3194 1751 3283 obtineat
1784 3225 1925 3283 suanam

493 3313 685 3410 actionum
705 3373 718 3417 ,
742 3338 780 3399 et
796 3339 845 3397 ne
859 3339 1009 3426 prorsus
1025 3339 1151 3396 causas
1178 3310 1397 3397 extrinsecus
1415 3308 1762 3402 circumscribentes
1783 3342 1927 3401 assecre-

493 3428 774 3525 tut.de
739 3457 778 3513 ιιι
791 3428 842 3513 ita
856 3453 975 3534 esset,
1000 3425 1171 3542 profecto
1184 3458 1327 3544 semper
1344 3429 1383 3514 in
1413 3460 1534 3519 unum
1550 3461 1711 3546 scopum
1747 3435 1927 3520 intuentes

497 3544 676 3635 ferremur
691 3606 705 3653 ,
734 3570 773 3634 ct
788 3574 932 3661 semper
947 3545 1084 3633 eodem
1098 3547 1218 3636 modo
1233 3546 1503 3659 judicaremus
1532 3550 1641 3665 quod
1657 3547 1822 3637 falsum
1812 3579 1851 3635 ru
1866 3549 1932 3664 pri·

496 3665 564 3751 mis
579 3695 655 3753 esse
680 3694 821 3782 magno
846 3688 1075 3799 argumento
1086 3691 1141 3753 est
1157 3725 1171 3770 ,
1201 3667 1310 3781 quod
1326 3694 1406 3753 rem
1420 3666 1495 3780 jam
1509 3693 1663 3782 propter
1678 3669 1741 3769 sui
1769 3669 1931 3756 honesta

432 3828 434 3840 ⁴
494 3806 573 3869 tem
588 3784 779 3898 petimus,
799 3806 882 3867 tum
924 3806 1051 3895 ιοριετ
1067 3781 1370 3894 juctmditatem,
1394 3813 1684 3901 nonnumquam
1711 3787 1806 3903 quia
1832 3814 1929 3870 com·

496 3901 615 3992 moda
629 3900 736 3987 nobis
749 3923 805 3986 cst
829 3924 878 3989 et
950 3925 1111 4006 ctuosa,
1140 3925 1279 3986 utnon
1303 3901 1531 4017 relinquatur
1562 3903 1787 4010 dubitatio,
1818 3902 1929 3988 nullas

496 4047 623 4107 causas
639 4043 806 4107 externas
820 4047 898 4105 esse
912 3961 1126 4133 hujusmodi
1144 4019 1335 4105 actionum
1351 4044 1521 4108 auctores
1535 4046 1576 4106 et
1590 4017 1809 4108 effectrices
1826 4023 1933 4116 Qua·

494 4163 591 4227 reut
605 4139 672 4255 qui
686 4138 794 4227 novit
815 4163 955 4224 tetram
971 4135 1148 4272 pondere
1161 4167 1232 4222 suo
1246 4135 1497 4272 descendere,
1524 4137 1696 4223 animalia
1724 4169 1792 4255 per
1823 4140 1934 4253 impe·

499 4281 582 4349 tum
597 4286 709 4393 agere
725 4258 857 4391 ,quod
877 4256 996 4341 talis
970 4280 1016 4342 stt
1029 4254 1194 4370 ipsorum
1211 4279 1373 4362 natura,
1396 4255 1426 4342 is
1440 4255 1582 4343 nullam
1599 4283 1755 4343 causam
1780 4283 1933 4372 praeter·

496 4400 541 4466 ει
536 4374 733 4507 requirit,
761 4375 810 4460 sic
838 4373 949 4458 nulla
954 4401 1064 4458 causa
1082 4372 1341 4488 investiganda
1355 4397 1410 4459 est
1435 4403 1503 4460 cur
1520 4434 1533 4480 ,
1563 4402 1664 4490 quae
1696 4375 1774 4462 sint
1798 4378 1840 4461 in
1869 4376 1934 4461 ho

495 4490 601 4576 minis
617 4514 826 4604 potestate,
852 4491 959 4578 variis
973 4491 1095 4578 modis
1119 4486 1354 4596 efficiantur,
1384 4492 1774 4580 animadvertentibus
1801 4494 1845 4580 id
1869 4495 1931 4580 dc·

494 4638 601 4694 mum
622 4607 771 4723 intelligi
786 4606 979 4695 hominem
991 4637 1096 4714 esse,
1120 4608 1339 4723 principium
1356 4638 1434 4694 esse
1448 4636 1488 4695 et
1513 4638 1663 4695 causam
1681 4611 1843 4698 liberam
1857 4640 1926 4696 sua·

493 4755 579 4811 rum
594 4725 799 4811 actionum
828 4724 901 4810 Sed
930 4754 1054 4841 neque
1070 4725 1163 4811 illud
1180 4756 1311 4812 verum
1340 4752 1426 4833 est,
1437 4727 1654 4815 homines
1644 4729 1744 4815 rnito
1768 4730 1925 4832 condio,

492 4844 686 4962 e1,''quod
676 4844 760 4962 tpsis
774 4842 936 4953 videtur,
952 4843 1138 4953 assentire,
1157 4873 1201 4932 ac
1216 4844 1379 4962 perinde
1386 4874 1511 4938 τετιιιιι
1528 4847 1650 4938 visum
1665 4877 1752 4936 uon
1765 4879 1871 4937 secus
1881 4870 1929 4931 at·

1648 4997 1649 5000 r
1860 4992 1929 5082 que
