4050 5858
501 376 577 474 ua
887 341 890 347 ’
963 373 1438 450 uauocnurss

479 499 726 617 quaerimus,
742 508 946 618 appareat:
969 525 1036 605 et,
1053 529 1081 584 st
1069 498 1219 614 placet
1239 559 1252 600 ,
1270 495 1508 586 Aristotelem
1539 486 1731 584 summum
1764 494 1935 612 philoso-

297 616 480 736 335⁸less
487 622 608 738 phum
634 646 829 709 auctorem
857 617 1101 706 adhibeamus
1118 678 1130 723 ,
1145 649 1213 737 qut
1202 615 1381 733 Justum
1404 634 1540 702 natura
1568 623 1611 700 r'd
1638 643 1719 700 esse
1738 614 1937 727 ,delinit‚

300 745 415 858 ἷὲῗιιιιῖἷι
436 750 479 786 ¹¹²
488 745 586 849 quod
601 743 732 848 ulique
748 743 859 826 habu
880 743 1042 826 eamdm
1064 747 1177 844 vim,
1197 763 1265 823 nort
1281 746 1370 845 quia
1395 746 1453 822 sic
1476 743 1697 846 placuerit,
1715 750 1781 820 aut
1797 763 1938 821 secur:

491 861 626 968 vides,
646 885 690 947 ut
710 860 827 946 verba
854 857 946 943 illius
970 887 1018 944 ex
1039 857 1176 974 quinto
1193 859 1416 942 Ethicorum
1431 857 1756 939 Nicomacbioram
1774 853 1870 940 libro
1886 855 1937 943 ad

490 979 658 1068 verbum
678 977 944 1093 expresserim,
970 1005 1019 1060 ne
1033 975 1171 1091 ,quod
1194 999 1350 1062 auctore
1364 973 1612 1059 Ciceronem
1626 971 1857 1085 quibusdam
1883 1002 1939 1059 re·

485 1096 718 1211 prehendo,
734 1096 850 1183 verba
865 1099 1045 1200 Graeca,
1060 1095 1154 1179 dum
1169 1093 1301 1180 Latine
1320 1093 1482 1228 loquor,
1509 1089 1758 1176 inculcatam.
1792 1090 1837 1175 ld
1853 1105 1938 1205 pot

490 1244 537 1300 to
562 1214 763 1331 ubique
727 1245 805 1300 vrm
828 1212 1002 1298 eamdem
1017 1155 1183 1319 liabett,
1202 1212 1369 1297 docti
1332 1210 1401 1300 vni
1422 1210 1710 1345 interpretantur
1726 1268 1738 1314 ,
1755 1210 1869 1323 quod
1883 1234 1936 1297 est

492 1331 567 1417 tale
594 1357 729 1468 sponte
756 1360 851 1433 sua,
870 1359 951 1416 non
971 1330 1060 1446 quia
1084 1331 1133 1415 sic
1161 1328 1339 1446 placuerit
1363 1326 1562 1463 legislatori
1582 1326 1772 1460 cuipiam,
1788 1352 1857 1412 aut
1876 1327 1937 1414 ali·

492 1450 554 1536 cui
577 1449 743 1537 ciuitati:
774 1392 933 1564 exeiupli
955 1477 1102 1554 causa,
1129 1449 1274 1584 legatos
1300 1447 1457 1535 comiter
1488 1469 1647 1532 tractate
1674 1505 1687 1550 ,
1714 1445 1857 1557 justum
1882 1471 1935 1534 est

495 1592 632 1680 sponte
657 1595 749 1652 sua:
774 1567 928 1656 eosdem
961 1566 1135 1681 pulsare,-
1151 1566 1307 1653 vicissim
1330 1564 1534 1673 iniustum:
1560 1563 1717 1649 reddere
1741 1587 1782 1648 et
1803 1592 1939 1680 negare

490 1684 736 1799 depositum,
752 1686 889 1772 eodem
913 1685 1058 1793 modo.
1091 1685 1214 1782 Quod
1240 1683 1334 1815 quia
1356 1684 1555 1768 hominum
1580 1710 1771 1766 consensu
1800 1706 1838 1767 et
1866 1712 1937 1769 usu

309 1837 369 1887 ιιι.
389 1835 490 1886 atne.
490 1800 750 1914 dijudicatur,
765 1801 926 1891 idcirco
918 1831 972 1935 ιιιι
1000 1800 1170 1936 gentium
1196 1833 1218 1887 a
1239 1829 1317 1915 ture
1333 1800 1460 1915 petitis
1478 1794 1685 1915 appellatur
1710 1798 1848 1884 eodem
1863 1799 1940 1914 plri-

308 1901 383 1947 ''⁵''
493 1919 663 2035 losopho
687 1943 841 2007 auctore
856 1981 868 2025 ,
883 1918 950 2032 qui
976 1919 1086 2005 alio
1078 1950 1129 2004 m
1141 1919 1229 2007 loco
1254 1918 1377 2034 legem
1403 1918 1548 2005 civilem
1580 1940 1695 2004 vocat
1721 1916 1939 2032 propriam,

500 2061 640 2150 utpote
659 2038 769 2125 unius
790 2036 909 2154 gentis
935 2064 1002 2122 aut
1030 2037 1211 2125 civitatis:
1241 2061 1397 2122 naturae
1424 2065 1547 2141 vero,
1574 2063 1816 2121 communem
1809 2096 1851 2169 ..’
1863 2064 1941 2170 qua

499 2154 633 2240 scilieet
656 2179 810 2243 utantur
839 2183 972 2241 omnes
999 2156 1194 2241 nationes:
1221 2153 1261 2243 id
1291 2183 1493 2242 commune
1518 2180 1656 2266 rustum
1673 2214 1685 2259 ,
1700 2176 1762 2237 aut
1780 2152 1942 2238 vicissim

499 2271 676 2408 iniustum
700 2303 777 2360 esse
802 2272 1017 2376 declarans,
1038 2277 1149 2410 quod
1176 2301 1252 2359 esse
1273 2273 1348 2359 tale
1374 2301 1506 2359 omnes
1527 2272 1698 2357 homines
1726 2268 1830 2357 velut
1844 2269 1942 2355 diui·

499 2390 654 2478 natione
676 2393 842 2524 quadam
869 2390 1067 2477 naturali
1057 2416 1370 2527 interpretantur.
1401 2390 1603 2505 Numquid
1628 2389 1695 2475 tibi
1718 2387 1852 2504 yideor
1880 2415 1942 2475 te-

499 2533 561 2594 cte
583 2509 705 2624 quid
696 2534 836 2622 rustum
857 2534 990 2593 natura
1004 2569 1019 2610 ,
1034 2508 1164 2623 quid
1156 2507 1330 2621 injustum
1355 2508 1429 2614 sit,
1453 2506 1646 2595 statuisse?

574 2629 644 2710 Xl.
715 2632 825 2711 Leon.
855 2631 951 2710 Non
977 2624 1130 2732 habeo,
1155 2626 1248 2742 quid
1280 2627 1590 2712 contradicam.
1622 2629 1726 2708 Nam
1757 2623 1871 2739 quod
1901 2654 1941 2709 o

452 2691 650 2830 mnibus
672 2743 851 2848 videtur,
878 2741 953 2826 hoc
968 2771 1100 2829 vetum
1121 2773 1197 2830 esse
1221 2741 1327 2831 facile
1352 2741 1581 2879 philosophis
1603 2741 1784 2828 assentior
1797 2740 1942 2856 ,idque

501 2857 679 2972 judicium
705 2891 781 2947 esse
806 2885 993 2966 naturae,
1008 2886 1160 2950 certum
1175 2862 1325 2948 habeo:
1348 2862 1451 2947 sed
1442 2887 1513 2948 isto
1534 2861 1684 2965 modo,
1701 2887 1864 2963 vereor,
1889 2886 1942 2943 ne

502 2975 592 3062 nihil
610 2977 751 3065 nobis
742 2983 881 3091 rustum
909 3004 1045 3064 natura
1065 2979 1320 3095 relinquatur
1352 2978 1461 3073 Quid
1488 2979 1588 3065 enim
1613 3002 1693 3062 tam
1718 2975 1859 3088 iustum
1873 3003 1942 3081 est,

503 3093 552 3178 de
581 3124 662 3211 quo
695 3095 733 3181 in
758 3095 981 3208 judiciorum
1008 3121 1087 3183 tam
1118 3096 1262 3184 infinita
1286 3099 1464 3185 varietate
1485 3097 1586 3183 idem
1609 3121 1742 3181 omnes
1774 3093 1944 3179 hominos

502 3237 586 3295 non
616 3212 704 3299 dico
733 3212 894 3318 mundi,
925 3213 992 3299 sed
1016 3214 1126 3299 unius
1151 3215 1306 3302 civitatis
1327 3217 1464 3302 eodem
1487 3213 1608 3301 modo
1632 3213 1829 3324 iudicent,
1856 3239 1943 3295 eum

500 3327 617 3418 ,etiam
633 3330 672 3414 in
688 3332 798 3417 rebus
815 3359 1004 3445 ,quartum
1021 3330 1196 3444 judicium
1217 3358 1272 3418 est
1297 3333 1338 3417 in
1360 3361 1470 3418 sensu
1484 3394 1499 3437 ,
1514 3330 1755 3418 interdum
1729 3359 1776 3415 ιιι
1805 3358 1944 3444 magna

499 3445 713 3552 dissensio,
739 3445 916 3534 eumdem
948 3446 1073 3534 eibum
1103 3448 1177 3535 alio
1204 3450 1385 3557 dulcem,
1416 3450 1489 3535 alio
1506 3449 1709 3536 diversum
1736 3445 1945 3560 judicante?

328 3576 406 3629 ⁸⁶¹²·
421 3591 446 3639 ³·
504 3565 606 3653 Dau-
634 3570 730 3651 Esto
752 3567 860 3651 bono
879 3563 1280 3682 anino,1eopolde,
1301 3598 1390 3654 nam
1419 3592 1458 3656 te
1481 3567 1554 3654 isto
1578 3564 1752 3681 scrupulo
1782 3561 1888 3649 facile
1918 3562 1945 3647 i

504 3681 594 3766 dem
618 3682 835 3768 Aristoteles
863 3681 1082 3797 explicabit:
1108 3710 1152 3771 ut
1178 3686 1278 3772 enim
1308 3715 1364 3773 res
1395 3685 1510 3771 dulcis
1527 3746 1539 3790 ,
1556 3683 1616 3771 vel
1643 3682 1863 3786 calidam,
1895 3709 1946 3767 an

496 3825 635 3903 secus,
651 3799 836 3885 credimus
860 3799 981 3883 sensui
1001 3824 1100 3886 recte
1126 3803 1357 3907 valentium,
1372 3832 1443 3889 nec
1466 3831 1664 3889 movemur
1682 3799 1830 3915 ,siquid
1847 3826 1948 3883 con-

504 3936 563 3998 tra
590 3914 762 4003 videatur
793 3915 1096 4032 aegrotantibus.
1116 3919 1165 4003 sic
1179 3920 1327 4035 ,inqui-t
1340 3919 1464 4027 ille,
1455 3949 1493 4003 m
1509 3920 1617 4005 bonis
1634 3917 1810 4033 malisque
1831 3916 1947 4001 rebus

495 4031 781 4140 discernendis,
806 4036 882 4119 hoc
898 4058 954 4119 est
973 4033 1012 4118 in
1036 4034 1233 4124 virtutibus
1259 3983 1461 4126 statuendis
1486 4031 1948 4143 aevitiis,bouotum1u·

329 4170 409 4221 aaa.
423 4180 463 4220 ιο
494 4148 604 4241 dicio
629 4153 805 4238 standum
830 4175 886 4237 est
901 4212 914 4255 ,
928 4181 1094 4266 quonum
1113 4185 1217 4241 mens
1243 4184 1332 4241 sana
1356 4184 1395 4242 er
1418 4157 1564 4241 animus
1579 4154 1766 4257 habetur,
1782 4180 1863 4238 non
1879 4151 1945 4236 im·

496 4268 772 4381 proborum,
763 4300 802 4356 ιιι
834 4269 969 4384 quibus
999 4297 1170 4406 aegrotat
1201 4297 1435 4409 utrumque:
1463 4274 1581 4360 virtus
1613 4272 1778 4358 enimet
1806 4271 1949 4357 virtute

497 4385 693 4498 praeditus
723 4412 823 4473 recte
852 4386 991 4496 judicat
1014 4388 1185 4505 singula,
1211 4416 1266 4477 est
1296 4392 1395 4479 enim
1425 4391 1530 4508 quasi
1561 4418 1733 4476 mensura
1749 4450 1761 4494 ,
1777 4413 1817 4474 et
1837 4417 1947 4501 expe·

316 4524 430 4585 unorum
455 4519 494 4578 iu
481 4503 705 4594 tendarum
725 4499 1063 4642 lirgiendarumque
1084 4535 1207 4593 rerum
1233 4508 1429 4594 certissima
1452 4537 1603 4596 norma.
1624 4513 1726 4594 Crun
1752 4505 1930 4620 aliquid
1920 4536 1949 4589 ι-

315 4585 388 4751 Ξέἷιιο
399 4594 495 4753 gf}-
506 4620 605 4735 gitur
621 4619 824 4710 Ιιιιιιιίιιιιιιι
844 4624 1038 4708 communi
1061 4625 1242 4711 sententia
1257 4621 1468 4713 honestum
1477 4627 1537 4713 vel
1560 4651 1699 4742 turpe,
1717 4624 1855 4734 justum
1882 4650 1952 4708 aut

316 4762 347 4812 ιε
361 4765 447 4813 rebus
506 4737 694 4827 vicissim
684 4738 862 4851 injustum
891 4766 969 4824 esse
993 4740 1175 4849 dicimus,
1191 4742 1430 4858 prudentium
1454 4743 1783 4879 studiosorumque
1811 4741 1953 4854 judicia

486 4856 689 4951 volumus
706 4856 857 4982 intelligi
872 4919 886 4965 ,
902 4885 984 4946 non
1010 4859 1121 4948 etiam
1150 4862 1383 4979 perditorum
1403 4887 1444 4952 et
1464 4861 1587 4980 pravis
1607 4886 1691 4950 tum
1705 4858 1954 4979 opinionibus

1859 5001 1948 5064 tum
