4050 5858
681 405 788 476 [ῙΒ
810 401 841 474 Γ.
860 403 894 476 R
940 399 971 474 1·
1437 409 1439 414 .
1462 439 1529 510 231

103 563 248 629 venum
271 564 317 623 ex
345 530 515 649 Hispana
547 527 766 635 nobilitate,
796 552 895 646 quos
919 525 1041 614 modo
1055 533 1341 642 memorabam,
1360 562 1559 626 consuetu·

107 659 186 744 do:
200 654 291 773 qui,
308 683 395 741 curn
418 648 560 768 promti
589 672 628 735 et
652 647 788 734 alacres
814 670 936 734 essent
960 647 1013 734 ad
1040 677 1209 764 pugnam
1225 713 1237 757 ,
1253 679 1297 739 ut
1323 684 1456 742 omnes
1480 659 1562 775 opi·

105 777 289 866 nabamur
304 835 317 882 ,
333 768 616 886 impendentem
640 766 845 854 ineundam
864 827 876 872 ,
892 789 932 851 et
957 790 1121 851 mortem
1148 797 1219 884 pro
1252 770 1462 860 Christiana
1485 776 1561 861 reli·
1690 868 1693 875 ,

109 895 222 1012 gione
238 954 250 998 ,
269 893 298 977 si
313 889 468 977 fortuna
496 887 664 992 tulisset,
683 884 940 1000 oppetendam
958 946 970 990 ,
986 883 1078 970 illud
1106 913 1144 970 se
1165 887 1284 975 modo
1302 891 1490 979 subvereri
1506 894 1561 980 di·

105 1013 261 1098 trabant
278 1072 291 1116 ,
318 1036 367 1094 ne
396 1006 586 1120 justissima
601 1004 654 1090 ira
683 1004 759 1090 Dei
774 1027 928 1119 propter
944 1003 1201 1090 Lutheranam
1215 1007 1446 1122 impietatem
1462 1017 1561 1098 Ger·

104 1131 272 1216 maniam
287 1124 454 1242 affligere
470 1189 483 1233 ,
497 1150 538 1211 et
564 1125 674 1210 hoste
684 1121 848 1210 “vindice
866 1122 1016 1207 hostem
1040 1121 1163 1208 ulcisci
1191 1127 1397 1213 statuisset.
1430 1134 1562 1246 ltaque

105 1247 288 1362 plurimus
315 1245 365 1332 eis
393 1267 474 1329 erat
505 1271 628 1337 sermo
658 1241 707 1327 de
732 1240 942 1359 religione,
972 1266 1012 1326 et
1038 1241 1131 1327 item
1156 1243 1205 1329 de
1220 1241 1349 1330 officio
1372 1246 1505 1333 nobilis
1522 1273 1563 1336 et

106 1362 309 1451 Christiani
332 1359 477 1448 militis:
507 1361 609 1474 cujus
633 1359 896 1446 conditionem
927 1357 1139 1473 complures
1168 1359 1335 1475 ipsorum
1370 1393 1451 1450 non
1484 1366 1562 1452 sine

108 1482 244 1569 dolore
270 1481 523 1586 accusabant,
543 1481 583 1565 in
598 1478 826 1594 quibusdam
850 1476 1088 1583 dictitantes,
1111 1478 1245 1566 nobilis
1277 1481 1400 1567 militis
1416 1544 1428 1588 ,
1444 1512 1562 1600 quem

107 1599 175 1714 ipsi
199 1601 364 1717 equitem
382 1661 395 1706 ,
411 1598 477 1686 sed
499 1597 622 1714 patrio
643 1596 834 1681 vocabulo
861 1597 1159 1710 nuncupabant,
1175 1594 1445 1712 professionem
1473 1632 1562 1690 etun

108 1718 312 1835 praeceptis
342 1716 576 1803 Christianae
605 1713 863 1830 philosophiae
887 1743 1021 1829 parum
1048 1714 1272 1802 cohaerere.

168 1840 258 1922 Vl.1
297 1840 387 1922 Ata.
420 1837 545 1920 Vetus
570 1832 703 1919 scilicet
726 1831 880 1946 querela
897 1893 909 1937 ,
926 1832 992 1917 sed
1016 1860 1117 1947 quae
1142 1834 1314 1941 dudum,
1331 1835 1456 1924 nescio
1479 1868 1563 1956 quo

106 1979 224 2069 pacto
241 1952 436 2068 ,coeperit
464 1951 561 2038 inter
578 1949 785 2064 Hispanam
819 1949 1054 2036 nobilitatem
1083 1951 1277 2068 magisne
1310 1956 1429 2073 magis
1457 1955 1562 2044 inva-

107 2071 266 2159 lescere.
314 2077 426 2156 Leon.
459 2068 567 2164 Quid
596 2064 762 2153 mirum?
794 2097 883 2153 cum
909 2098 958 2153 ne
983 2067 1074 2154 illud
1094 2070 1251 2184 quidem
1281 2072 1366 2159 satis
1391 2100 1561 2181 constet,

107 2217 204 2275 num
238 2187 379 2276 bellum
408 2218 497 2274 curn
521 2186 659 2302 quovis
691 2187 800 2274 hoste
828 2188 986 2302 gerere,
1013 2187 1124 2305 quod
1151 2212 1206 2274 est
1228 2188 1349 2277 militis
1376 2191 1561 2298 officium,

110 2306 218 2395 liceat
245 2335 313 2423 per
343 2306 564 2425 religionem
596 2304 742 2390 homini
770 2305 1003 2390 Christiano.
1053 2310 1156 2390 Dan.
1187 2307 1302 2413 Scio,
1332 2312 1531 2425 Leopolde
1547 2374 1559 2418 ,
1577 2314 1755 2370 U‘fflffl¹¹⁰‘²²

1576 2373 1725 2426 Christianis

108 2447 265 2511 tuorum
293 2429 578 2512 Germanorum
602 2424 791 2540 quosdam
823 2449 904 2508 non
932 2423 1080 2507 obscuri
1103 2423 1266 2509 nominis
1289 2424 1330 2510 id
1354 2426 1475 2541 ipsum
1493 2458 1561 2515 nu·
1575 2433 1757 2548 &32¹3ng

109 2572 178 2657 per
207 2543 380 2630 disserere
407 2543 594 2659 coepisse.
628 2545 760 2656 Atque
788 2539 967 2655 equidem
999 2563 1158 2646 metuo,
1191 2570 1241 2627 ne
1272 2541 1369 2650 illa,
1406 2544 1455 2631 de
1485 2576 1564 2662 qua
1577 2556 1738 2667 {2333ng

109 2660 233 2747 modo
255 2661 502 2767 dicebamus,
534 2658 688 2777 querela
717 2688 764 2745 ex
788 2656 946 2744 istorum
971 2656 1199 2744 commercio
1217 2684 1308 2746 nata
1323 2662 1370 2748 sit
1386 2722 1399 2767 ,
1416 2688 1484 2749 aut
1500 2667 1562 2751 ali·

108 2780 213 2865 unde
242 2774 398 2869 fortasse
424 2777 595 2898 pertenui
620 2777 741 2893 capite
769 2803 883 2882 orta,
914 2775 1002 2861 hinc
1033 2775 1128 2863 vires
1160 2777 1275 2863 etiam
1303 2803 1420 2895 atque
1451 2781 1564 2870 etiam

109 2894 370 3013 adquisiverit.
418 2906 505 2986 Aer.
532 2903 597 2982 Tu
618 2924 742 3001 vero,
773 2899 1046 2999 Democrates,
1073 2894 1167 3010 quid
1194 2896 1335 2981 sentis?
1364 2926 1457 2984 num
1488 2897 1564 2988 sor·

109 3012 157 3099 tis
180 3015 389 3132 nobilisque
411 3015 531 3120 militis
546 3010 817 3130 professionem
836 3041 859 3096 a
875 3011 1087 3097 Christiana
1102 3012 1275 3099 doctrina
1291 3037 1401 3128 putas
1426 3019 1566 3107 abhor-

110 3141 221 3217 rere?
251 3137 355 3218 Nam
383 3159 424 3220 et
452 3132 542 3218 mihi
572 3130 706 3217 accidit
723 3129 1008 3245 ,quorumdam
1038 3158 1211 3216 meorum
1235 3133 1565 3226 contubernalium

109 3247 328 3363 huirsmodi
355 3249 513 3370 querelis
536 3251 711 3336 interesse
727 3311 739 3355 ,
758 3272 797 3333 et
824 3247 965 3332 ineam
981 3246 1202 3362 opinionem
1232 3280 1345 3356 sum,
1371 3277 1414 3339 ut
1432 3284 1567 3346 verum

110 3362 259 3476 fatear,
284 3368 358 3482 jam
380 3369 523 3486 pridem
541 3367 712 3484 delapsus
729 3395 836 3474 ,non
851 3368 961 3481 quod
976 3389 1130 3482 putem,
1145 3366 1361 3455 Christianis
1378 3371 1473 3457 bella
1488 3404 1566 3460 sus·

108 3484 231 3600 cipere
258 3486 480 3577 habendum
510 3515 588 3574 esse
620 3485 817 3604 religioni,
854 3508 931 3570 tam
963 3512 1072 3598 saepe
1100 3484 1229 3594 justis,
1260 3488 1467 3574 autetiam
1500 3520 1565 3577 ne·

111 3602 291 3710 cessaris,
316 3632 362 3692 ut
394 3605 487 3692 mihi
508 3605 665 3721 quidem
691 3604 840 3691 videtur
857 3663 870 3706 ,
890 3600 1111 3717 suscipiendi
1140 3604 1257 3690 causis
1287 3604 1563 3711 incidentibus3

110 3720 178 3806 sed
210 3724 391 3835 quoniam
422 3721 542 3811 multa
564 3721 741 3808 accidunt
767 3721 805 3805 in
830 3719 938 3824 vita,
962 3720 1099 3835 quibus
1125 3719 1454 3810 intervenientibus
1479 3725 1564 3813 viro

109 3833 200 3923 forti
229 3839 276 3923 sit
299 3870 475 3952 necesse,
504 3864 570 3926 aut
593 3835 763 3943 famam,
782 3837 886 3950 cujus
916 3837 983 3953 ipsi
1016 3838 1129 3925 debet
1164 3869 1241 3924 esse
1274 3839 1434 3926 maxima
1449 3871 1562 3952 cura,

110 3953 309 4065 deserere,
343 3986 410 4046 aut
434 3983 630 4074 praecepta
661 3957 845 4077 religionis
871 3955 1085 4073 negligere.
1132 3962 1243 4042 Laos.
1280 3958 1379 4043 Mihi
1407 3962 1565 4078 quidem
1683 3965 1692 3982 '
1763 3983 1783 4015 s

109 4097 150 4157 et
167 4075 219 4158 ob
249 4077 333 4163 istas
356 4103 397 4164 et
413 4079 466 4163 ob
488 4076 576 4162 alias
602 4105 728 4163 causas
753 4075 804 4159 sic
833 4103 984 4190 prorsus
1001 4073 1148 4160 videtur
1170 4073 1292 4179 ,nolo
1309 4101 1437 4164 tamen
1453 4082 1566 4195 quid*

110 4217 232 4303 quam
256 4221 396 4282 temere
426 4222 634 4284 asseverare
659 4225 669 4278 t
702 4194 769 4280 sed
802 4218 847 4280 tu
877 4193 998 4308 quid,
1025 4197 1300 4300 Democrates,
1331 4195 1495 4303 arrides,
1525 4220 1565 4287 et

110 4334 194 4392 non
210 4313 331 4424 potius
356 4313 541 4400 rationem
559 4336 715 4415 contra,
744 4311 773 4396 si
788 4339 905 4427 quam
921 4310 1067 4414 habes,
1097 4311 1281 4423 exponis?
1326 4317 1426 4399 Dan.
1451 4319 1565 4401 Gau-

108 4424 187 4511 deo
202 4451 267 4532 te,
284 4431 478 4547 leopolde
494 4492 507 4537 ,
524 4431 756 4534 cautiorem,
772 4457 888 4546 quam
905 4428 1070 4532 solebas,
1088 4455 1166 4513 esse
1182 4424 1324 4531 facturn
1342 4494 1354 4538 ,
1370 4433 1458 4549 qui,
1474 4463 1564 4520 curn

107 4540 222 4656 plane
251 4569 357 4632 tuam
391 4550 614 4635 sententiam
639 4578 663 4633 a
688 4548 876 4664 dogmatis
899 4544 1124 4632 Lutheranis
1151 4576 1231 4633 non
1256 4549 1415 4636 alienam
1438 4553 1564 4667 paucis

108 4661 347 4773 protulisses,
383 4697 527 4753 memor
562 4693 689 4752 tamen
724 4690 761 4749 te
798 4693 878 4748 non
908 4664 1120 4771 Saxoniae,
1153 4668 1218 4752 sed
1252 4672 1427 4773 Romae,
1456 4695 1496 4756 et
1525 4671 1565 4755 in

106 4779 260 4866 aedibus
285 4782 481 4898 pontificiis
504 4784 621 4871 verba
643 4778 766 4865 facere
784 4841 796 4884 ,
815 4780 958 4865 dictum
986 4784 1174 4868 notissima
1197 4784 1370 4869 cautione
1404 4811 1443 4871 et
1472 4815 1565 4871 tuo·

105 4924 192 4985 rum
222 4898 647 5016 quibusdamfamiliari
677 4897 914 5014 temperasti.
957 4905 1070 5000 Laos.
1113 4899 1290 5011 Omitte,
1308 4907 1565 5010 Democrates,

1465 5050 1571 5108 men·
