4050 5858
374 392 479 466 SEU
519 397 598 466 DE
637 397 1012 468 APPETENDA
1050 398 1310 473 GLORIA.
1461 426 1543 492 2199
1668 481 1675 494 ,

108 523 223 633 niet,
253 547 292 609 et
324 549 363 609 se
395 521 445 609 ad
474 518 813 636 respondendum,
844 518 873 604 si
905 520 989 634 quis
1022 519 1121 606 hosti
1148 523 1260 608 etiam
1292 523 1421 610 datam
1455 526 1570 615 fidem

118 641 378 761 praestandam
402 669 481 726 esse
508 638 726 743 dictaverit,
750 634 872 723 multo
896 661 984 722 ante
1008 639 1263 752 comparabit.
1294 642 1399 727 Idem
1421 674 1468 730 ex
1499 675 1570 732 no·

116 761 200 866 stris
221 787 356 844 censeo
378 757 427 842 de
443 757 575 842 Garsia
590 754 774 841 Gometio
789 752 947 839 Cattillo
963 813 976 858 ,
992 755 1059 870 qui
1086 761 1193 872 Rege
1218 751 1384 845 Alfonso
1408 761 1568 869 decimo,

113 905 207 963 cum
220 874 421 961 Xereeium
450 873 632 988 oppidum
658 902 682 957 a
708 871 1002 958 Granatensibus
1032 895 1088 956 est
1119 898 1376 990 expugnatum
1391 936 1403 981 ,
1419 879 1496 990 ejus
1511 910 1567 965 ar·

116 1022 201 1080 cem
234 1022 380 1108 praeses
408 993 668 1078 custodiebat:
697 988 801 1100 cujus
831 987 924 1074 fides
957 1016 1024 1073 cur
1057 1017 1145 1073 cum
1173 991 1296 1076 Marci
1327 996 1462 1108 Reguli
1494 994 1568 1083 lide

114 1139 200 1198 non
224 1112 270 1196 sir
292 1110 548 1222 comparanda
564 1169 577 1214 ,
594 1106 684 1191 nihil
699 1106 834 1195 video.
865 1104 947 1200 Qui
975 1133 1091 1211 cum,
1114 1106 1316 1194 interemto
1343 1112 1451 1195 omni
1478 1115 1568 1200 arcis

117 1227 305 1344 praesidio
321 1288 335 1332 ,
351 1226 449 1311 solus
481 1248 708 1341 superesset,
745 1251 806 1307 eas
835 1222 1001 1308 hostium
1032 1247 1172 1339 strages
1199 1226 1365 1331 edebat,
1393 1229 1568 1345 adeoque

117 1374 219 1430 unus
243 1345 354 1430 instar
383 1342 551 1428 cohortis
581 1341 879 1471 propugnabat,
905 1363 950 1424 ut
977 1368 1040 1426 tex
1066 1339 1182 1424 hostis
1210 1343 1250 1427 in
1281 1343 1567 1434 admirationem

114 1461 230 1575 ipsius
254 1488 490 1565 conversus,
510 1460 660 1573 parcere
688 1486 767 1570 ejus
800 1456 899 1543 vitae
923 1455 1196 1572 diligentissime
1224 1458 1480 1573 imperaverit.
1504 1464 1568 1550 Ille

117 1605 215 1665 vero
237 1605 324 1663 curn
355 1575 480 1662 ferreis
501 1576 606 1662 uncis
634 1575 871 1681 traheretur,
887 1575 1145 1688 statuissetque
1167 1605 1256 1660 suae
1281 1575 1368 1663 fidei
1392 1607 1567 1666 essenon

117 1719 209 1782 ante
235 1723 359 1780 arcem
385 1724 504 1808 quarn
522 1695 650 1782 ‘vitam
676 1690 875 1798 amittere,
896 1690 1003 1806 quasi
1035 1720 1185 1776 sensum
1207 1692 1411 1800 amisisset,
1442 1696 1567 1784 laniari

114 1806 164 1898 'se
191 1840 236 1897 ac
264 1811 420 1924 discerpi
455 1811 693 1925 patiebatur,
727 1837 777 1893 ne
806 1809 845 1893 in
877 1807 1041 1894 hostium
1070 1838 1202 1894 manus
1232 1811 1461 1924 perveniret.
1492 1816 1568 1902 Sed

118 1956 212 2014 cum
242 1928 299 2014 vir
332 1956 430 2014 unus
465 1928 594 2043 magni
623 1925 799 2012 exercitus
830 1925 967 2017 coactis
999 1924 1136 2012 viribus
1167 1928 1344 2013 obsistere
1379 1956 1460 2013 non
1493 1961 1565 2043 po·

49 2108 52 2113 «
116 2047 249 2134 auisset
266 2103 280 2151 ,
296 2073 384 2129 cum
408 2044 570 2130 maxiano
601 2042 701 2130 vitae
725 2042 851 2128 taedio
877 2038 1069 2127 confectus
1095 2042 1311 2131 vulneribus
1333 2070 1464 2158 captus
1485 2073 1566 2152 est3

118 2185 160 2249 et
182 2190 206 2245 a
235 2166 340 2277 Rege
371 2158 595 2247 Granatensi
622 2188 703 2245 non
728 2159 848 2245 modo
876 2158 1166 2273 impunitatem,
1193 2160 1257 2246 sed
1289 2161 1459 2247 eximiam
1482 2163 1567 2248 lau·

120 2279 210 2365 dem
234 2277 486 2380 commeruit,
517 2301 557 2363 et
579 2285 816 2391 recepta'per
840 2276 1073 2362 medicorum
1099 2277 1288 2392 regiorum
1310 2307 1495 2363 summam
1511 2279 1567 2364 di·

80 2483 85 2489 ,
119 2393 312 2511 ligentiam
342 2393 584 2498 valentdine,
601 2395 650 2479 ad
675 2424 786 2478 suum
811 2421 939 2508 regem
964 2422 1052 2477 curn
1084 2416 1211 2479 tantae
1226 2392 1314 2480 fidei
1340 2421 1386 2480 ac
1421 2395 1566 2512 magni·

121 2511 260 2598 tudinis
287 2511 401 2612 aninri
415 2510 615 2625 praecipua
637 2509 967 2594 commendatione
992 2509 1159 2595 remissus
1187 2535 1264 2597 est.

121 2699 155 2710 ‚s
189 2631 280 2713 XV.
353 2631 439 2714 Nec
472 2626 738 2741 temperantiae
759 2623 918 2711 dubitari
948 2654 1056 2739 posse
1086 2626 1228 2734 video,
1244 2628 1337 2742 quin
1369 2625 1565 2717 clarissima

80 2830 85 2846 ,ί
121 2744 291 2859 exempla
314 2743 468 2831 ediderit
494 2744 680 2859 appetitus
709 2743 868 2858 gloriae.
897 2746 939 2826 P.
955 2743 1079 2858 Scipio
1109 2769 1453 2850 commemoratur,
1469 2774 1559 2832 cum

120 2887 231 2976 capta
254 2891 357 2948 nova
384 2861 640 2978 Carthagine,
666 2861 810 2945 multos.
828 2859 974 2945 obsides
1001 2890 1026 2944 a
1048 2861 1404 2976 Carthaginensibus
1427 2861 1566 2950 ibidem

120 2978 307 3084 inclusos,
332 2979 498 3064 insuam
523 3001 749 3092 potestatem
772 2976 999 3089 redegisset,
1020 2976 1115 3060 inter
1140 3007 1239 3090 quos
1262 2980 1371 3095 virgo
1395 3004 1475 3065 erat
1490 2979 1565 3064 sin-

120 3095 259 3211 gularis
282 3093 559 3210 pulchritudinis
582 3094 774 3180 Celtibero
797 3092 940 3178 Indibili
961 3094 1184 3207 desponsata
1202 3122 1215 3198 3
1232 3123 1313 3182 non
1330 3093 1454 3181 solnm
1470 3095 1563 3183 illius

117 3212 320 3328 pudicitiae
339 3212 380 3298 in
403 3244 471 3300 sua
501 3237 666 3329 quatuor
693 3235 732 3297 et
747 3209 879 3326 viginti
909 3238 1097 3295 annorum
1126 3210 1265 3297 lubrica
1295 3236 1417 3298 aetate
1433 3241 1564 3327 peper-

118 3331 210 3414 cisse
231 3359 394 3435 ,verum
422 3330 535 3415 etiam
563 3327 781 3417 inviolatam
798 3327 976 3412 accersitis
994 3327 1208 3439 parentibus
1230 3352 1285 3414 et
1301 3358 1442 3444 sponso
1470 3330 1564 3419 illius

120 3445 242 3561 gentis
268 3445 496 3533 nobilissimis
518 3447 595 3533 sine
611 3444 731 3561 pretio
754 3444 963 3531 tradidisse.
978 3443 1087 3544 Quid
1109 3468 1202 3530 tunc
1217 3446 1284 3531 nisi
1299 3448 1460 3563 gloriam
1483 3476 1563 3559 spe·

121 3564 230 3648 rabat
248 3563 399 3678 Scipio?
429 3592 481 3648 an
503 3592 594 3652 eum
619 3562 803 3678 religionis
831 3561 1311 3677 superstitiocontinebat?
1342 3563 1435 3678 qui,
1452 3561 1481 3645 si
1500 3559 1561 3648 vel

125 3675 241 3764 libido
262 3681 323 3779 ud
349 3681 500 3768 avaritia
537 3680 619 3798 plus
640 3678 743 3794 apud
771 3707 888 3782 eum,
912 3706 1030 3793 quam
1059 3674 1160 3765 fama
1199 3679 1370 3768 valuisset
1386 3738 1400 3782 ,
1416 3701 1564 3791 poterat

119 3824 195 3881 suo
226 3791 327 3883 facto
356 3796 411 3910 jus
435 3797 545 3904 belli,
568 3798 677 3914 quod
703 3823 818 3912 penes
846 3795 936 3881 alios
967 3824 1068 3881 sacra
1100 3795 1213 3882 etiam
1242 3795 1460 3910 plerumque
1482 3824 1565 3905 pro

121 3908 271 3999 fanavit
285 3973 298 4018 ,
313 3916 575 4028 praetendere.
600 3916 759 4013 Quoin
792 3941 929 4030 genere
961 3912 1080 3998 multa
1113 3911 1223 4001 vobis
1257 3934 1442 4027 poteram,
1455 3911 1564 3997 Chri·

123 4029 330 4115 stianorum
345 4035 620 4147 Imperatorum
639 4059 731 4124 non,
745 4031 891 4125 minora
911 4029 1082 4143 exempla
1113 4026 1268 4115 referre.

183 4149 287 4231 XVI.
345 4149 429 4261 Jnc.
470 4149 615 4262 Cujus,
638 4179 755 4263 quam
783 4172 851 4232 tua
877 4146 1031 4262 potius?
1054 4175 1170 4260 quem
1195 4144 1327 4229 scimus
1352 4172 1434 4231 non
1453 4144 1567 4230 semel

10 4369 13 4373 g
126 4289 194 4346 aut
218 4265 380 4371 iterum,
410 4265 476 4352 sed
499 4297 609 4382 saepe
631 4266 696 4351 tali
719 4265 914 4350 occasione
937 4263 1093 4366 oblata,
1119 4261 1250 4348 oculos
1271 4261 1383 4346 etiam
1404 4291 1428 4346 a
1450 4261 1566 4349 libidi-

126 4406 227 4462 noso
255 4406 406 4494 aspectu
431 4383 469 4465 in
493 4411 539 4467 ea
560 4408 710 4487 aetate,
725 4410 824 4497 quae
844 4380 949 4465 facile
971 4379 1066 4466 solet
1080 4378 1295 4490 hujusmodi
1310 4377 1568 4493 voluptatibus

119 4493 295 4580 solicitati
313 4499 581 4601 ,continuisse.
617 4506 741 4586 Gorss.
766 4503 919 4585 Poterat
933 4493 1087 4582 fortasse
1108 4495 1344 4612 quidquam,
1359 4520 1403 4582 ut
1422 4497 1473 4581 ais
1488 4556 1501 4601 ,
1518 4496 1567 4582 de

122 4640 187 4696 me
207 4642 367 4728 quoque
397 4644 478 4703 non
506 4617 671 4702 absimile
693 4613 1005 4700 commemorari:
1031 4610 1097 4697 sed
1127 4614 1218 4728 quia
1238 4613 1348 4698 nobis
1376 4612 1566 4699 sacratissi-
1705 4700 1709 4705 ,

6 4794 8 4797 .
124 4756 211 4813 mae
241 4755 390 4818 nostrae
422 4733 749 4850 religionis,quae
773 4731 863 4816 talia
882 4728 960 4815 heri
987 4730 1185 4816 arctissime
1208 4730 1407 4844 prohibet,
1423 4730 1461 4813 in
1488 4728 1567 4843 priv.

120 4844 190 4934 mis
217 4872 273 4936 est
298 4847 475 4938 habenda
501 4851 620 4960 ratio,
652 4877 787 4936 eorum
808 4846 978 4936 libentius
1001 4845 1100 4936 facta
1121 4849 1196 4936 hoc
1224 4848 1263 4933 in
1296 4845 1383 4933 loco
1412 4843 1564 4980 refero,

138 4994 143 5000 ,
1498 4991 1565 5078 qm
