4006 5850
506 362 533 383 ²·
659 341 999 438 ιιιιιιι
1082 357 1173 381 ‘”
1439 379 1516 466 ab

96 494 179 596 Qui
195 490 361 582 naturale
375 512 458 581 non
472 488 512 579 id
528 491 724 579 dumtaxat
749 489 900 606 intelligi
918 484 1054 575 volunt
1071 545 1084 593 ,
1103 487 1210 605 quod
1234 517 1378 607 semper
1393 487 1437 579 fit
1453 524 1537 608 per-

94 641 208 751 petua
224 613 390 729 quadam
403 611 616 697 constantia
634 608 735 723 (hoc
748 609 847 693 enim
862 609 953 692 citra
968 614 1095 692 Deum
1111 632 1150 693 et
1165 610 1336 695 caelestes
1364 614 1534 718 substan-

92 734 159 819 tias
175 761 257 817 non
278 733 328 816 ita
345 729 468 814 multis
484 729 623 815 naturis
644 751 700 812 est
729 725 926 860 datum)u
919 727 984 812 sed
1007 720 1116 841 quod
1138 722 1297 811 eflicitur
1327 758 1490 847 magna
1486 760 1534 820 ex

89 874 209 981 parte‘
240 848 364 941 Quod
387 871 508 981 usque
523 847 621 931 adeo
636 873 769 931 vetum
782 867 836 929 est
851 843 890 927 in
904 842 976 949 iis,
1000 872 1099 958 quae
1118 840 1251 929 natura
1266 844 1485 932 dicuntur
1456 877 1534 934 esse

57 1029 59 1038 ·
90 966 214 1080 justa,
231 988 275 1050 ut
295 966 349 1050 ob
374 964 473 1049 hoc
464 982 584 1078 ipsum
599 963 755 1079 quidam
771 966 943 1096 veterum
947 961 1314 1096 philosophorum,
1338 959 1450 1047 nihil
1456 994 1534 1054 esse

93 1110 231 1169 natura
246 1084 385 1195 justum
406 1081 648 1196 putaverint,
675 1081 856 1195 quoniam
872 1078 1002 1184 exiis,
1028 1108 1126 1199 quae
1141 1079 1228 1165 talia
1243 1086 1321 1166 esse
1344 1081 1533 1192 dicuntur,

61 1264 63 1276 ι
93 1201 186 1287 nihil
202 1200 372 1287 viderent
388 1199 529 1314 ,quod
544 1227 624 1283 non
640 1197 870 1311 aliquando
861 1196 1036 1332 injustum
1060 1226 1138 1282 esse
1166 1198 1397 1334 reperiretur.
1427 1202 1535 1294 Quo

92 1343 180 1404 rum
195 1316 431 1403 sententiam
441 1315 675 1403 Aristoteles
674 1344 808 1401 rerunt
836 1314 1089 1430 sagacissimus
1104 1315 1283 1430 interpres
1298 1317 1364 1402 ita
1374 1314 1532 1428 refellit,

63 1475 65 1483 ⁴
95 1460 141 1521 ut
156 1437 290 1557 natuta'
305 1432 443 1548 justum
458 1433 499 1519 id
515 1461 592 1519 esse
606 1434 770 1538 ιιοιιιι,
778 1461 874 1517 non
890 1432 999 1547 quod
1014 1460 1187 1546 semper,
1209 1434 1283 1520 sed
1307 1433 1416 1550 quod
1448 1439 1532 1525 ubi·

61 1611 63 1614 .
94 1576 176 1669 que
186 1549 252 1639 sua
269 1574 441 1667 sponte,
459 1580 539 1638 non
555 1564 682 1636 autem
700 1550 880 1665 opinione
898 1548 1096 1634 hominum
1112 1549 1285 1671 eamdem
1308 1552 1475 1638 habet
1438 1585 1530 1663 vam,

94 1698 318 1786 magnaque
322 1698 369 1755 ex
384 1690 489 1782 parte
500 1667 639 1780 iustum
660 1695 742 1753 est:
771 1666 904 1782 quod
895 1691 984 1751 rtem
1002 1690 1175 1787 aperta
1149 1663 1294 1753 ratione
1310 1670 1530 1784 declaratur.

92 1789 271 1874 Reddere
280 1806 447 1900 namque
470 1785 682 1899 depositum
698 1808 835 1870 natura
849 1784 987 1896 justum
1000 1811 1077 1869 esse
1104 1808 1284 1887 constat,
1312 1812 1440 1872 tamen
1467 1790 1530 1874 in·
1594 1842 1596 1846 ,

63 1952 68 1973 ι.
93 1904 225 1990 sidunt
240 1929 438 2020 tempora,
450 1926 539 1987 cum
553 1900 724 1988 idfacete
739 1902 879 1988 contra
887 1900 1054 1987 officium
1073 1896 1234 1988 maxime
1248 1904 1320 1988 sit:
1339 1929 1394 1990 ut
1400 1906 1428 1990 si
1443 1909 1528 2022 quis

66 2072 69 2080 ,
94 2020 269 2156 deposito
290 2020 417 2138 gladio
433 2020 535 2106 exite
556 2019 605 2106 de
622 2044 806 2157 potestate
821 2019 1014 2133 coeperit,
1030 2009 1336 2160 depositumque
1355 2048 1528 2160 repetat,

28 2187 31 2193 ·
95 2137 226 2250 injuste
241 2135 425 2274 profecto
439 2161 560 2254 agat,
580 2138 648 2253 qui
664 2166 768 2223 arma
782 2134 921 2223 furenti
941 2136 1227 2225 ministraverit·
1244 2164 1283 2224 et
1305 2142 1391 2254 pari
1415 2141 1532 2251 ratio·

71 2283 145 2340 ne
161 2317 174 2362 ,
189 2285 257 2370 qut
244 2256 497 2341 thesaurum
508 2255 613 2370 apud
636 2285 675 2341 se
698 2256 912 2384 depositum
926 2254 1127 2342 reddiderit
1152 2255 1302 2391 paranti
1318 2286 1367 2341 eo
1383 2259 1434 2344 ad
1459 2291 1531 2372 pa·

74 2360 204 2457 ¹triam
219 2373 519 2507 oppugnandam
533 2371 659 2457 abuti.
677 2372 781 2468 Quia
808 2379 937 2459 tamen
951 2371 990 2459 id
1013 2367 1158 2457 efficere
1179 2372 1340 2457 maxima
1363 2402 1409 2460 ex
1424 2387 1530 2490 parte

96 2485 234 2602 justam
249 2514 336 2596 est,
347 2514 402 2575 ιι
416 2489 630 2576 hominibus
644 2488 786 2604 ubique
801 2489 974 2607 gentium
986 2488 1135 2575 insitum
1152 2551 1165 2597 ,
1181 2518 1262 2576 non
1277 2481 1392 2625 lege
1374 2492 1531 2579 volun·
1599 2544 1603 2558 ‹
1722 2520 1726 2527 *

95 2605 189 2694 tatia
203 2607 413 2712 sancitum,
429 2607 568 2694 ideirco
584 2605 798 2721 depositum
809 2607 991 2713 reddere
1010 2630 1150 2712 utest,
1169 2607 1219 2692 sic
1233 2634 1309 2694 esse
1302 2597 1460 2715 dicitur
1469 2640 1532 2698 na
1568 2650 1569 2658 ι

43 2790 45 2795 ‚
87 2747 181 2810 >tuta
198 2724 351 2838 justum.
380 2721 522 2811 Cum
509 2725 622 2842 rgitut
637 2726 889 2840 quarumdam
904 2667 1037 2842 legaim
1045 2669 1279 2811 nattitalium
1295 2754 1341 2810 ea
1362 2730 1532 2816 conditio

96 2842 171 2949 sit,
194 2866 355 2930 utnon
374 2841 549 2928 omnibus
573 2843 804 2970 temporibus
834 2842 1125 2959 hominibusque
1153 2843 1420 2951 conveniant,
1441 2847 1533 2934 nihil
1624 2888 1627 2894 ·

84 2959 241 3044 mitum
249 2985 331 3067 est,
352 2960 381 3045 si
397 2959 449 3045 eis
462 2989 640 3076 quoque,
658 2988 746 3045 cum
761 2960 847 3046 talia
861 2983 1034 3075 tempora
1045 2960 1240 3067 rncrdunt,
1258 2986 1420 3079 potestas
1434 2978 1532 3080 po'n·
1629 3042 1631 3046 ,

85 3073 206 3161 tilicia
221 3021 467 3181 dominetur,
492 3106 582 3163 non
583 3100 637 3163 ut
662 3101 752 3195 agat
778 3077 838 3162 in
836 3077 1035 3165 diversum
1058 3079 1282 3164 contrariam
1305 3073 1427 3194 legem
1452 3106 1531 3169 sta-

79 3193 275 3301 ῑιιιιιιιιο,
290 3219 357 3282 aut
372 3135 517 3280 illaritm
532 3196 749 3311 quampiam
766 3195 991 3312 abrogando
1004 3193 1018 3308 (
1031 3194 1110 3280 hoc
1121 3196 1220 3281 enim
1235 3219 1328 3283 esset
1343 3224 1530 3306 naturam,
1658 3288 1665 3301 x

78 3311 213 3427 quod
223 3309 300 3398 fieti
323 3341 405 3399 non
431 3338 586 3428 potest,
603 3313 827 3449 invertere)
853 3314 918 3400 sed
942 3337 988 3400 ut
1007 3314 1268 3428 temporibus,
1291 3314 1416 3430 qualia
1433 3316 1531 3402 dixi-

80 3458 186 3514 smus
192 3427 482 3554 ,incidentibus
492 3457 609 3565 quem
629 3431 838 3545 oportuerit
852 3460 878 3513 a
890 3428 974 3548 lege
991 3455 1148 3517 naturae
1165 3431 1364 3548 publica,
1352 3455 1572 3549 rnterpte·

79 3546 265 3654 tatione,
282 3576 408 3663 quam
405 3546 727 3663 dispensationem
743 3576 949 3653 vocamus,
967 3547 1141 3664 excipiat.
1167 3553 1231 3665 Ac
1248 3573 1291 3636 ut
1318 3548 1440 3680 mirati
1430 3549 1529 3639 ’·(ιι

81 3663 213 3770 sinas,
227 3692 381 3750 naturae
392 3664 492 3781 leges
508 3693 633 3801 ,quae
649 3665 834 3753 versatiles
850 3665 1050 3752 hominum
1066 3696 1188 3753 mores
1202 3661 1420 3804 attingunt,
1437 3699 1529 3784 pos-

79 3809 133 3867 sse
148 3724 235 3866 linia
250 3782 438 3871 humanae
454 3781 673 3900 prudentiae
687 3782 920 3897 aliquatenus
934 3783 1087 3900 expoliti
1102 3809 1147 3870 ac
1170 3783 1397 3901 temperari,
1422 3811 1529 3876 verte

76 3898 272 3985 aanimum
277 3900 328 3987 ad
343 3924 538 4007 easattes‚
564 3928 663 4016 quae
677 3904 822 3986 Graece
837 3931 861 3986 a
876 3901 1075 4009 machinis,
1107 3932 1201 4019 quas
1217 3904 1393 3990 adversus
1420 3930 1529 3991 natu·
1650 3967 1652 3973 ·

82 4045 156 4103 ἰιι
183 4042 342 4138 conatus
359 4017 569 4124 adhibent,
599 4020 829 4103 mechanicae
844 4044 1139 4135 nuncupantur,
1168 4045 1207 4107 et
1212 4020 1371 4107 multis
1361 4051 1400 4105 tn
1418 4024 1529 4110 rebus
1555 4078 1583 4128 1,
1591 4077 1718 4134 „m

83 4125 286 4244 invenies,
301 4136 341 4225 id
354 4135 466 4274 quod
474 4136 589 4253 longe
614 4135 810 4223 mirabilius
822 4161 911 4244 est,
938 4162 1110 4223 naturam
1133 4136 1290 4253 ingenio
1315 4137 1409 4222 artib
1480 4170 1528 4228 ue
1540 4149 1579 4191 ω’

72 4248 299 4339 hominum
305 4254 481 4368 superati.
506 4256 620 4351 Quae
636 4280 769 4341 natura
781 4283 869 4339 cum
885 4284 1020 4370 saepe,
1045 4277 1088 4338 ut
1115 4277 1272 4340 testatur
1296 4169 1524 4366 Αιιιοιιιιι,

76 4368 226 4452 'tonna
253 4396 370 4484 quam
387 4370 503 4457 nobis
529 4396 588 4458 est
615 4403 741 4488 opus,
756 4369 932 4479 efficiat,
956 4397 1036 4458 arte
1064 4399 1193 4457 tamen
1221 4373 1369 4491 cogitur
1388 4378 1527 4531 nostris

90 4487 329 4572 commodis
319 4489 503 4577 inservire.

149 4604 235 4688 x11.
293 4605 367 4691 Sed
387 4606 589 4723 intelligere
612 4630 811 4721 o,p0rtet
823 4607 862 4694 id
887 4592 995 4722 quod
1019 4630 1113 4691 esta
1134 4607 1219 4696 vitis
1241 4609 1526 4724 prudentissimis
1647 4705 1652 4713 J
1768 4614 1774 4626 ’

89 4713 420 4853 apimdadvetsum,
442 4747 486 4810 ut
500 4724 640 4810 suntin
655 4701 891 4811 mathematis
911 4725 1153 4838 pronuntiata
1167 4729 1393 4861 quaedam
1369 4759 1392 4813 a
1406 4735 1528 4815 Grae·

90 4836 141 4924 cis
155 4846 380 4952 axiomata,
406 4784 489 4943 boc,
510 4866 599 4948 est,
610 4868 830 4930 communes
858 4867 1037 4960 rataeque
1053 4844 1256 4971 sententiae
1285 4872 1528 4964 nuncupata,

156 4955 263 5045 Tem
278 4955 348 5050 W.
996 4953 1091 5046 Kkk
1438 4993 1529 5084 qua·
1587 5009 1589 5015 ·
1643 5013 1647 5035 ·
