4006 5850
482 334 554 428 4m
790 335 859 408 ot
888 330 1341 410 numeremus.
1365 337 1492 408 ems.

458 459 761 549 maledictionem.
792 461 907 572 Elige
932 460 1023 572 eigo
1051 466 1204 565 vitam,
1229 475 1271 544 to
1284 476 1325 545 et
1347 475 1390 544 tu
1404 467 1525 549 vivas
1545 454 1624 573 ,et
1648 456 1775 549 minen
1803 462 1920 555 tuum}

457 582 574 694 Quae
590 582 705 669 verba
721 642 733 686 ,
751 577 781 665 si
796 607 923 687 motus
939 581 1153 665 animorum
1169 578 1208 664 in
1226 579 1383 667 alteram
1399 609 1546 696 partem
1571 580 1763 671 ferrentur
1791 615 1921 676 neces·

462 700 560 790 sario
578 765 591 812 ,
607 730 688 786 non
703 698 825 786 solum
844 725 967 788 essent
982 725 1288 814 supervacanea,
1313 701 1509 787 sedetiam
1526 703 1680 793 ridicula
1697 728 1739 790 et
1761 703 1918 826 indigns

463 851 614 940 prorsus
630 818 922 926 hominemne,
953 819 1097 905 nedum
1113 846 1192 922 eo,
1215 816 1361 933 inquo
1385 819 1531 932 spiritus
1555 823 1628 907 Dei
1655 822 1913 939 eloqueretur.

464 941 540 1030 Sed
557 972 606 1028 ne
622 935 767 1055 singula
787 934 1015 1044 referamus,
1035 965 1135 1052 quae
1152 960 1240 1021 sunt
1255 939 1538 1052 propemodum
1554 938 1700 1028 infinita
1717 1002 1730 1047 ‚
1745 943 1805 1030 his
1820 946 1913 1035 adde

466 1084 667 1177 praecepta
682 1083 722 1142 et
737 1058 1017 1144 exhortationes
1032 1115 1045 1160 ‚
1062 1054 1200 1190 quibus
1223 1050 1406 1142 refertum
1421 1082 1477 1143 est
1494 1083 1601 1146 vetus
1626 1084 1665 1145 et
1694 1089 1849 1149 novum
1862 1089 1914 1152 te-

413 1185 416 1193 ’
467 1204 711 1268 stamentum.
740 1176 855 1272 Quae
871 1174 1152 1294 proculdubto,
1186 1169 1319 1259 sinihil
1334 1174 1380 1259 sit
1410 1174 1599 1263 innostra
1622 1203 1845 1293 potestate,
1874 1215 1913 1271 o

469 1301 573 1386 mnia
589 1327 670 1384 non
688 1294 775 1381 dico
797 1323 919 1383 essent
938 1292 1108 1398 inutilia,
1133 1291 1200 1377 sed
1220 1290 1430 1379 stultissime
1449 1295 1700 1383 traderentur.
1735 1305 1798 1386 Ac
1827 1302 1918 1390 altis·

469 1419 562 1509 sima
577 1415 765 1531 quidem,
787 1439 830 1500 ut
859 1443 999 1530 spero,
1027 1408 1275 1498 fundamenta
1290 1409 1441 1523 jecimus
1454 1439 1586 1501 causae
1609 1440 1765 1503 nostrae
1784 1482 1797 1525 ,
1814 1450 1919 1509 eam.

468 1537 639 1650 'demque
665 1529 972 1648 *gravissimorum
993 1529 1143 1617 testium
1168 1527 1417 1637 auctoritate,
1442 1557 1483 1617 et
1509 1534 1653 1651 magnis
1687 1544 1920 1654 argumentis

472 1651 790 1743 confirmavimus.
822 1653 938 1736 Nunc
958 1649 1049 1765 quia
1063 1648 1148 1734 satis
1169 1646 1279 1759 hujus
1296 1647 1377 1733 libri
1404 1650 1561 1738 crevisse
1593 1652 1748 1740 videtur
1780 1663 1917 1776 magni·

472 1772 599 1878 tudo,
622 1798 671 1856 ne
692 1768 889 1855 continens
917 1769 1029 1855 lectio
1053 1766 1168 1883 possit
1195 1764 1444 1854 intentionem
1461 1769 1516 1856 tui
1530 1770 1645 1855 animi
1674 1769 1922 1894 longitudinis

473 1893 602 1994 medio
617 1882 823 2003 defatigare
840 1947 854 2008 ἓ
872 1886 1014 2010 reliqua
1028 1885 1068 1977 iu
1083 1884 1205 1979 altero
1218 1884 1414 1982 uolumine
1433 1916 1722 2009 persequemur.
