4192 5880
520 380 568 467 46
912 367 1132 449 RERUM
1169 366 1518 449 GESTARUM
1910 429 1912 435 Α

489 523 658 619 ceperat.
691 490 811 585 Paulo
827 517 914 613 post
930 494 1093 616 Aegidio
1117 491 1166 580 ab
1182 490 1504 611 exploratoribus,
1521 524 1622 616 quos
1653 494 1803 590 oculte
1826 527 1895 620 per
1908 527 1949 594 ο

355 724 358 728 ,
489 651 595 707 mnes
621 645 871 736 tyrannorum
885 616 996 704 urbes
1013 614 1246 733 disposuerat
1260 674 1273 720 ,
1287 614 1506 724 nuntiatur,
1531 621 1807 708 Bernardinum
1834 622 1949 710 Pole-

488 763 653 845 tanum,
673 767 789 855 quem
805 740 1029 831 Ravennam
1057 734 1260 822 obtinuisse
1285 734 1649 845 demonstravimus,
1672 741 1802 829 audita
1825 741 1947 831 victo·

487 858 540 945 ria
558 860 607 945 de
629 858 739 944 tantis
757 856 923 970 tyrannis
939 915 952 960 ,
968 854 1132 940 maximo
1148 879 1254 940 metu
1271 853 1456 970 trepidare
1471 917 1484 963 ,
1500 884 1545 941 ac
1561 857 1721 972 proinde
1751 890 1860 976 porse
1888 859 1938 946 la·

487 977 557 1064 cile
580 977 629 1064 ad
647 975 880 1061 deditionem
899 972 1091 1089 compelli.
1127 980 1235 1091 Ergo
1263 973 1516 1058 Patriarcham
1530 976 1831 1096 Aquilegiensem
1857 1007 1946 1069 cum

487 1096 650 1181 exercitu
662 1097 885 1180 Ravennam
905 1091 1084 1208 proficisci
1096 1088 1222 1202 jubet,
1240 1091 1357 1206 portis
1376 1092 1476 1178 urhis
1492 1093 1676 1204 hisistere,
1689 1124 1734 1181 ac
1752 1099 1860 1185 omni
1889 1129 1940 1185 ra·

487 1213 592 1300 tione
624 1237 789 1329 tyranno
816 1235 962 1296 metum
987 1210 1154 1322 injicere.
1188 1208 1373 1307 Quicum
1405 1235 1554 1297 strenue
1578 1212 1761 1330 imperata
1784 1217 1947 1304 adnuni-

487 1355 634 1420 strasset
649 1393 662 1437 ,
680 1354 862 1445 tyrannus
890 1327 1121 1416 deditionem
1149 1325 1270 1413 facere
1287 1353 1416 1443 parat:
1433 1329 1500 1445 qui
1530 1329 1602 1416 hac
1618 1333 1815 1422 dumtaxat
1845 1364 1945 1423 exce·

487 1475 554 1567 pta
580 1449 824 1553 conditione,
849 1474 897 1532 ne
929 1448 1023 1532 uthe
1047 1445 1269 1562 pelleretur,
1286 1475 1464 1565 magnam
1487 1446 1564 1535 vim
1584 1450 1664 1535 auri
1685 1451 1722 1535 in
1741 1454 1947 1566 praesentia

488 1569 580 1655 dare
611 1565 834 1683 profitetur,
851 1589 890 1650 et
919 1566 1014 1651 dum
1043 1563 1157 1650 ceteri
1181 1564 1332 1679 tyranni
1364 1591 1623 1680 pacarentur,
1651 1593 1805 1655 centum
1837 1573 1948 1685 quin·

298 1743 422 1791 „mm
453 1687 671 1804 „quaginta
699 1684 884 1801 equitibus
899 1681 1158 1769 ecclesiasticos
1176 1681 1327 1796 juvare.
1358 1686 1450 1779 Qua
1479 1684 1528 1769 de
1556 1713 1596 1770 re
1621 1686 1810 1774 consultus
1832 1691 1947 1807 Aegi·

299 1801 392 1922 §53¹²
405 1806 572 1892 rece'clius
604 1805 838 1892 conditiones
861 1802 1002 1919 accepit
1023 1829 1104 1888 non
1118 1825 1300 1919 gravate:
1315 1803 1452 1918 quibus
1479 1799 1654 1911 firmatis,
1685 1810 1868 1893 Ravenna
1890 1837 1943 1894 re-

484 1949 597 2040 cepta
614 1948 669 2009 est
686 1983 698 2024 ,
715 1948 754 2009 et
766 1920 902 2009 Cervia
918 1981 930 2026 ,
945 1949 1045 2036 quae
1069 1919 1190 2005 eidem
1205 1944 1372 2036 tyranno
1386 1918 1625 2032 subjacebat.
1658 1927 1715 2008 rlt
1736 1925 1947 2012 Pranciscus

490 2042 732 2157 Ordelaphus
763 2064 802 2126 et
817 2041 983 2154 Joannes
1000 2034 1248 2144 Manlredus,
1263 2068 1431 2155 quorum
1460 2039 1562 2124 hunc
1593 2041 1792 2129 Fauentiae
1808 2105 1820 2150 ,
1838 2043 1942 2130 illum

491 2162 651 2250 Porilivii
681 2184 721 2245 et
752 2162 942 2245 Caesenae
966 2182 1150 2273 tyrannos
1181 2186 1287 2262 esse,
1317 2187 1429 2272 supra
1458 2158 1825 2267 demonstravimus,
1853 2162 1947 2248 ‘reli-

491 2311 614 2397 quum
628 2279 767 2363 bellum
784 2278 850 2363 sibi
881 2275 1112 2390 potissimum
1143 2274 1360 2392 impendere
1382 2276 1650 2393 intelligentes,
1672 2278 1802 2365 nnhtes
1835 2280 1947 2367 undi-

491 2428 568 2516 que
596 2396 702 2485 omni
717 2396 846 2492 studio
872 2394 1103 2510 conquirunt
1118 2453 1131 2499 ,
1147 2418 1188 2480 et
1203 2394 1334 2480 auxilia
1361 2395 1512 2480 summis
1528 2396 1694 2508 precibus
1722 2395 1937 2512 implorant.

492 2523 625 2634 Itaque
641 2515 855 2602 societatem
871 2513 972 2599 illam
987 2520 1266 2600 Germanorum
1285 2572 1297 2617 ,
1314 2514 1361 2599 de
1376 2544 1454 2631 qua
1484 2541 1596 2629 supra
1608 2516 1839 2601 mentionem
1854 2513 1941 2601 feci·

494 2640 605 2741 mus,
626 2663 714 2720 cum
740 2635 837 2720 duce
854 2630 1029 2719 Laudino
1047 2660 1186 2749 magna
1206 2634 1377 2718 mercede
1393 2631 1605 2719 conducere
1626 2633 1818 2720 nituntur:
1835 2634 1946 2749 quod

493 2781 582 2840 cum
598 2754 720 2837 minus
739 2750 995 2868 processisset,
1013 2781 1156 2868 magno
1180 2749 1301 2865 pretio
1317 2777 1381 2835 eos
1397 2749 1590 2837 adducunt
1607 2811 1619 2856 ,
1637 2777 1681 2838 ut
1696 2753 1871 2838 Picenum
1891 2753 1947 2837 in·

494 2871 725 2958 cursionibus
753 2868 1019 2986 praedarentur
1035 2931 1047 2975 ,
1063 2897 1113 2955 eo
1143 2869 1276 2954 seilicet
1303 2870 1455 2954 consilio
1472 2931 1484 2975 ,
1501 2894 1545 2954 ut
1566 2871 1796 2956 ecclesiastici
1816 2899 1839 2953 a
1868 2871 1948 2955 Fla·

496 2991 608 3075 minia
623 3012 901 3092 averterentur3
919 3013 958 3074 et
972 2985 1022 3072 ad
1037 2990 1182 3103 Regem
1193 2987 1436 3091 Pannoniae,
1453 3012 1492 3074 et
1509 2987 1558 3072 ad
1571 2990 1833 3077 Barnabovem
1850 2987 1945 3099 ejus·

490 3137 574 3224 que
599 3104 779 3214 fratrem,
797 3106 865 3223 qui
891 3106 931 3192 in
962 3106 1171 3221 principatu
1197 3103 1470 3191 Mediolanensi
1486 3106 1626 3216 joanni
1655 3107 1947 3224 Archiepiscopo

496 3225 587 3312 inde
609 3251 762 3311 mortuo
781 3250 1052 3332 successerant,
1068 3222 1228 3310 subsidia
1252 3249 1534 3338 comprecatum
1550 3224 1717 3311 mitttmr.

558 3346 704 3429 XXIV.
748 3341 899 3439 Quibus
915 3342 1023 3430 rebus
1046 3342 1230 3460 cognitis,
1247 3342 1426 3459 Aegidius
1440 3341 1659 3429 Pontificem
1670 3372 1735 3460 per
1748 3343 1884 3430 litteras
1898 3343 1949 3430 de

498 3485 599 3548 statu
623 3461 676 3547 rei
705 3463 900 3548 certiorem
931 3458 1043 3567 facit,
1060 3462 1338 3576 hortaturque,
1355 3461 1412 3547 uti
1436 3461 1559 3575 primo
1587 3491 1745 3578 quoque
1775 3486 1949 3577 tempore

498 3583 644 3698 Regem
660 3580 875 3675 Pannoniae
899 3604 938 3665 et
952 3579 1136 3694 Principes
1161 3579 1463 3665 Mediolanenses
1494 3580 1644 3666 dimissis
1683 3580 1813 3666 litteris
1839 3603 1952 3695 roget

498 3698 807 3813 obtesteturque,
828 3727 877 3783 ne
900 3698 1077 3813 improbis
1107 3697 1274 3812 tyrannis
1291 3720 1331 3782 et
1353 3696 1524 3784 ecclesiae
1536 3697 1748 3815 Christique
1781 3697 1951 3785 hostibus

309 3862 339 3916 1,
351 3862 488 3926 md„
499 3840 687 3931 praestent
703 3814 898 3900 amulium.
928 3821 1049 3902 Porro
1079 3815 1157 3931 ipse
1172 3814 1347 3932 dispersas
1367 3815 1492 3933 copias
1524 3816 1655 3934 cogit,
1671 3846 1711 3904 et
1739 3816 1868 3902 relictis
1885 3815 1950 3901 Al-

309 3925 438 4037 {i‘ffi
499 3930 611 4020 fonso
624 3933 815 4019 Toletano
830 3957 985 4018 centurn
1000 3933 1184 4051 equitibus
1199 3958 1239 4020 et
1253 3933 1422 4021 ducentis
1445 3933 1654 4049 peditibus,
1671 3958 1797 4022 cetero
1813 3933 1954 4022 exerci-

498 4054 554 4138 tui
570 4051 742 4137 Blascum
757 4053 995 4138 Fernandum
1028 4049 1231 4167 praefecit,
1248 4053 1426 4170 jubetque
1450 4054 1707 4172 inAprucium
1723 4050 1953 4158 accelerare,

497 4195 538 4257 et
553 4176 793 4275 Germanos,
810 4171 876 4285 qui
899 4170 1095 4256 transitum
1110 4171 1150 4255 in
1165 4170 1343 4256 Picenum
1367 4173 1550 4288 parabant
1566 4173 1719 4278 ,itinere
1733 4167 1952 4286 prohibere.

498 4293 532 4374 Is
559 4317 647 4373 cum
685 4317 734 4373 eo
760 4288 905 4405 magnis
935 4287 1125 4375 itineribus
1153 4288 1434 4398 contendisset,
1450 4315 1670 4410 opporttuto
1693 4290 1781 4374 loco
1813 4310 1955 4373 castra-

500 4429 692 4510 metatus,
710 4435 749 4491 se
764 4407 962 4493 Germanis
990 4407 1175 4522 opponit:
1197 4409 1265 4526 qui
1295 4437 1412 4515 eum,
1432 4440 1481 4497 ne
1513 4434 1605 4496 tunc
1618 4407 1773 4525 quidem
1802 4406 1955 4519 incepto

500 4524 673 4612 desistere
691 4587 702 4630 ,
720 4524 864 4611 animos
894 4525 1141 4633 inducerent,
1157 4528 1223 4612 sed
1253 4525 1405 4614 ulterius
1432 4527 1609 4646 progredi
1624 4589 1637 4633 ,
1651 4526 1790 4612 coactis
1819 4523 1959 4611 viribus

501 4668 675 4760 pararent
691 4674 701 4729 ε
717 4643 866 4729 blastus
898 4643 1038 4758 praelio
1070 4644 1195 4730 statim
1218 4642 1441 4752 decernere,
1457 4647 1526 4732 nisi
1551 4645 1661 4761 quod
1690 4646 1767 4732 sine
1798 4641 1958 4757 imperio

503 4762 650 4880 Aegidii
676 4790 756 4846 non
788 4760 921 4847 licebat
937 4821 951 4866 ,
966 4788 1014 4845 ex
1050 4792 1121 4847 usu
1145 4761 1197 4847 rei
1212 4766 1391 4879 putabat.
1423 4768 1477 4851 At
1492 4765 1671 4882 Aegidius
1691 4759 1810 4848 factus
1842 4762 1892 4846 ab
1908 4758 1958 4847 ed

502 4881 558 4969 sui
571 4910 617 4968 ex
630 4880 837 4997 primorum
864 4878 1043 4968 exercinu
1058 4882 1197 4970 consili
1209 4883 1344 4974 certior
1359 4882 1486 4973 litteris
1499 4946 1514 4994 ,
1529 4881 1793 5001 consultusque
1805 4908 1966 5090 tespplq

1873 5079 1887 5120 L
1957 5063 1969 5088 .
