4192 5880
573 361 621 437 ,18
894 357 1187 435 RrERUM
1223 358 1610 436 GESTARUM

559 512 708 576 tantum
725 486 791 575 sibi
822 485 984 575 exercitu
997 481 1269 588 ιιιΙιιΙιιιΙιο,
1283 512 1322 568 se
1314 484 1509 619 Aegidio
1523 429 1778 577 dediderunt.
1843 522 1846 526 ⁴

382 632 432 682 ιιι
434 630 532 686 ιιιιιι
614 600 744 693 XXV.
802 611 913 690 Tunc
947 633 1040 690 vero
1064 601 1322 689 multarum
1292 604 1484 691 crvitatum
1503 637 1629 723 ,quae
1660 609 1828 723 tyrannis
1867 615 2007 703 servie-

361 707 457 869 {ixa
447 703 541 860 {iffi}
517 729 675 835 &bant
698 725 811 862 legati
833 723 881 811 ad
896 711 1099 847 Aegidium
1116 745 1328 818 venerunt:
1320 784 1373 829 „
1384 725 1647 813 Gratissimum
1677 729 1743 815 sibi
1759 731 1881 847 primo
1908 732 2007 822 fuis·

362 874 456 985 parum
474 875 541 932 ιιι-
556 878 654 958 „se
666 849 846 962 nuntium
855 841 1042 960 ,quando
1059 839 1235 959 Aegidius
1260 869 1350 929 cum
1382 845 1542 931 exercitu
1572 846 1611 930 in
1629 847 1771 935 ltaliam
1798 852 2005 965 adventare

558 966 792 1079 „nuntiatus
816 989 945 1052 esset:
973 992 1062 1049 nam
1092 986 1185 1071 tunc
1205 954 1368 1080 demum
1388 976 1481 1050 suae
1513 965 1686 1053 libertatis
1707 998 1812 1085 spem
1839 951 2005 1088 aliquam

555 1087 794 1203 „concipere
823 1113 932 1173 ausos
948 1079 1081 1173 baisse
1074 1143 1085 1187 ,
1101 1076 1274 1169 victorias
1305 1081 1442 1168 deiude
1457 1085 1506 1169 ab
1533 1114 1585 1170 eo
1616 1086 1664 1171 de
1682 1088 1871 1175 hostibus
1882 1119 2015 1208 partas

556 1270 585 1318 „
601 1208 844 1295 vehementer
862 1201 1073 1336 gratulari.
1091 1205 1223 1308 Nam,
1240 1200 1307 1287 etsi
1330 1200 1524 1319 plerasque
1550 1204 1659 1292 urbes
1674 1208 1844 1295 ccclesiae
1860 1211 2007 1322 amissas

557 1389 585 1435 „
599 1357 622 1409 ι
638 1326 805 1441 tyrannis
839 1322 940 1410 bello
956 1320 1173 1435 recepisset,
1188 1322 1304 1456 magis
1329 1345 1457 1408 tamen
1483 1352 1529 1433 ex
1551 1355 1643 1431 suo,
1660 1355 1776 1462 quam
1802 1328 1865 1416 vel
1878 1312 2007 1419 Ponti.

537 1508 586 1554 .‚,
599 1444 675 1532 ficis
700 1476 773 1534 usu
786 1442 975 1549 evenisse,
993 1469 1069 1528 sese
1096 1468 1177 1527 non
1186 1441 1400 1558 ignorare:
1414 1470 1502 1527 cum
1524 1442 1583 1530 ille
1607 1445 1765 1532 amissas
1775 1448 1950 1534 urbes
1910 1453 2008 1568 ,ipsi

559 1627 587 1673 „
601 1565 880 1700 libertatem,q
880 1593 932 1648 uo
959 1560 1057 1651 nihil
1071 1559 1200 1646 melius
1215 1588 1291 1646 esse
1307 1559 1345 1644 in
1370 1561 1482 1647 rebus
1497 1562 1690 1670 humanis,
1708 1570 2002 1704 recuperassent.

558 1744 586 1793 „
599 1684 785 1772 Proinde
776 1683 848 1768 suis
851 1594 968 1766 malis
989 1679 1146 1785 edoctos
1160 1708 1304 1795 ,quam
1322 1679 1367 1765 sit
1386 1680 1641 1769 calamitosum
1666 1686 1843 1799 tyrannis
1849 1688 2006 1796 servire,

556 1833 638 1911 „se
661 1831 803 1918 suaque
824 1800 979 1917 Aegidii
1007 1741 1269 1914 Pontificisque
1297 1797 1384 1885 fidei
1412 1830 1459 1885 ac
1477 1802 1657 1917 potestati
1687 1804 1852 1892 tradere
1865 1752 2006 1902 Quid

559 1979 586 2031 „
603 1922 728 2057 quid
720 1944 959 2058 imperasset,
976 1917 1208 2004 libentissime
1234 1949 1272 2004 se
1297 1946 1374 2004 esse
1397 1914 1585 2016 facttuos·
1604 1945 1754 2009 tartum
1769 1953 1814 2012 se
1823 1955 1864 2011 a
1862 1925 2007 2069 ιΙιιΙιιι

560 2102 588 2149 „
601 2041 653 2126 ria
677 2068 725 2124 ιι
739 2040 870 2154 injuria
891 2046 1148 2154 tyrannorum
1147 2062 1340 2125 tueretur
1346 2044 1381 2088 “
1552 2045 1555 2053 “
1782 2113 1787 2122 .
1910 2073 1917 2104 ··
1966 2106 1967 2114 ι

371 2191 471 2255 aegrae
504 2203 566 2244 re
576 2162 765 2256 XXVI
823 2158 1002 2276 Aegidius
1017 2157 1153 2243 liberali
1179 2158 1352 2245 oratione
1380 2157 1417 2244 le
1442 2165 1528 2247 atos'
1552 2187 1797 2277 prosecutio,
1814 2191 2006 2251 eoruma

365 2270 413 2315 ⁸⁹⁰
397 2267 495 2305 ⁰¹¹⁵”m
559 2281 682 2368 mmos
708 2306 880 2364 sermone
896 2278 946 2364 sic
970 2272 1232 2412 confirmavit:
1224 2338 1276 2385 .‚,
1289 2189 1510 2364 Pontillim
1523 2306 1595 2387 ,ιι
1625 2281 1673 2367 id
1689 2282 1836 2373 bellum
1850 2285 2008 2399 suscipe·

558 2462 586 2511 „
600 2425 685 2505 ret,
702 2428 783 2483 non
807 2398 923 2514 magis
952 2396 1103 2482 ιιιΙιιιι
1128 2396 1239 2511 partis
1272 2396 1498 2483 ecclesiastici
1514 2400 1660 2514 Imperii
1690 2399 2006 2519 indignationem,

558 2582 587 2630 „
601 2547 719 2634 quam
742 2514 993 2602 infelicium
962 2516 1184 2620 nvitatum,
1198 2514 1237 2599 in
1258 2520 1353 2631 quas
1384 2516 1618 2603 scelestissimi
1640 2520 1811 2623 homines
1843 2521 2010 2635 tyranni·

558 2637 690 2748 „dem
709 2660 952 2741 exercerent,
966 2634 1240 2721 miserationem
1262 2634 1467 2750 impulisse.
1500 2641 1653 2750 Sperare
1686 2667 1762 2723 sese
1781 2668 1901 2774 quun
1924 2663 2008 2724 mae

559 2820 588 2868 ‚,
601 2756 742 2844 ximea
769 2755 982 2840 lacirrorosis
1010 2743 1223 2840 bominibus
1238 2752 1434 2858 ,hostibus
1462 2755 1632 2840 ecclesbe
1649 2817 1661 2861 ,
1679 2756 1767 2871 qui
1760 2759 1905 2842 omnia
1928 2776 2010 2870 pura

560 2939 589 2985 „
604 2875 731 2963 divina
762 2876 1005 2989 humanaque
1032 2873 1259 2976 violassent,
1288 2896 1483 2958 tantorum
1513 2875 1692 2960 scelerum
1710 2904 1881 3011 poenas
1877 2904 2010 3011 quam

560 2995 764 3108 „primum
789 3018 1031 3096 sumturum,
1047 3019 1099 3075 ac
1120 3019 1253 3076 omnes
1267 2989 1459 3096 civitates,
1475 2996 1575 3106 quae
1602 3017 1668 3078 aut
1682 2994 1723 3080 vi
1737 2993 1932 3116 tyrannica
1953 2996 2009 3080 in·

559 3171 590 3221 .‚,
603 3111 703 3198 vitae
729 3140 941 3248 suppressae
955 3108 1148 3216 fuissent,
1145 3133 1219 3193 aut
1239 3133 1373 3222 sponte
1370 3108 1569 3195 hactenus
1596 3111 1823 3217 servientes,
1839 3112 2013 3227 aliquan·

561 3271 590 3339 „
606 3231 659 3316 do
684 3232 969 3368 resipiscerent,
978 3229 1058 3313 in
1054 3227 1273 3314 libertatern
1304 3227 1612 3331 vindicaturum:
1632 3231 1737 3319 satis
1749 3229 1851 3316 enim
1873 3230 2013 3331 liberos

563 3379 681 3457 „esse
699 3413 711 3457 ,
726 3382 794 3488 qur
782 3349 979 3459 ecclesiae
1004 3348 1155 3433 tantum
1184 3376 1229 3430 ιι
1254 3375 1389 3430 ιιιιιιι
1377 3327 1591 3436 Pontificis
1613 3347 1779 3479 legibus
1769 3347 2007 3439 uuervirent.

564 3470 779 3576 „Quod
753 3500 782 3556 ιι
796 3499 874 3585 qua
889 3468 1015 3555 civitm
1028 3495 1077 3552 eo
1092 3465 1265 3551 stultitiae
1280 3492 1324 3549 ac
1340 3466 1550 3564 dementiae
1554 3465 1817 3604 procederet,
1834 3493 1892 3555 ιι
1908 3466 2014 3563 obla-

565 3612 687 3695 „tam
714 3588 924 3676 libertatem
954 3610 1163 3693 recusaret,
1182 3584 1217 3671 ei
1239 3612 1319 3670 non
1349 3584 1531 3701 impune,
1547 3612 1637 3671 non
1653 3588 1770 3705 magis
1783 3615 1901 3772 quam
1931 3587 2014 3704 ipsis

566 3709 788 3820 „tyrannis
794 3707 921 3793 fore
905 3712 931 3757 “
1053 3739 1056 3744 ’
1128 3766 1129 3772 ¹

392 3863 572 3934 comeam
625 3827 816 3934 XXVll
826 3826 934 3909 ΗΙι
931 3801 1139 3940 responsis
1137 3822 1262 3940 legati
1286 3775 1516 3931 laetabundi
1540 3777 1770 3911 discedunt.
1790 3822 2015 3948 Aquorum

370 3935 428 3973 '¹¹¹¹'
441 3937 552 3985 “m
565 3947 747 4031 sententia
760 3942 967 4031 Cornetani
991 3967 1071 4027 tam
1089 3942 1203 4062 longe
1228 3942 1414 4046 aberant,
1431 3968 1476 4029 ut
1489 3947 1567 4058 pr'o
1577 3944 1746 4078 Joanne·
1741 3943 1850 4029 Vico
1848 3972 1896 4028 se
1906 3939 2016 4027 Pon·

514 4141 515 4144 .
565 4060 668 4177 cilicis
685 4065 811 4150 hostes
826 4093 903 4160 esse
888 4060 1021 4147 baud
1036 4061 1194 4147 obscure
1209 4059 1497 4175 profitercnmr.
1524 4064 1630 4165 Quo
1627 4062 1808 4180 cognito,
1822 4060 2019 4177 Aegidius,

566 4209 615 4267 ne
640 4182 717 4296 e'yus
745 4183 902 4270 ciuitatis
934 4180 1133 4296 pertinacia
1161 4178 1334 4294 exemplo
1349 4208 1508 4313 quoque
1535 4208 1672 4274 nocere
1700 4203 1855 4296 posset,
1871 4179 1942 4264 hos
1972 4191 2018 4265 d

482 4381 486 4389 .
566 4300 712 4385 mnium
744 4302 903 4386 maxime
920 4300 1020 4384 bello
1037 4298 1233 4414 persequi,
1248 4322 1288 4382 et
1315 4297 1435 4432 prima
1450 4327 1603 4415 quaque
1635 4299 1814 4414 temporis
1831 4322 2018 4414 opportu-

566 4419 683 4505 nitate
710 4447 846 4540 agrum
861 4417 1124 4503 Cornetanum
1140 4442 1294 4502 vastare
1315 4416 1462 4502 statuit.
1495 4420 1627 4510 Quare
1642 4419 1849 4553 Jordanem
1864 4443 1902 4503 et
1917 4418 2019 4507 Blas·

565 4566 656 4634 cum
679 4564 858 4651 nepotem
881 4565 1010 4622 suum
1018 4520 1181 4622 Romam
1205 4562 1404 4671 properare
1433 4535 1566 4649 jubet,
1581 4560 1621 4622 et
1650 4537 1818 4662 copias,
1827 4532 1933 4656 quae
1962 4533 2020 4620 hi

566 4655 750 4741 bemandi
775 4685 819 4740 ac
835 4653 1024 4772 praesidii
1021 4655 1145 4770 gratia
1173 4683 1224 4739 eo
1252 4655 1380 4740 missae
1405 4650 1609 4760 fueram,
1595 4684 1639 4740 m
1662 4686 1801 4789 agrum
1813 4650 2022 4738 Viterbien·

566 4801 646 4857 sem
677 4773 883 4861 deducere.
927 4773 1074 4867 Quod
1089 4772 1282 4859 consilium
1304 4774 1373 4857 ubi
1397 4773 1536 4886 Joanni
1567 4717 1666 4860 Vico
1695 4773 1910 4859 nuntiatum
1931 4796 2018 4877 est,

564 4893 770 5049 Reverium
778 4890 1030 4999 Victoriam,
1031 4920 1152 5009 quern
1180 4891 1298 4978 turice
1302 4892 1504 5011 diligebat,
1515 4916 1568 4981 et
1570 4892 1683 5011 quod
1712 4916 1792 4980 erat
1807 4891 1856 4977 ad
1767 4918 2021 5094 ηιιιιιὲἓ-

566 5063 568 5069 =
2005 5038 2023 5093 s
