4192 5880
589 384 630 468 32
892 366 898 377 “
977 366 1596 450 annuuoasrrnutt

563 496 763 587 Flaminiae
790 506 841 586 et
859 495 983 585 Piceni
1007 523 1217 612 tyrannos,
1242 500 1368 586 novos
1389 498 1529 589 amicos
1554 499 1777 613 conciliate,
1793 508 2016 605 confirmare

564 643 729 706 veteres.
761 619 825 705 Ille
840 648 933 707 vero
949 618 1130 704 ethostes
1153 617 1387 705 reconciliare
1404 682 1416 724 ,
1436 623 1632 709 communi
1654 625 1819 740 periculo
1837 635 2014 724 omnibus

559 740 780 856 proposito,
801 770 823 823 a
840 736 981 823 cunctis
1007 736 1181 822 auxilium
1197 763 1324 851 petere
1342 766 1354 843 ;
1370 768 1476 826 suam
1504 742 1666 830 invicem
1695 775 1810 862 opem
1834 753 2012 843 adversus

562 859 822 945 ecclesiasticos
837 857 1019 973 polliceri.
1046 858 1092 941 In
1109 855 1233 972 primis
1246 857 1460 945 habendam
1475 861 1542 946 sibi
1559 863 1743 950 rationem
1759 893 1947 979 statuens,
1965 898 2013 960 ut

411 1004 546 1056 uaruesta
560 979 721 1064 Gentilis
737 978 930 1063 Molianus
951 978 998 1063 ab
1015 976 1173 1062 amicitia
1188 976 1337 1094 Aegidii
1363 1005 1593 1068 averteretur
1609 1046 1621 1087 ,
1638 1011 1753 1099 atque
1783 990 1832 1075 ad
1849 1023 1931 1076 suas
1947 1022 2012 1080 te·

366 1078 473 1120 conatur
488 1062 546 1109 Mo·

364 1098 761 1192 summurn-'vocaretur
776 1121 923 1213 partes,
938 1097 1090 1214 triginta
1106 1096 1139 1180 ei
1156 1096 1381 1181 ducatorum
1406 1099 1517 1184 millia
1534 1131 1599 1217 per
1621 1104 1766 1220 legatos
1791 1108 1923 1195 mittit.
1948 1116 2011 1197 O·

366 1202 426 1240 Cel'e
437 1202 450 1235 ll
462 1195 543 1234 socle-
629 1217 638 1233 ο

366 1263 418 1302 tate
431 1259 489 1296 cunt
495 1241 543 1290 tle·

365 1311 446 1373 aldio.

561 1244 663 1300 mnra
679 1216 821 1333 oppida
849 1217 928 1333 agri
945 1214 1114 1301 firmiani
1130 1241 1168 1300 se
1196 1214 1245 1299 illi
1261 1216 1442 1323 reddere,
1460 1249 1499 1305 et
1523 1250 1589 1334 per
1603 1221 1804 1309 liberorum
1820 1229 2009 1318 connubia

559 1331 779 1422 affinitatem
796 1335 1014 1451 paciscitur,
1032 1334 1060 1419 si
1084 1334 1177 1420 daris
1200 1335 1435 1466 acceptisque
1451 1339 1664 1446 obsidibus,
1680 1370 1757 1427 sese
1781 1371 1917 1434 mutuo
1942 1379 2009 1435 au·

541 1453 1256 1543 stilioadversuscommmemhostem
1270 1479 1440 1565 juvarent
1457 1484 1469 1558 3
1488 1487 1629 1543 etcum
1659 1461 1852 1576 utriusque
1872 1467 2007 1555 eadem

557 1600 651 1660 esset
666 1603 775 1660 causa
792 1639 803 1681 ,
820 1574 996 1660 eumdem
1013 1572 1098 1657 belli
1113 1597 1297 1656 eventum
1320 1575 1581 1689 experirentur.
1607 1580 1824 1667 Commune
1851 1611 1928 1670 esse
1943 1615 2009 1700 pe·

555 1694 713 1779 ticulum
733 1695 874 1799 docet,
891 1691 1075 1779 utiliorem
1101 1691 1295 1809 magisque
1308 1691 1422 1779 fidam
1446 1725 1550 1780 suam
1568 1698 1709 1782 Gentili
1734 1699 1930 1787 amicitiam
1947 1701 2009 1790 fo..

556 1840 596 1899 re
611 1808 729 1930 quarn
748 1813 914 1931 Aegidii.
951 1811 1032 1906 Qui
1061 1840 1146 1895 cum
1177 1812 1314 1896 bellum
1347 1843 1415 1928 pro
1431 1813 1613 1900 Pontifice
1636 1818 1869 1933 suscepisset,
1888 1821 2004 1906 nemi·

540 1959 643 2017 'nem
660 1962 794 2018 eorum
811 1994 822 2038 ,
838 1932 905 2047 qui
933 1929 1072 2046 oppida
1103 1928 1361 2015 ecclesiasticae
1387 1931 1536 2016 ditionis
1565 1961 1808 2048 occupassent
1824 1999 1836 2042 ,
1855 1938 2006 2026 hostem

554 2077 637 2135 non
652 2079 746 2136 esset
763 2050 1005 2162 iudicaturus.
1043 2053 1146 2132 Nam
1169 2050 1236 2133 etsi
1264 2050 1505 2164 adpraesens
1532 2052 1730 2137 amicitiam
1747 2082 1834 2137 cum
1864 2086 1913 2142 eo
1939 2087 2005 2174 gc·

555 2199 636 2290 rere
653 2170 838 2255 simularet
855 2234 867 2276 ‚
884 2195 926 2255 ut
942 2164 1079 2252 facilius
1094 2192 1227 2252 contra
1243 2193 1387 2253 ceteros
1398 2167 1538 2253 bellum
1554 2196 1719 2289 gereret3
1737 2168 1818 2258 fore
1834 2234 1846 2277 ,
1864 2202 1907 2261 ut
1929 2177 2006 2263 aliis

539 2291 755 2404 superatis,
775 2289 892 2404 ipsum
912 2311 1103 2403 postremo
1119 2288 1328 2404 excogitata
1351 2316 1487 2396 causa,
1504 2289 1564 2377 vel
1585 2289 1697 2376 etiam
1720 2319 1800 2377 non
1814 2294 2003 2407 quaesita,

549 2409 726 2495 omnibus
746 2408 854 2498 bonis
880 2407 956 2492 sine
979 2431 1226 2523 repugnantia
1242 2406 1467 2521 expoliaret.

609 2531 678 2612 lV.
736 2527 886 2622 Quibus
902 2523 1054 2629 auditis,
1071 2525 1229 2609 Gentilis
1245 2525 1487 2613 vehementer
1505 2551 1560 2613 est
1583 2528 1842 2643 perturbatus.
1866 2534 2006 2648 Neque

549 2645 644 2762 quid
668 2645 807 2732 consilii
825 2668 998 2759 caperet,
1015 2643 1098 2727 saris
1126 2643 1285 2728 sciebat.
1318 2649 1448 2758 Turpe
1476 2646 1673 2733 videbatur
1706 2646 1818 2734 fidem
1839 2651 2003 2766 Aegidio

550 2763 680 2850 datam
696 2761 821 2849 fallere
837 2826 848 2868 ,
866 2764 931 2849 sed
966 2791 1104 2878 magna
1135 2786 1243 2846 erant
1267 2785 1306 2846 et
1322 2792 1480 2848 munera
1505 2789 1545 2849 et
1563 2764 1739 2880 promissa
1755 2767 2002 2875 Malatesrae,

549 2883 821 2999 consiliumque
839 2882 915 2994 ejus
932 2881 1045 2997 longe
1060 2879 1174 2964 tutius
1189 2882 1406 2996 reputabat.
1439 2888 1492 2966 Et
1508 2882 1600 2967 haec
1616 2882 1766 2998 quidem
1793 2914 1875 2997 pars
1909 2916 2006 3002 pro·-

549 3002 612 3085 cul
624 3000 744 3087 dubio
762 3002 912 3099 vicerat,
930 2999 996 3084 nisi
1011 2997 1166 3113 quidam
1183 3027 1229 3082 ex
1245 2999 1431 3084 Firmianis
1450 3000 1604 3105 civibus,
1622 3001 1757 3117 quibus
1777 3004 2001 3093 Malatestae

550 3149 702 3205 summo
717 3145 825 3206 erant
840 3103 961 3220 odi0,
993 3116 1202 3201 restitissent
1219 3147 1228 3199 ι
1245 3118 1312 3231 qui
1334 3147 1421 3202 cum
1447 3147 1494 3202 ex
1518 3121 1648 3233 populi
1677 3122 1857 3206 sententia
1890 3122 2004 3241 legati

552 3238 698 3355 publice
717 3240 765 3324 ad
785 3237 985 3355 Aegidium
1001 3234 1097 3318 missi
1111 3234 1160 3319 de
1182 3235 1330 3349 ancipiti
1340 3236 1499 3321 Gentilis
1525 3239 1654 3324 animo
1674 3238 1907 3346 docuissent,
1929 3249 2002 3329 Ae·

553 3358 674 3475 gidius
705 3357 754 3443 ad
771 3355 960 3442 Gentilem
989 3354 1131 3486 legatos
1149 3353 1244 3436 misit
1258 3415 1269 3456 ,
1285 3357 1355 3468 qui
1386 3354 1519 3469 partim
1543 3355 1896 3471 pollicitationibus,
1918 3388 2005 3474 par·

490 3509 492 3511 ’
553 3476 621 3561 tim
649 3475 880 3577 territand0,
909 3472 986 3584 ejus
1009 3500 1176 3555 anrmum
1208 3473 1256 3556 ab
1290 3473 1440 3588 incepto
1471 3498 1716 3560 revocarunt.
1747 3477 1828 3570 Qui
1855 3477 1893 3561 in
1915 3475 2005 3564 fidei

553 3594 808 3681 testimonium
824 3590 939 3674 filium
955 3616 1070 3704 atque
1096 3612 1273 3703 nepotem
1289 3591 1433 3676 obsides
1449 3591 1581 3697 dedit,
1596 3617 1635 3679 et
1652 3594 1731 3679 duo
1746 3593 1891 3679 castella
1909 3598 2000 3681 Mo·

554 3717 695 3799 rosium
713 3737 751 3797 et
767 3716 945 3795 Sanctum
961 3707 1205 3792 Benedictum
1221 3707 1390 3794 tradidit.
1418 3712 1593 3795 Tandem
1618 3711 1731 3827 legati
1761 3712 1891 3797 missia
1910 3717 2002 3800 Ma-

477 3864 480 3870 ·
555 3829 686 3916 latesra
711 3859 752 3915 re
766 3825 902 3913 infecta
916 3826 1123 3912 redierunt.
1165 3831 1248 3911 Nec
1264 3856 1310 3910 ea
1324 3852 1472 3913 tantum
1485 3857 1542 3914 res
1559 3827 1644 3914 l'ecit
1661 3891 1672 3934 ,
1691 3855 1734 3914 ut
1749 3830 1800 3915 rei
1822 3832 1918 3915 bene
1934 3861 2002 3949 ge·

554 3951 716 4053 rendae,
733 3973 773 4034 et
801 3947 1038 4031 Malatestam
1071 3928 1278 4058 desperatio
1297 3975 1375 4032 non
1405 3954 1546 4061 parva,
1563 3972 1602 4032 et
1634 3949 1834 4064 Aegidium
1863 3980 2004 4066 magna

538 4098 637 4182 -spes
651 4070 868 4167 incesseret,
892 4063 957 4148 sed
982 4062 1071 4148 illud
1096 4063 1218 4148 multo
1234 4065 1349 4182 magis
1362 4126 1374 4169 ,
1387 4065 1496 4178 quod
1509 4066 1696 4179 superiore
1717 4091 1887 4180 tempore
1901 4067 2004 4156 idem

555 4188 800 4271 Malatestaa
832 4189 1112 4268 Germanorum
1141 4181 1341 4287 societate,
1373 4182 1422 4266 de
1455 4212 1532 4296 qua
1568 4213 1679 4298 supra
1705 4184 2003 4273 demonstratum

554 4329 638 4409 est,
657 4304 808 4420 triginta
829 4301 985 4385 millibus
995 4299 1218 4384 ducatorum
1235 4327 1365 4414 pacem
1386 4327 1554 4385 emerat:
1573 4330 1786 4417 magnaque
1815 4327 2003 4417 praeterea

556 4422 737 4537 stipendia
765 4444 986 4538 erogaverat
1013 4419 1207 4522 militibus,
1232 4447 1329 4531 quos
1354 4444 1400 4501 ex
1428 4445 1473 4501 ea
1488 4420 1743 4522 conduxerat,
1761 4420 1827 4536 qui
1856 4417 2005 4509 fuerant

557 4570 675 4656 supra
685 4540 781 4625 mille
795 4539 1023 4655 quingentos
1038 4533 1207 4649 equites,
1224 4534 1406 4649 multique
1423 4536 1593 4649 pedites,
1612 4568 1697 4624 cum
1715 4539 1853 4624 bellum
1869 4541 2003 4626 adver·

531 4700 532 4706 Ν
556 4689 619 4744 sus
631 4658 820 4744 Gentilem
836 4653 1236 4770 Molianumgerebat:
1253 4654 1387 4769 quibus
1416 4657 1597 4751 sumtibus
1614 4657 1770 4742 maxine
1782 4656 2004 4746 exhaustum

559 4777 720 4863 nummis
746 4804 823 4861 esse
840 4774 1076 4859 Malatestam
1095 4833 1107 4876 ,
1124 4773 1259 4858 nemini
1276 4773 1473 4859 videbatur
1489 4774 1720 4864 dubitabile.
1751 4777 1852 4859 Cum
1877 4780 2006 4864 tamen

559 4896 676 4985 nihilo
691 4895 807 4983 secius
830 4892 1023 4980 abundare
1049 4891 1170 5009 ipsum
1185 4921 1345 4983 numero
1375 4893 1534 5014 militum
1561 4897 2007 5035 constarenaugendum

1958 5046 2009 5103 sr-
