4192 5880
486 411 622 484 ato.
657 405 1059 483 aeaonuorrr
1093 410 1199 480 rra.
1224 412 1303 478 ιιι.
1549 428 1591 498 73

171 560 306 656 „ttsrn
286 543 588 681 quinquaginta
617 538 728 624 millia
742 533 887 623 duabus
903 531 1160 619 solutionibus.
1172 543 1197 585 “
1224 530 1346 631 Quod
1363 534 1426 619 ubi
1443 534 1620 653 Aegidius

168 666 334 770 rescivit,
353 664 539 749 Gometio
572 661 752 774 imperat,
771 655 824 739 uri
844 653 966 769 primo
982 683 1139 770 quoque
1163 678 1333 768 tempore
1363 684 1500 770 agmen
1529 656 1620 741 illud

168 784 300 870 ceteris
327 783 440 900 copiis
456 780 727 895 conjungeret,
744 799 783 861 et
810 777 859 860 ad
876 773 1020 857 Urbem
1036 799 1201 859 veterem
1228 799 1497 888 promoveret,
1515 780 1616 862 etA

172 903 368 989 nichinum
401 899 746 1013 Ambrosiumque,
762 893 827 1010 qui
859 892 1006 1008 paribus
1037 894 1152 1007 copiis
1177 893 1410 1007 conjunctis,
1425 922 1513 978 eum
1548 921 1618 980 tra·
1677 904 1811 956 ΰιιιιιῑιιι

1632 968 1781 1018 Attichlnunt

167 1048 275 1107 ctum
306 1020 503 1103 latrociniis
520 1015 773 1118 infestabant,
793 1037 831 1097 et
848 1011 1036 1097 nonnullis
1068 1013 1213 1128 oppidis
1244 1012 1462 1128 expugnatis
1477 1075 1488 1118 ,
1505 1042 1617 1128 quos·
1632 1029 1745 1146 3¹¹3pr
1734 1041 1811 1138 ffi

162 1140 257 1227 'dam
286 1162 470 1253 tyrannos
492 1137 608 1252 patria
636 1133 774 1220 exsules
801 1160 846 1216 se
876 1156 1025 1216 secutos
1054 1160 1118 1245 spe
1149 1157 1247 1218 vana
1278 1130 1493 1249 erigebant,
1520 1134 1810 1261 1ιι110ιωιῐιιηξιιιιξοιυιο

167 1283 478 1374 persequeretur.
509 1257 571 1346 llle
601 1253 691 1337 nihil
715 1276 881 1335 moratus
912 1251 968 1335 ad
987 1277 1033 1333 ea
1061 1249 1146 1334 loca
1170 1250 1342 1364 perduxit
1368 1279 1532 1366 agmen,
1550 1252 1613 1337 ubi
1632 1270 1802 1334 persequitur

166 1378 304 1463 stativa
336 1375 459 1459 hostes
489 1372 707 1457 habebant:
725 1369 905 1504 jubetque
929 1367 1097 1480 protinus
1114 1398 1200 1454 suos
1226 1368 1371 1454 hostilia
1402 1395 1520 1454 castra
1544 1372 1618 1456 ob·

165 1495 337 1610 equitare
361 1519 410 1576 eo
426 1491 607 1595 consilio,
633 1514 677 1574 ut
698 1488 765 1573 nisi
791 1510 943 1602 possent
966 1484 1092 1572 hostes
1120 1489 1170 1572 ad
1185 1517 1353 1604 pugnam
1386 1485 1514 1574 elicere
1530 1551 1542 1595 ,
1558 1518 1618 1578 ca·

167 1636 244 1699 stra
268 1638 488 1727 oppugnare
491 1551 727 1694 adoriretur
1534 1668 1536 1674 >

224 1733 372 1814 ΧΧ1Χ.
432 1734 545 1812 Tunc
562 1756 655 1813 vero
679 1724 884 1812 Anichinus
908 1751 991 1809 suas
1006 1723 1100 1810 vires
1126 1752 1247 1862 aequa
1262 1727 1518 1814 aestimatione
1539 1760 1612 1818 me·

149 1848 256 1935 Ntitus
273 1910 286 1953 ,
303 1845 470 1980 nihilque
494 1870 634 1930 temere
650 1843 843 1976 agendum
858 1866 983 1948 ratus,
999 1845 1194 1928 communi
1215 1847 1370 1931 consilio
1390 1847 1616 1962 legationem

165 1967 217 2053 de
243 1993 337 2080 pace
353 1967 490 2048 mittit·
506 1991 606 2078 quae
632 1962 689 2046 his
704 1904 983 2046 conditionibus'
995 1961 1085 2045 data
1114 1986 1200 2047 est:
1192 2023 1244 2068 .„
1259 1967 1315 2049 Ut
1343 1965 1484 2078 oppida
1501 1966 1615 2051 eccle·
1660 2007 1709 2054 m
1742 2003 1810 2056 anter

169 2144 197 2190 „
212 2084 371 2187 siastica,
387 2112 486 2196 quae
504 2104 736 2194 occuparat,
753 2080 875 2165 statim
893 2079 1055 2197 Aegrdao
1067 2081 1269 2167 redderet
1284 2108 1402 2196 utque
1419 2113 1457 2167 se
1474 2083 1615 2199 copias·
1630 2067 1791 2179 iiiluna..
1745 2080 1809 2125 ‘¹²¹⁰

169 2231 287 2316 „que
310 2231 393 2287 suas
409 2200 647 2314 jurejurando
664 2199 935 2313 obstringeret,
954 2226 1001 2283 ne
1027 2198 1124 2282 intra
1142 2199 1339 2286 triennium
1356 2202 1529 2286 auxilium
1545 2204 1617 2289 ho·

165 2380 196 2426 „
212 2321 365 2424 stibus,
399 2342 467 2404 aut
495 2316 681 2403 Pontificis
705 2343 771 2402 aut
802 2312 1146 2452 Neapolitanorum
1162 2319 1339 2434 Reginae
1363 2347 1612 2433 praestarent.

166 2466 308 2542 „neve
333 2381 469 2521 liorum
494 2437 687 2522 clientibus
714 2464 876 2570 quoquo
891 2435 1051 2519 modo
1042 2435 1209 2548 injuriam
1243 2435 1430 2523 inferrent.
1445 2445 1472 2490 “
1505 2444 1617 2525 Tunc

167 2584 266 2640 vero
281 2556 374 2668 iusta
398 2556 570 2640 mercede
599 2554 692 2639 his
683 2557 764 2668 ipsis
791 2551 925 2636 auxilio
951 2551 1065 2636 luturi
1081 2555 1303 2639 Gometium
1326 2557 1460 2642 ducem
1485 2585 1616 2671 seque·

160 2691 321 2757 rentur.
358 2674 546 2761 Invicem
538 2673 618 2804 rpsis
632 2735 643 2776 ‚
658 2672 724 2787 qui
750 2697 894 2757 summa
910 2670 1036 2785 inopia
1067 2670 1314 2778 laborabant,
1334 2703 1381 2757 ne
1410 2676 1670 2788 depraeda·
1700 2716 1701 2720 ι

161 2790 200 2874 ‘ri
224 2815 471 2908 cogerentur,
488 2791 728 2904 pecuniarum
753 2814 854 2875 certa
877 2816 1021 2876 summa
1037 2816 1166 2903 pacta
1175 2817 1251 2877 est.
1285 2795 1359 2877 Sed
1386 2792 1457 2906 hac
1463 2795 1711 2929 paucisBritan
1679 2807 1729 2912 Peg
1728 2774 1807 2856 5⁶¹¹?st

169 2933 272 3043 post
274 2910 403 2994 diebus
431 2934 646 3014 numerata,
674 2906 940 2994 Britannorum
954 2936 998 2992 ac
1014 2911 1296 2995 Pannoniorum
1325 2902 1474 2995 animos
1500 2914 1613 3026 suspi·
1629 2877 1805 2980 musileum

170 3027 239 3111 cio
263 3027 430 3134 incessit,
468 3056 517 3111 ne
540 3028 631 3112 haec
650 3022 787 3112 solutio
804 3055 934 3130 suam,
952 3027 1068 3142 cujus
1087 3051 1251 3144 tempus
1248 3030 1435 3133 instabat,
1454 3047 1615 3116 morare·

169 3168 256 3229 tur.
288 3150 419 3257 ltaque
443 3173 522 3229 non
539 3169 748 3259 exspectato
772 3145 845 3248 die,
861 3145 1038 3228 amicitiae
1054 3143 1217 3259 fideique
1237 3146 1365 3251 obliti,
1381 3140 1617 3236 temerarium
1738 3255 1739 3258 1

171 3261 279 3346 simul
305 3288 344 3345 et
360 3261 552 3346 scelestum
576 3263 831 3347 consilium
783 3291 873 3346 rnrre
874 3285 1117 3375 coeperunt,
1132 3288 1176 3348 ut
1190 3209 1447 3348 Gometitim
1437 3295 1476 3348 m
1489 3292 1609 3351 custo

171 3379 271 3462 diam
296 3380 542 3491 conjicerent,
558 3380 778 3497 tamdiuque
808 3385 1048 3486 coercerent,
1064 3382 1188 3465 donec
1213 3406 1363 3496 pactum
1390 3383 1628 3498 stipendium¹

172 3497 237 3579 sibi
259 3524 534 3584 muneraretur.
567 3499 688 3592 Quod
704 3499 769 3584 ubi
794 3521 851 3582 est
864 3499 1048 3582 Gometio
1063 3498 1297 3585 enuntiatum
1327 3531 1393 3613 per
1407 3504 1614 3616 quemdam

175 3615 417 3722 eBritannis,
436 3642 536 3702 arcta
552 3642 589 3702 et
606 3617 722 3702 veteri
751 3614 908 3698 amicitia
924 3616 988 3729 ipsi
1011 3616 1287 3753 conjunctum,
1301 3618 1457 3702 multis
1450 3649 1615 3732 ipsorum

173 3730 279 3816 dictis
296 3723 473 3850 lactisque
496 3735 631 3820 nuntio
654 3732 992 3839 consentientibus,
1009 3731 1249 3821 indubitata
1240 3736 1318 3820 rnitr
1307 3736 1535 3819 consilii
1509 3766 1616 3853 signa
1719 3747 1721 3750 ‘

160 3851 416 3964 conspicatus,
431 3876 497 3966 per
509 3853 667 3970 speciem
682 3850 977 3956 commeatibus,
994 3853 1059 3966 qui
1071 3882 1181 3967 parce
1198 3856 1458 3968 suppetebant,
1474 3856 1615 3970 prospi-

170 3968 321 4055 ciendi
312 4002 349 4053 m
359 3973 503 4054 Urbem
519 3995 684 4057 veterem
700 3999 777 4055 sese
795 3971 957 4082 recepit,
973 3996 1016 4055 ut
1032 3997 1261 4084 praesentem
1280 3973 1529 4062 harbarorum
1560 3968 1615 4061 fe·

170 4085 316 4172 ritatem
345 4088 504 4177 vitaret:
522 4109 638 4205 quem
663 4118 718 4173 sur
707 4087 971 4173 admoniti
940 4117 1017 4199 etus
1032 4090 1170 4174 consilii
1185 4091 1367 4174 subsecuti
1393 4117 1492 4177 sunt.

229 4207 357 4291 XXX.
418 4211 508 4293 Hoc
538 4208 695 4324 cognito
710 4207 861 4291 ssarbari
889 4234 928 4290 se
952 4205 1130 4321 deceptos
1156 4207 1317 4291 arbitrati
1346 4200 1454 4294 tanto
1486 4205 1662 4295 furorem
1628 4243 1723 4354 equ
1738 4232 1807 4286 ιιιι

170 4323 334 4433 correpti
351 4349 468 4429 sunt,
488 4350 530 4411 ut
559 4325 750 4438 coeperint
769 4353 847 4409 non
864 4325 984 4410 modo
1007 4326 1174 4459 undique
1207 4325 1361 4440 praedas
1391 4357 1528 4444 agere,
1547 4303 1660 4416 sede
1694 4296 1759 4344 m

171 4466 305 4572 agrurn
323 4443 604 4535 Urbevetanum
625 4467 664 4527 et
689 4441 845 4526 finitima
859 4441 966 4526 loca
957 4443 1034 4559 rgni
1060 4443 1239 4558 ferroque
1252 4470 1417 4530 vastare
1450 4451 1615 4534 Tantam

45 4557 76 4580 Ν
160 4554 444 4641 immanitatem
472 4591 551 4645 non
585 4559 704 4646 lerens
736 4561 938 4645 Gometius
954 4560 1126 4666 ,scoacris
1144 4562 1313 4675 undique
1342 4562 1539 4667 auxiliis,
1530 4565 1614 4676 rpsis

176 4703 334 4789 quoque
354 4675 551 4761 Anichino
580 4678 857 4792 Ambrosioque
887 4677 1032 4784 accitis,
1063 4710 1188 4792 parem
1221 4681 1389 4766 barbaris
1415 4678 1616 4766 exercitum

175 4795 435 4906 comparavit,
462 4820 576 4909 atque
608 4825 673 4879 eos
703 4793 871 4909 persequi
901 4796 1119 4883 contendit:
1110 4800 1201 4941 ·qui
1232 4824 1386 4911 accepto
1415 4800 1550 4885 nuntio
1578 4802 1619 4885 in

174 4935 321 5109 agapam
338 4914 555 5114 &quinum
584 4912 810 5001 diverterant
819 4912 973 5029 ,ibique
1002 4942 1120 5004 castra
1142 4918 1373 5005 munierant.
1404 4918 1500 5034 Quo
1531 4947 1619 5002 cum

259 5057 331 5113 om.
1124 5041 1165 5123 X
1527 5063 1622 5130 ven·
