4140 5872
313 420 387 500 oa
410 419 624 500 arduo
651 418 725 493 ετ
752 411 928 493 neers
955 409 1192 489 orarcto
1222 421 1421 495 stant.
1501 426 1566 517 ψ
1623 522 1626 528 ¹

140 558 234 644 cum
255 552 424 640 hostibus
452 548 714 653 intercludat,
739 572 806 633 aut
829 570 913 629 uno
938 539 1024 628 cive
1038 540 1270 658 perinsidias
1286 566 1433 662 capto,
1451 564 1597 636 ceteros

143 675 352 793 periculoso
384 669 557 786 exemplo
584 667 797 772 deterreat,
824 684 1019 781 cogatque
1049 689 1140 748 suae
1172 662 1350 752 saluti&
1380 667 1489 752 rebus
1515 686 1598 757 n'on

142 818 312 911 suspecta
337 792 536 910 pactione,
558 790 624 875 sed
648 815 714 904 pet
743 781 916 870 fraudent
940 808 1007 868 aut
1022 780 1102 869 vim
1131 782 1221 868 inita
1237 814 1325 869 cum
1343 786 1598 875 hostibus'so·

141 914 276 1000 eierare
307 909 532 1014 consulere,
559 934 603 995 ut
632 933 784 1027 magno·
804 904 986 1017 claroque
1018 900 1259 990 documento
1291 904 1425 990 accidit
1449 903 1599 1004 Alfonsi

140 1032 332 1119 undecimi
358 1031 473 1147 Regis
502 1027 621 1115 nostri
644 1025 882 1143 principatu,
907 1019 976 1139 qui
1003 1047 1094 1106 cum
1122 1046 1217 1107 esset
1244 1022 1490 1132 adolescens,
1517 1056 1590 1114 nec
1650 1072 1653 1078 ·
1710 1091 1713 1095 .
1780 1073 1785 1084 ·

141 1151 227 1238 satis
250 1182 322 1237 usu
345 1164 469 1235 rerum
499 1148 667 1265 petitus,
691 1147 818 1232 occiso
847 1144 998 1256 Joanue
1011 1140 1244 1257 propinquo
1277 1172 1378 1252 suo,
1402 1164 1520 1261 quem
1544 1147 1598 1235 ad

141 1300 181 1356 se
197 1269 275 1356 fide
299 1269 446 1385 publica
460 1269 586 1357 venire
603 1266 785 1383 jusserat,
808 1264 857 1350 sic
881 1288 1027 1347 ceteros
1053 1284 1226 1377 proceres
1241 1285 1282 1348 et
1295 1264 1599 1382 consanguineos

140 1389 306 1475 civilium
334 1389 606 1476 dissensionum
637 1410 812 1471 auctores
843 1379 1081 1483 conterruit,
1104 1404 1149 1465 ut
1174 1410 1285 1496 saepe
1311 1384 1361 1468 ab
1398 1383 1481 1499 ipso
1509 1385 1599 1472 data

141 1508 255 1596 venia
285 1529 325 1594 et
354 1504 558 1594 bonafide
585 1501 884 1622 pacificationis,
905 1524 1026 1617 quam
1058 1527 1192 1585 omnes
1219 1501 1459 1618 cupiebant,
1485 1521 1598 1593 causa

142 1626 268 1714 vocati
280 1678 296 1732 ,
312 1627 439 1716 venire
462 1654 578 1742 seque
599 1647 792 1739 suspectae
810 1621 909 1738 regis
919 1616 1013 1707 'fidei
1040 1619 1279 1707 committere
1295 1650 1377 1709 non
1393 1624 1601 1739 audentes,

143 1745 269 1832 multis
286 1747 433 1857 jacturis
451 1805 464 1850 ,
481 1743 755 1829 calamitatibus
786 1765 826 1828 et
853 1737 1161 1856 indignitatibus,
1181 1739 1383 1856 implorato
1412 1740 1600 1828 finitimo·

144 1891 231 1949 rum
256 1893 392 1981 regum
414 1862 580 1968 auxilio,
599 1861 799 1948 Castellam
825 1859 892 1945 diu
921 1883 1037 1974 atque
1063 1887 1194 1976 regem
1219 1859 1341 1976 ipsum
1370 1858 1596 1949 affecerant.

86 2035 91 2041 -
141 1985 340 2069 Praeterea
355 1983 448 2099 quia
474 1980 625 2099 regnis,
642 2010 741 2100 quae
770 1978 993 2068 hereditaria
1017 1978 1247 2064 successione
1271 1981 1598 2089 administrantur,
1625 2039 1773 2096 mmmm,

141 2129 228 2186 non
244 2130 389 2216 semper
415 2130 461 2186 ea
485 2099 636 2187 felicitas
663 2099 878 2218 contingit,
900 2122 945 2185 ut
973 2097 1110 2213 optimi
1125 2121 1164 2184 et
1190 2099 1463 2213 prudentissimi
1492 2107 1776 2220 regesggggfdffi·

142 2221 375 2325 succedant,
391 2229 459 2328 qut·
471 2239 545 2332 per
574 2245 657 2306 sete
683 2228 805 2308 omnia
829 2224 955 2303 norlrtt
971 2278 984 2323 ,
1003 2240 1047 2305 ut
1073 2217 1125 2303 ait
1140 2218 1344 2306 Hesiodus
1357 2226 1474 2338 podta
1490 2250 1504 2325 3
1521 2222 1600 2329 sed
1615 2239 1790 2312 θένων·

143 2338 300 2453 quidam
326 2338 544 2447 interdum,
569 2367 658 2424 cum
673 2340 811 2455 quibus
834 2332 1022 2454 praeclare
1050 2336 1201 2454 agitur,
1229 2339 1375 2425 sirecte
1401 2341 1599 2428 consulen-

143 2457 240 2542 tium
261 2457 407 2545 monita
431 2477 662 2576 sequantur:
696 2459 788 2544 illud
805 2456 938 2542 talibus
962 2453 1110 2571 regibus
1137 2454 1250 2540 etiam
1277 2482 1394 2574 atque
1408 2459 1523 2544 etiam
1539 2488 1600 2544 ca·

143 2575 315 2665 vandum
345 2602 428 2685 est,
456 2606 571 2664 nese
586 2576 696 2662 unius
724 2575 838 2663 etiam
874 2573 1058 2691 ingeniosi
1085 2598 1126 2659 et
1157 2602 1281 2660 rerum
1315 2577 1422 2691 periti
1442 2579 1599 2667 consilio

146 2692 414 2811 voluntatique
436 2696 640 2799 addicant,
661 2696 727 2783 sed
752 2692 1004 2810 complurium
1027 2693 1201 2810 gravium
1227 2693 1528 2813 sapientiumque
1542 2698 1602 2786 vi·

143 2840 274 2898 rorum
290 2815 490 2928 prudentia
502 2816 690 2901 ducantur
706 2874 720 2920 ,
749 2811 888 2900 multos
903 2810 1058 2897 consilio
1082 2836 1121 2897 et
1136 2811 1276 2899 virtute
1292 2840 1521 2930 praestantes
1537 2817 1599 2904 de·

141 2928 424 3018 liberationibus
452 2933 502 3020 de
527 2933 673 3053 magnis
687 2933 844 3049 quidem
870 2931 982 3016 rebus
999 2929 1224 3017 adhibeant.
1256 2938 1352 3018 Non
1367 2934 1492 3020 solum
1507 2936 1598 3051 quia

141 3048 355 3137 multorum
376 3051 496 3165 major
522 3078 579 3140 est
593 3052 822 3169 prudentia,
848 3049 1001 3168 gravior
1023 3050 1251 3158 auctoritas,
1278 3075 1316 3137 et
1347 3051 1597 3170 incorruptior

139 3166 334 3288 integritas
353 3233 366 3278 ,
382 3200 500 3287 quam
524 3172 663 3276 unius,
692 3171 896 3257 sedetiam
922 3169 1014 3284 quia
1047 3170 1169 3255 minus
1194 3169 1256 3257 vel
1283 3170 1443 3258 invidiae
1468 3172 1529 3261 vel
1546 3173 1600 3259 in-

140 3285 370 3404 dignationis
393 3291 432 3374 in
455 3315 666 3377 ceterorum
693 3290 824 3376 animis
847 3287 1010 3375 exsistit:
1036 3318 1140 3404 quae
1160 3287 1258 3372 mala
1290 3319 1400 3406 saepe
1426 3291 1596 3379 ambitio·

141 3434 205 3490 sos
232 3406 451 3514 solicitant,
476 3434 515 3496 et
544 3439 731 3498 nouatum
762 3438 888 3495 rerum
915 3406 1080 3493 studium
1113 3436 1369 3525 magnamque
1405 3411 1597 3525 perturba·

139 3522 287 3610 tionem
312 3526 525 3632 inducunt:
553 3529 663 3645 quod
679 3526 820 3640 Joanni
844 3527 1013 3613 secundo
1041 3550 1080 3613 et
1112 3527 1282 3612 Henrico
1308 3527 1385 3613 filio
1411 3528 1597 3612 Castellae

139 3668 303 3774 regnum
320 3647 581 3735 obtinentibus
608 3646 807 3756 accidisse,
823 3645 863 3731 in
887 3674 1022 3763 regum
1038 3668 1257 3733 nostrorum
1272 3644 1527 3733 monumentis
1543 3645 1595 3732 le-

140 3787 310 3876 gamus,

202 3882 288 3966 Vll.
346 3884 410 3972 Ad
426 3884 548 3991 haec,
569 3886 658 4002 quia
681 3913 803 4004 regno
818 3881 935 4000 paulo
949 3883 1104 4000 quidem
1120 3883 1300 3999 ampliore
1315 3910 1395 3970 non
1412 3910 1490 3970 una
1507 3906 1592 3970 tan·
1630 3935 1785 4000 om„

137 4018 253 4105 tum,
286 4000 352 4087 sed
380 4003 523 4088 multae
555 4005 750 4110 civitates,
782 4003 981 4118 municipia
1006 4027 1046 4088 et
1073 4002 1221 4090 castella
1252 4002 1527 4112 continentur,
1553 4028 1593 4092 et
1605 3999 1671 4112 {1²3⁰
1692 4001 1787 4054 Μ·

136 4116 213 4201 suis
238 4119 398 4236 quisque
425 4121 589 4239 populus
622 4123 898 4240 magistratibus
915 4120 1179 4239 gubernatur,
1202 4120 1487 4235 providendum
1514 4124 1594 4241 tegi

136 4254 226 4338 est,
247 4264 290 4321 ut
316 4267 446 4325 earum
477 4244 795 4329 communitatum
826 4241 1100 4329 administratio
1128 4238 1398 4353 rempublicam
1431 4241 1593 4356 optima·

133 4375 222 4436 tum
255 4358 462 4446 aemuletur
478 4425 490 4445 .
505 4360 646 4475 Hujus
676 4361 777 4448 enirn
806 4377 1017 4480 cognatum
1046 4384 1162 4475 atque
1194 4358 1386 4447 aemulum
1419 4390 1498 4448 esse
1530 4392 1594 4461 re,-

137 4498 287 4586 gnum,
315 4498 353 4558 et
377 4504 433 4563 tes
448 4480 527 4595 ipsa
550 4480 691 4590 docet,
717 4506 757 4567 et
774 4480 1020 4596 philosophus
1045 4502 1220 4565 testatur.
1258 4485 1329 4566 Est
1353 4504 1484 4568 autem
1505 4513 1590 4600 pro·
1603 4477 1714 4606 „52³1”
1734 4482 1784 4540 ⁹⁰*

133 4588 261 4704 prium
286 4615 404 4678 status
429 4599 690 4710 optimatum,
719 4624 764 4684 ut
787 4601 1022 4716 magistratus
1050 4597 1136 4685 viris
1163 4597 1371 4717 ingenuis,
1394 4600 1521 4717 probis
1550 4612 1591 4691 et

132 4709 384 4823 prudentibus
399 4715 653 4803 mandentur:
679 4716 839 4833 ingenui
861 4746 953 4804 vero
977 4716 1124 4833 proprie
1142 4718 1415 4826 nominantur,
1436 4720 1502 4837 qui
1520 4750 1592 4810 nec

133 4829 232 4915 servi
250 4850 336 4917 sunt
354 4894 366 4938 ,
383 4861 454 4918 nec
482 4833 644 4920 libertini
659 4846 680 4918 .‘
696 4839 900 4921 Servomm
927 4860 1055 4924 autem
1089 4837 1242 4925 nomine
1261 4837 1399 4954 ,quod
1431 4840 1481 4925 ad
1512 4870 1591 4926 ma-

132 4945 306 5064 gistratus
338 4953 499 5071 pertinet
513 5017 527 5069 ,
543 4955 932 5050 mercenariosetiam
952 4982 993 5050 et
1017 4959 1254 5052 sordidantur
1268 4957 1406 5049 mum
1422 4955 1589 5077 opifices,

173 5120 178 5128 ,
1494 5101 1591 5197 qua,
