4006 5850
672 386 701 459 L
726 387 746 457 I
769 384 798 457 B
824 383 856 454 E
880 388 916 459 R
964 389 995 455 Ι.
1213 420 1229 433 ··
1448 388 1520 481 483

99 513 143 620 si,
155 539 254 631 quae
266 508 430 599 semibus
444 535 560 628 atque
576 537 647 595 usu
658 537 783 597 rerum
798 509 909 596 nobis
924 507 1078 626 cognita
1094 532 1194 615 sunt,
1211 535 1257 595 ea
1275 535 1453 598 veraesse
1468 539 1550 600 sta«.

98 636 284 721 tuendum
298 656 381 718 est:
409 631 503 746 quid
528 653 584 716 est
608 659 679 714 usu
710 627 966 747 frequentiore
992 629 1100 714 nobis
1122 627 1394 742 exploratum,
1427 659 1546 746 quam
1681 680 1683 682 v

98 753 206 867 quod
222 751 340 837 multa
355 748 527 865 quotidie
550 778 621 864 pro
636 772 769 835 nostro
785 747 938 835 arbitrio
955 744 1109 833 facimus
1127 805 1141 852 ‚
1169 746 1406 856 omittimus,
1434 779 1544 837 revo-

97 897 255 976 camus,
273 867 378 955 nulla
403 896 552 981 prorsus
567 891 720 954 externa
740 868 954 954 necessitate
980 892 1146 951 nostram
1164 865 1376 980 impellente
1407 868 1546 955 volun·

97 1011 219 1075 tatem
238 1048 250 1093 ,
267 1012 334 1074 aut
350 986 504 1074 vicissim
529 986 767 1073 retrahente?
799 987 874 1072 Sed
898 983 1082 1103 quoniam
1098 984 1149 1071 ad
1175 981 1294 1069 fatalis
1324 987 1546 1103 necessitatis

97 1107 406 1194 constitutionem
434 1105 568 1191 eadem
601 1104 652 1190 ab
681 1104 755 1190 istis
775 1104 837 1193 via
864 1103 1018 1219 procedi
1039 1132 1147 1218 posse
1167 1101 1347 1207 videtur,
1376 1133 1455 1219 qua
1472 1136 1545 1193 nos

99 1225 318 1312 mortalium
332 1251 517 1310 consensu
532 1223 671 1308 arbitrii
689 1223 970 1341 voluntatisque
1000 1220 1208 1310 libertatem
1224 1219 1544 1334 confirmavimus,

102 1342 416 1460 quandoquidem
432 1342 470 1425 in
495 1339 601 1426 omni
616 1341 764 1428 saecttlo
781 1342 988 1431 multorum
1012 1340 1215 1427 hominum
1239 1366 1444 1446 sermone,
1478 1339 1546 1430 fati

102 1488 247 1548 nomen
262 1485 482 1576 usurpatum
499 1458 607 1547 fuisse
632 1485 805 1565 constat,
834 1488 879 1549 ut
892 1490 978 1548 eam
1004 1487 1138 1548 vocem
1154 1487 1293 1549 vanam
1314 1458 1474 1546 omnino
1491 1463 1546 1549 di-

100 1608 186 1666 cere
201 1603 417 1667 constanter
440 1610 464 1664 a
493 1580 602 1665 nobis
629 1579 702 1666 dici
724 1608 805 1667 non
828 1610 935 1695 posse
957 1577 1157 1681 videatur3
1187 1579 1463 1664 occurrendum
1489 1605 1546 1669 est

97 1696 190 1784 buic
206 1698 310 1804 Ioco,
326 1723 365 1784 et
380 1698 474 1784 haec
498 1694 564 1784 fati
578 1696 644 1785 vul
670 1696 740 1784 aris
755 1699 947 1815 usurpatio
962 1726 1079 1814 quam
1097 1696 1176 1784 vim
1193 1696 1345 1800 habeat,
1358 1698 1546 1812 explican-

101 1818 209 1903 dum.
238 1823 378 1933 Neque
393 1816 495 1901 enim
516 1815 581 1902 ibo
594 1728 725 1903 inltgtias
745 1845 801 1904 res
818 1818 1011 1933 plerasque
1026 1811 1107 1902 fato
1122 1812 1199 1900 fieri
1222 1874 1235 1922 ,
1252 1814 1446 1929 multaque
1462 1811 1545 1902 fato

102 1934 317 2022 hominibus
338 1933 518 2041 evenire,
543 1959 582 2020 et
598 1959 698 2023 recte
709 1936 898 2051 quosdam
913 1933 995 2022 fato
1024 1957 1214 2050 peremtos
1236 1960 1314 2018 esse
1330 1932 1430 2036 dici,
1461 1930 1543 2021 fato

103 2050 248 2141 divitias
270 2078 520 2157 consecutos,
537 2049 670 2140 fatoin
686 2052 829 2140 miseria
844 2080 886 2141 et
903 2054 1076 2139 omnium
1090 2080 1216 2138 rerum
1231 2049 1359 2165 inopia
1379 2052 1541 2138 versari:

94 2170 223 2257 modo
238 2167 358 2259 Ianam
374 2172 469 2287 quid
479 2172 553 2276 sit,
569 2195 609 2258 et
625 2173 765 2288 quibus
774 2172 813 2258 in
829 2172 940 2258 rebus
961 2194 1158 2275 versetur,
1172 2167 1418 2285 intelligatur:
1434 2169 1545 2284 quod
1672 2241 1679 2257 .

102 2284 205 2375 factu
222 2289 283 2377 vel
299 2288 513 2376 facillimum
530 2286 670 2395 fuerit,
697 2291 726 2376 si
741 2290 823 2405 quis
839 2292 955 2404 ipsam
974 2287 1175 2373 hominum
1190 2286 1374 2403 loquendi
1388 2315 1545 2373 consue·

103 2406 303 2513 tudinem,
330 2436 409 2524 qua
427 2403 508 2493 fato
521 2407 713 2522 quidpiam
729 2405 808 2494 fieri
823 2409 980 2512 dicunt,
1005 2404 1121 2522 paulo
1135 2401 1346 2521 diligentius
1376 2404 1546 2493 animad-

104 2548 240 2610 vertat.
261 2530 364 2609 Nam
380 2542 467 2610 cum
489 2521 570 2611 fato
585 2524 715 2641 aliquis
730 2526 768 2610 in
783 2555 883 2642 aqua
899 2524 1043 2640 periisse
1059 2522 1226 2629 dicatur,
1239 2520 1331 2607 alius
1346 2518 1445 2608 ferro
1460 2526 1545 2610 sub
1570 2563 1639 2638 pura
1654 2565 1734 2638 nom

103 2638 200 2728 latus
220 2670 324 2749 esse,
351 2642 509 2758 quidam
533 2643 673 2759 laqueo
698 2644 977 2762 strangulatas,
1005 2671 1122 2728 nemo
1137 2666 1266 2728 tamen
1287 2638 1337 2725 sic
1359 2668 1543 2757 umquam
1556 2627 1736 2737 llrtldllli

98 2756 304 2876 quuitur,
326 2785 370 2848 ut
393 2756 475 2847 fato
507 2791 546 2847 se
577 2761 677 2851 dicat
692 2761 812 2879 lyram
837 2789 1045 2879 temperare
1072 2821 1086 2868 ,
1111 2754 1193 2846 fato
1214 2757 1351 2844 librum
1366 2758 1544 2881 scribere,
1557 2757 1637 2796 “⁸¹‘'

94 2872 185 2965 lato
201 2877 400 2966 scabellum
417 2877 595 2966 fabricare
612 2912 622 2966 :
655 2879 730 2994 iam
746 2880 838 2969 illud
862 2881 985 2968 multo
1000 2879 1114 2966 etiarn
1138 2876 1289 2984 minus,
1320 2873 1402 2965 fato
1417 2908 1456 2964 se
1472 2878 1545 2968 vir-

90 3017 203 3081 -tutes
220 2995 373 3104 colere,
400 3021 440 3087 et
455 2993 585 3085 officiis
608 2995 714 3117 fungi
730 2999 822 3085 boni
838 3000 920 3087 viri.
954 2999 1038 3084 Nrsi
1060 2994 1090 3084 si
1104 2997 1187 3112 quis
1202 2992 1426 3112 praejactam
1456 3026 1546 3095 sen-

102 3111 259 3200 tentiam
274 3138 354 3201 tam
372 3115 605 3230 pertinaciter
628 3117 810 3205 tuendam
826 3116 1053 3234 susceperit,
1076 3139 1121 3203 ut
1136 3142 1217 3203 non
1232 3113 1277 3200 sit
1293 3140 1544 3229 recusaturus,

105 3231 311 3346 quominus
325 3233 387 3321 vel
402 3234 457 3320 his
482 3235 699 3323 absurdiora
713 3233 952 3325 confiteatur·
1767 3302 1770 3307 ·

161 3352 300 3437 XVIII.
359 3357 418 3439 Ex
431 3383 514 3471 quo
539 3353 778 3472 intelligitur,
795 3351 916 3443 fatum
935 3381 1122 3442 consensu
1137 3348 1338 3440 hominum
1355 3350 1394 3439 in
1417 3353 1542 3461 rebus,
1556 3364 1735 3490 ,figffissffi

100 3493 201 3580 quae
220 3495 392 3556 naturam
415 3499 727 3588 consequuntur,
744 3475 911 3581 versari,
935 3501 1018 3560 non
1044 3473 1083 3558 in
1108 3469 1336 3575 artificiosis,
1370 3495 1409 3556 et
1434 3470 1543 3581 iniis,

91 3613 201 3697 quae
217 3615 240 3670 a
256 3587 401 3675 ratione
421 3588 715 3705 proficiscuntur.
746 3595 901 3680 Prorsus
916 3617 960 3678 ut
975 3589 1095 3676 fatum
1124 3588 1216 3674 nihil
1231 3589 1332 3676 aliud
1347 3589 1410 3696 sit,
1425 3619 1543 3706 quam

91 3698 179 3814 ipsa
195 3728 357 3812 natura,
384 3732 422 3792 et
436 3710 698 3824 quodnatura
724 3706 795 3814 fit,
815 3711 855 3799 id
880 3708 961 3798 fato
978 3707 1057 3796 fieri
1083 3706 1236 3795 dIcatur.
1272 3712 1411 3822 Neque
1441 3708 1543 3798 enim
1592 3718 1596 3725 ’

100 3818 221 3907 homo
237 3850 284 3909 ex
297 3825 485 3932 homine,
509 3825 729 3944 elephantus
744 3858 791 3916 ex
812 3829 1013 3946 elephanto
1036 3850 1172 3913 natura
1192 3850 1435 3942 procreatur,
1459 3825 1543 3916 Iato

99 3965 181 4024 non
197 3939 287 4028 item
304 3971 318 4052 3
334 3943 401 4031 sed
416 3972 504 4030 cum
526 3974 567 4031 re
594 3942 714 4034 fatum
748 3972 787 4033 et
801 3974 936 4036 natura
951 3945 1214 4050 consentiant,
1242 3944 1325 4031 solo
1349 3947 1541 4034 vocabulo

89 4056 354 4149 distrahuntur
369 4122 382 4170 ,
398 4091 499 4179 quae
516 4064 609 4152 nibil
618 4065 719 4153 aliud
734 4092 853 4175 sunt,
878 4095 996 4183 quam
1011 4064 1152 4181 primae
1166 4091 1299 4148 musae
1330 4065 1541 4181 generatio-
1664 4088 1668 4096 ’

101 4173 157 4260 nis
171 4178 346 4267 naturalis
366 4181 597 4299 singulorum
621 4181 848 4274 efficientes:
879 4187 955 4282 hoc
980 4209 1066 4290 est,
1090 4210 1250 4301 corpora
1276 4180 1469 4288 caelestia,
1499 4206 1540 4272 et

93 4289 265 4404 ipsorum
281 4323 362 4384 rata
382 4325 633 4421 constansque
655 4305 816 4423 vertigo.
844 4305 982 4391 Omnis
997 4302 1097 4389 enim
1121 4298 1370 4420 generationis
1391 4299 1538 4390 initium

89 4436 158 4496 est
171 4411 357 4502 habitudo
372 4420 561 4534 quaedam
587 4422 801 4511 divinorum
817 4452 1021 4541 corporum
1038 4444 1269 4536 permotum
1283 4418 1333 4505 ad
1349 4419 1442 4506 haee
1466 4449 1538 4505 no-

99 4529 226 4615 stratia
242 4535 374 4625 mundi
388 4537 697 4629 circumterranei.
725 4545 839 4639 Quae
864 4545 892 4629 si
909 4537 1061 4629 effectus
1077 4538 1213 4625 habeat
1234 4538 1272 4624 in
1288 4538 1398 4624 rebus
1421 4538 1536 4624 cadu'·

88 4645 150 4733 eis
165 4652 410 4761 necessarios,
434 4654 595 4745 dubitari
610 4689 690 4746 noo
706 4661 844 4766 debet,
867 4661 960 4778 quin
976 4655 1093 4745 latalis
1106 4686 1263 4773 quoque
1281 4653 1474 4742 necessitas
1498 4656 1538 4742 in

95 4767 210 4854 rebus
224 4770 338 4856 etiam
353 4776 572 4862 mortalibus
594 4806 790 4865 versetur:
817 4780 872 4866 sin
885 4806 1000 4896 opera
1022 4772 1203 4864 naturalia
1227 4806 1306 4861 non
1337 4804 1383 4859 ex
1406 4802 1538 4861 neces·

101 4883 210 4978 sinte
234 4894 474 5010 procedunt,
495 4893 1462 5017 sedbesdum,quominusfiant,1mpeoiuntur,
1498 4891 1540 4979 si·

118 5060 123 5084 ⁷
988 5015 1111 5134 Pppn
1467 5009 1541 5095 mi-
