4192 5880
470 374 605 447 xxo.
643 369 1045 446 xrssoxrsorrr
1079 369 1193 474 aru.
1223 363 1303 439 111.
1535 370 1581 452 69

163 494 413 584 Bononiensis
428 498 575 614 oppidis
590 559 602 604 ,
619 528 689 583 suo
706 494 789 610 iure
807 492 1077 581 dominaretur.
1108 493 1316 609 Aquinus,
1333 491 1445 578 missis
1461 493 1611 597 auxiliis,

162 642 229 730 par
245 615 410 701 hostium
425 617 540 733 copiis
561 616 738 701 exercitus
762 636 1023 728 comparatur.
1055 612 1157 698 Huic
1172 618 1301 726 Lupus
1325 611 1373 696 de
1389 619 1495 697 Luna
1510 639 1614 726 praef

159 730 295 819 hciuu.
331 736 442 840 Qui,
461 765 547 820 cum
575 735 778 820 adventare
805 731 1070 817 Barnabovem
1102 730 1354 846 exploratores
1386 729 1614 832 retulissent,

157 848 196 934 in
216 880 413 937 occursum
430 853 534 938 ducit
549 881 711 968 agmen:
734 848 838 935 etad
866 846 1050 964 oppidum
1069 910 1081 953 ‚
1098 849 1158 932 cui
1182 876 1324 934 nomen
1349 871 1405 933 est
1419 849 1614 951 Salurolo,

156 996 235 1081 qua
251 970 421 1056 hostibus
451 971 521 1055 iter
549 995 652 1074 erat,
672 991 971 1054 castrametatur.
1005 968 1195 1063 Barnabas
1226 966 1328 1050 haud
1348 965 1526 1078 praelium
1550 965 1611 1050 de·

157 1107 406 1194 tractaturus,
426 1112 546 1172 castra
573 1088 695 1172 eastris
721 1084 902 1201 opponit.
934 1085 1008 1169 Sed
1023 1085 1113 1199 quia
1128 1146 1139 1189 ,
1157 1081 1393 1169 interfluente
1416 1112 1551 1188 amne,
1567 1110 1615 1167 ne

154 1199 382 1289 incursiones
407 1206 560 1320 quidem
578 1202 735 1289 faciendi
759 1201 912 1286 facultas
929 1227 1009 1287 erat
1024 1263 1036 1306 ,
1054 1202 1317 1317 aliquantisper
1342 1200 1482 1314 praelio
1503 1200 1616 1286 abati*

153 1345 322 1407 nuerunt
339 1354 347 1406 :
364 1323 511 1438 utrique
534 1347 662 1407 tamen
689 1321 727 1405 in
744 1319 878 1405 alteros
899 1319 1061 1404 irruendi
1084 1319 1320 1404 occasionem
1337 1344 1613 1434 exspectantes,

154 1463 223 1544 ut,
239 1440 268 1523 si
282 1437 381 1526 forte
395 1440 520 1527 hostes
534 1439 639 1527 vado
667 1438 832 1551 trajicere
847 1439 1079 1552 coepissent,
1097 1437 1234 1524 clivisos
1258 1461 1297 1522 et
1323 1435 1523 1549 impeditos
1546 1439 1613 1531 ad·v

156 1555 361 1642 orirenttsr.
395 1563 483 1643 Hac
512 1557 754 1644 cunctatione
770 1556 895 1670 paucis
928 1555 1085 1668 trajectis
1102 1555 1230 1640 diebus
1248 1553 1526 1669 ,speculatores
1556 1585 1609 1642 re·

153 1668 278 1773 ferunt
292 1737 304 1779 ,
319 1676 586 1789 impedimenta
610 1675 734 1761 castris
766 1673 931 1759 hostium
959 1702 1106 1792 egressa
1134 1673 1254 1790 longo
1279 1673 1429 1790 agmine
1451 1698 1614 1764 retroce-

156 1789 263 1877 dere.
295 1794 419 1888 Quod
446 1789 588 1879 factum
616 1822 703 1879 curn
729 1790 949 1878 timentium·
969 1790 1134 1876 hostium
1170 1787 1377 1908 fugamque
1399 1791 1612 1908 parantium

153 1905 333 1995 ‘mdicium
363 1911 413 1995 ab
433 1910 676 1997 ecelesiasticis
705 1911 987 2023 interpretatum
1012 1934 1130 2012 esset,
1152 1909 1273 2022 placet
1288 1915 1401 2025 Lupo
1432 1939 1605 2016 amnem,

156 2052 299 2140 quanta
321 2029 481 2113 maxima
496 2054 619 2144 posset
634 2027 844 2134 celeritate,
862 2054 979 2142 ponte
994 2027 1203 2113 committi.
1234 2030 1330 2122 Quo
1347 2028 1425 2113 sine
1444 2029 1610 2143 periculo
1622 2038 1808 2154 mffffi

156 2144 312 2259 trajectis
325 2147 467 2260 copiis,
493 2147 618 2260 coepit
641 2147 766 2232 hostes
784 2145 923 2260 p‘raelio
940 2146 1114 2232 lacessere
1135 2170 1280 2230 :castra
1306 2172 1609 2264 oppugnatums,
1624 2174 1661 2214 ⁵⁸·

143 2260 182 2346 -si
215 2293 253 2350 se
273 2264 369 2349 intra
396 2264 687 2350 continuissent.
720 2263 772 2349 llli
802 2292 916 2369 veto,
932 2264 999 2349 ersi
1022 2263 1264 2372 timentibus,
1286 2266 1395 2378 quod
1413 2265 1611 2356 audieram

154 2381 433 2470 ecclesiasticum
458 2384 659 2468 exercitum
695 2381 857 2466 multum
880 2381 1103 2486 invaluisse,
1135 2380 1226 2466 illud
1253 2411 1411 2496 quoque
1433 2387 1613 2481 timorem¹

149 2494 362 2608 adjecerat,
379 2502 488 2614 quod
515 2524 621 2586 tanta
636 2496 772 2583 fiducia
798 2496 942 2584 flumen
957 2498 1207 2608 najecissen13
1227 2499 1365 2613 praeho
1383 2524 1510 2586 tamen
1541 2505 1616 2590 de--
1739 2546 1742 2600 ῑ
1814 2536 1818 2541 ·

150 2635 304 2701 cernere
326 2619 471 2703 ornetis
499 2617 655 2702 consiliis
676 2639 915 2730 anteponunt
939 2616 1102 2732 :quippe
1133 2644 1221 2699 cum
1253 2614 1344 2732 fuga
1373 2646 1454 2703 non
1488 2621 1609 2710 modo

152 2730 299 2846 turpis,
314 2737 378 2850 sed
403 2735 624 2822 instantibus
637 2734 807 2820 hostibus
824 2733 933 2848 plena
950 2733 1099 2849 periculi
1114 2733 1330 2838 videretur,
1351 2760 1455 2821 aeut
1482 2741 1608 2826 castris

150 2851 345 2959 contenti,
362 2850 460 2938 fossa
483 2851 668 2969 valloque
692 2852 872 2965 objectis,
893 2852 1032 2936 bellum
1059 2851 1278 2959 traherent,
1306 2853 1511 2968 praemissis
1539 2857 1607 2943 im·

151 2967 399 3080 pedimentis,
419 2999 464 3055 ae
491 2969 760 3055 commeatibus
777 2993 903 3082 erepta
915 2965 1069 3055 facultas
1092 2995 1198 3055 esset.

167 3140 171 3151 ι
210 3087 358 3171 XXIV..
408 3089 573 3175 —Eductis
594 3117 688 3204 ergo
703 3086 816 3201 copiis
832 3086 1010 3199 praelium
1040 3087 1313 3173 committitur:
1335 3089 1400 3175 scd
1426 3116 1507 3174 non
1540 3090 1608 3181 diu

145 3202 478 3292 ecclesiasticorum
505 3207 687 3322 impetum
718 3201 877 3291 ferentes
905 3204 1029 3291 hostes
1053 3205 1092 3288 in
1117 3201 1245 3323 fugam
1266 3232 1464 3292 vertuntur
1480 3240 1489 3292 :
1506 3238 1606 3323 quos

151 3309 201 3401 illi
232 3321 385 3409 insecuti
396 3352 576 3442 magnam
607 3351 767 3441 stragem
779 3322 949 3407 edidere.
985 3321 1133 3408 Multos
1149 3320 1330 3409 beneficio
1348 3325 1469 3411 noctis
1491 3325 1610 3415 inter·—

151 3437 333 3525 venienris
355 3439 445 3561 fuga
461 3444 661 3535 subtraxit.
694 3449 752 3528 Ex
767 3440 1010 3536 ecclesiasticis
1025 3442 1133 3554 pauci
1149 3442 1333 3528 vulnerati
1357 3470 1445 3529 sunt
1462 3475 1471 3528 ε
1489 3442 1604 3531 inter·

154 3549 271 3641 fectus
298 3589 396 3645 unus
426 3587 575 3648 tantum
590 3612 607 3666 ,τ
623 3559 691 3646 sed
716 3559 784 3673 qui
805 3586 876 3672 pro
912 3559 1035 3644 multis
1059 3555 1158 3665 fuit,
1187 3561 1336 3645 Garsias
1354 3561 1600 3648 Albornotius
1619 3582 1797 3692 bfflgiosnt·

148 3675 300 3788 Aegidii
331 3706 449 3792 nepos
469 3708 517 3764 ex
531 3676 666 3783 fratre,
682 3675 740 3762 vir
768 3672 987 3761 manuforti
1006 3738 1017 3781 ,
1033 3702 1263 3792 promtoque
1291 3676 1449 3783 animo,
1466 3701 1507 3762 et
1530 3681 1599 3799 qui
1618 3655 1799 3755 stiffi&

147 3791 270 3877 multa
294 3825 380 3903 suae
395 3797 541 3882 virtutis
566 3797 639 3909 iam
656 3817 743 3880 ante
756 3793 977 3909 praebuerat
1001 3795 1260 3899 documenta,
1280 3819 1320 3880 et
1334 3819 1426 3880 tame
1447 3822 1537 3879 cum
1560 3796 1601 3886 in

149 3906 434 4005 confertissimos
449 3911 573 3999 hostes
591 3912 775 4018 irruisset,
792 3939 874 3995 non
896 3937 986 3997 ante
1017 3910 1186 4025 spiritum
1203 3911 1347 4016 emisit,
1363 3943 1478 4027 quam
1504 3915 1601 4002 metl-

145 4047 207 4111 tos
228 4058 274 4113 ex
290 4031 368 4135 his,
384 4031 450 4146 qui
463 4031 643 4146 promtius
663 4028 899 4133 resistebant,
917 4028 1151 4114 trucidasset.
1184 4034 1283 4112 Tam
1299 4028 1498 4143 praestanti
1512 4033 1599 4118 ani·
1730 4099 1732 4102 >
1802 4039 1804 4041 ’

147 4172 214 4228 mo
242 4149 534 4234 commilitonem
557 4150 596 4233 in
613 4146 707 4232 flore
728 4146 905 4259 juventae
941 4145 1127 4230 sublatum
1156 4174 1236 4230 non
1256 4145 1334 4230 sine
1358 4176 1500 4263 magno
1527 4150 1621 4235 doe*
1704 4166 1705 4169 ‘

148 4258 229 4345 lore
260 4266 345 4351 tulit
376 4292 480 4352 totus
503 4265 703 4352 exercitus.
737 4262 806 4348 Illo
832 4290 990 4378 quoque
1016 4261 1211 4374 adjiciente
1234 4263 1465 4368 molestiam,
1490 4269 1599 4379 quod

141 4404 229 4462 non
261 4384 517 4499 ambigebatur
535 4408 727 4497 ,patruo,
747 4379 816 4495 qui
843 4379 963 4494 ipsum
993 4409 1079 4465 cum
1102 4381 1158 4464 ob
1185 4379 1601 4497 generispropinquita-

141 4519 246 4602 aem,
263 4523 344 4582 tum
359 4503 411 4585 ob
424 4502 571 4588 eximias
587 4501 744 4589 virtutes
759 4499 848 4582 loco
866 4495 928 4582 lilii
941 4498 1095 4582 amabat
1112 4557 1124 4602 ,
1139 4497 1399 4614 gravissimum
1420 4501 1599 4588 nuntium

140 4608 336 4701 futurum.
369 4624 420 4704 Et
447 4618 618 4732 profecto
650 4641 799 4704 constat
813 4615 1016 4732 Aegidium
1044 4613 1136 4699 nihil
1163 4643 1347 4730 umquam
1373 4617 1523 4732 gravius
1553 4648 1599 4707 ea
1733 4720 1738 4736 Ι

139 4759 267 4821 morte
283 4734 421 4824 tulisse.
449 4736 667 4850 Siquidem,
681 4763 772 4820 eum
784 4793 798 4838 ,
812 4758 987 4846 peremto
997 4732 1189 4846 superiore
1210 4734 1352 4848 praelio
1366 4733 1499 4821 Blasco
1512 4740 1597 4824 Fet-

138 4855 295 4963 mnd0,
310 4885 432 4975 qttetn
450 4881 693 4970 summopere
706 4851 887 4968 diligebat
896 4912 912 4957 ,
929 4851 1129 4935 maximam
1139 4880 1190 4936 ac
1207 4879 1330 4967 paene
1345 4849 1495 4938 unkam
1522 4886 1596 4968 po·

178 5021 183 5028 ·
219 5016 221 5023 ’
1519 4998 1598 5060 §12⁶
