4140 5872
438 344 615 432 „1⁶2
1034 364 1040 370 ,
1132 409 1134 413 t
1314 358 1316 363 .
1415 361 1422 367 ,

512 470 1198 680 ῑ],φ’.ῡ<;ΕΝἘεη
1252 475 1982 644 sssuuavnun'a

412 851 419 857 ,
518 749 606 891 j·
690 790 692 795 f
943 752 1548 906 conuuueums
1667 861 1672 868 ,

333 903 339 912 '
520 999 559 1017 ·-
667 960 780 1070 DE
838 907 1834 1067 consummatarum

519 1098 550 1144 ⁷
788 1150 1719 1272 Maustuttounuostauouuut

998 1376 1513 1496 COMMENTATIO.

525 1708 531 1734 .·
585 1641 616 1727 1.
674 1553 850 1759 CUM
865 1643 1076 1732 caelestium
1100 1672 1304 1761 corporum
1327 1641 1398 1731 rati
1425 1664 1717 1758 constantesque
1742 1665 1869 1731 mortis
1888 1672 1978 1732 tna·⁸

525 1774 715 1876 gnacuta'
729 1785 774 1851 ct·
781 1760 984 1879 longissimi
1003 1763 1179 1879 temporis
1195 1760 1545 1851 mathematicorum
1569 1761 1833 1849 observatione
1857 1789 1979 1849 nota·

527 1877 647 1968 tisint
667 1906 718 1964 ac
746 1879 955 1971 mirabiliter
972 1881 1219 1998 deprehensi,
1233 1907 1368 1992 ‘nmen
1393 1905 1604 1967 ceterorum
1633 1903 1819 1965 astrorum
1842 1894 1978 1968 cursu's

527 2023 636 2079 mens
657 1996 826 2082 humana
842 2058 855 2103 ,
869 2024 916 2084 ut·
929 2026 1062 2090 natura
1087 2027 1146 2088 est
1158 1994 1296 2088 sciendi
1317 1999 1454 2114 cupida
1470 2059 1484 2105 ,
1498 1997 1644 2085 curiosa
1668 1996 1787 2114 tnagis
1808 1996 1974 2114 diligen·

442 2114 445 2124 '
528 2110 582 2198 tia
603 2113 840 2232 investigasse
860 2117 978 2205 videri
1008 2146 1159 2235 potest:
1183 2120 1268 2207 solis
1289 2143 1417 2204 aurem
1435 2179 1449 2224 ‚
1464 2116 1531 2233 qui
1561 2143 1694 2204 contra
1721 2115 1813 2201 caeli
1844 2115 1976 2202 ambi·

527 2250 611 2316 tum
626 2241 763 2346 cuncta
777 2263 904 2348 sectam
921 2235 1055 2351 dimna
1070 2237 1250 2356 uertigine
1272 2236 1451 2351 trahentis
1466 2296 1479 2343 ,
1495 2235 1630 2323 orbem
1651 2231 1866 2351 signiferum
1881 2262 1974 2347 per·

527 2373 717 2463 vagatur,
737 2374 783 2436 ut
796 2381 1070 2469 cognoscerent
1093 2355 1264 2443 homines
1288 2381 1329 2443 et
1357 2355 1631 2459 observarent,
1647 2382 1786 2469 magna
1800 2353 1975 2467 quadam

525 2469 799 2554 commoditate
829 2495 948 2587 atque
971 2473 1071 2559 adeo
1102 2475 1317 2560 necessitate
1340 2473 1513 2559 inductos
1540 2469 1648 2556 fuisse
1664 2498 1796 2587 putare
1819 2496 1975 2557 conve-

527 2582 590 2668 nit
609 2614 618 2667 ε
640 2586 782 2700 quippe
797 2616 952 2674 ornnem
975 2591 1151 2677 virtutem
1182 2620 1316 2677 eorum
1336 2619 1462 2706 ,quae
1493 2589 1665 2677 oriuntur
1693 2614 1733 2674 et
1760 2585 1972 2695 occidunt,

526 2726 764 2818 omnemque
785 2731 909 2791 rerum
944 2707 1167 2793 naturalium
1192 2707 1474 2798 vicissitudinem
1499 2732 1608 2793 motu
1632 2706 1716 2792 solis
1738 2704 1894 2819 ejusque
1907 2732 1973 2794 ac·

462 2903 464 2910 aa
526 2841 630 2904 ccssu
657 2845 695 2905 et
718 2841 862 2908 recessu
887 2825 1118 2940 gubernari,
1141 2849 1185 2912 ut
1214 2854 1237 2910 a
1264 2826 1407 2942 magnis
1434 2823 1662 2940 philosophis
1692 2822 1873 2915 traditum
1889 2883 1902 2928 ‚
1916 2823 1971 2909 sic

525 2960 599 3023 usu
622 2960 738 3052 atque
767 2968 892 3025 rerum
924 2943 1149 3058 argumentis
1179 2944 1376 3060 cognitum
1401 2967 1457 3028 est
1485 2966 1525 3027 et
1547 2940 1800 3057 exploratum.
1833 2945 1973 3055 ltaque

524 3079 639 3138 motu
668 3056 754 3142 solis
778 3057 983 3172 ignorat0,
1007 3060 1123 3147 vitam
1140 3061 1339 3145 hominum
1362 3061 1402 3144 in
1427 3088 1570 3175 magno
1599 3086 1724 3144 errore
1744 3050 1886 3143 'versari
1901 3086 1971 3144 ne·

524 3193 626 3257 cesse
653 3196 730 3257 est.
764 3175 909 3262 Arandi
931 3176 1030 3261 enirn
1059 3177 1329 3294 excolendique
1355 3202 1493 3263 terram
1508 3234 1522 3281 ,
1540 3173 1727 3260 frumenta
1754 3198 1794 3261 ct
1824 3200 1973 3261 ceteras

524 3279 652 3404 fruges
682 3289 887 3377 seminandi
903 3353 916 3399 ,
932 3295 1077 3381 serendi
1101 3296 1251 3380 arbores
1278 3318 1318 3381 et
1342 3293 1525 3380 inserendi
1541 3353 1553 3398 ,
1569 3317 1607 3378 et
1623 3293 1774 3377 aliatum
1796 3291 1970 3408 plurima·

523 3430 610 3491 rutn
631 3406 818 3493 advitam
846 3409 1058 3526 degendam
1086 3411 1369 3508 necessariarum
1395 3441 1519 3497 rerum
1546 3435 1718 3524 tempora
1741 3409 1829 3494 scire
1847 3438 1972 3494 nemo

522 3523 670 3635 possit,
699 3523 760 3610 cui
791 3526 946 3613 nonsit
974 3555 1102 3615 motus
1129 3528 1214 3628 solis
1246 3526 1399 3644 ejusque
1429 3529 1637 3614 discrimina
1660 3526 1813 3643 cognita
1825 3521 1841 3610 v.
1878 3528 1973 3639 jam

522 3665 618 3726 vero
647 3637 830 3732 fastorum
861 3645 986 3749 ratio,
1013 3676 1092 3761 qua
1116 3637 1320 3764 bonasp'ar's
1346 3646 1529 3763 religionis
1557 3644 1770 3730 continetur
1785 3705 1799 3752 ,
1813 3671 1970 3760 cogno-

435 3789 440 3799 ·
522 3756 572 3839 sci
587 3757 653 3872 qui
668 3784 794 3872 potest
811 3826 824 3864 ‚
841 3761 985 3848 tatione
1009 3764 1188 3878 temporis
1202 3764 1402 3881 ignorata?
1432 3768 1535 3847 Nam
1552 3763 1618 3876 qui
1635 3788 1786 3847 motum
1810 3761 1894 3848 solis
1915 3762 1974 3879 ig·

521 3897 667 3981 norat,
688 3876 776 3967 huic
804 3905 882 3964 esse
908 3901 1057 3994 tempus
1084 3881 1259 3997 ignotum
1286 3881 1386 3968 testis
1411 3878 1717 3993 locupletissimus
1745 3902 1801 3964 est
1826 3877 1971 3964 Plato:

521 3991 589 4104 qui
602 4015 751 4107 tempus
766 3994 843 4080 hoc
870 4025 948 4081 esse
977 3996 1131 4105 definit,
1148 3998 1258 4113 quod
1283 4021 1432 4084 motum
1462 3997 1546 4083 solis
1562 4057 1574 4102 ,
1591 4021 1789 4082 attestante
1814 3993 1972 4080 Aristo·

518 4106 618 4213 tele,
634 4110 701 4223 qui
724 4136 872 4228 tempus
899 4113 988 4200 dicit
1017 4143 1095 4217 esse
1117 4142 1324 4201 mensuram
1349 4132 1465 4200 motus
1482 4176 1494 4220 ,
1511 4142 1592 4200 non
1617 4112 1806 4226 cujusvis,
1826 4111 1890 4196 sed
1908 4118 1974 4196 la·

517 4231 632 4308 tionis
655 4231 881 4313 orbiculatae
900 4292 913 4335 ‚
930 4231 1006 4318 hoc
1030 4256 1111 4338 est,
1125 4232 1287 4318 caelestis
1302 4231 1545 4317 circumactus
1560 4263 1570 4316 ε
1587 4232 1697 4346 quod
1713 4229 1764 4315 ad
1781 4227 1865 4315 solis
1881 4259 1966 4314 ma·

517 4338 616 4426 xime
639 4369 788 4430 motum
814 4345 968 4456 referri,
995 4350 1080 4435 satis
1103 4379 1150 4435 ex
1176 4350 1216 4434 iis
1232 4410 1246 4456 ,
1260 4377 1359 4484 quae
1388 4378 1499 4463 supra
1520 4349 1674 4434 diximus
1692 4408 1705 4451 ,
1722 4344 1941 4461 inteligitur
1954 4405 1971 4434 .

517 4457 593 4542 Sed
617 4461 799 4572 quoniam
827 4488 955 4549 exacta
983 4467 1068 4552 solis
1098 4466 1305 4551 ambeunns
1336 4466 1433 4552 ratio
1461 4493 1544 4550 non
1575 4489 1699 4578 potest
1722 4464 1789 4548 nisi
1806 4463 1971 4575 paucis,

516 4572 593 4659 hoc
608 4600 683 4682 est,
701 4580 820 4666 doctis
834 4580 1047 4669 hominibus
1063 4608 1103 4670 et
1118 4582 1385 4669 mathematicis
1409 4611 1486 4668 esse
1501 4582 1653 4697 cognita
1671 4643 1684 4689 ,
1706 4579 1973 4695 commodissi-

421 4702 425 4707 ’
515 4718 619 4777 marn
642 4696 826 4783 rationem
856 4697 1018 4786 inierunt
1046 4726 1216 4786 veterum
1241 4701 1483 4804 mortalium,
1501 4700 1568 4814 qui
1595 4700 1770 4785 omnium
1795 4699 1971 4812 pruden-

514 4807 649 4943 tissime
673 4815 850 4932 tcmporis
876 4839 1001 4934 partes
1033 4818 1277 4907 disdnxcnutt
1293 4880 1308 4927 ,
1326 4842 1373 4909 ut
1398 4845 1455 4907 res
1482 4816 1626 4905 cunctis
1650 4815 1870 4906 horreinibus
1896 4847 1972 4904 ne·

1707 5005 1714 5023 .
1797 4990 1808 5020 .=
1886 4962 1972 5027 ces·
