4020 5864
804 367 808 378 “
931 372 1493 652 runnu

694 738 901 823 RERUM
936 742 1187 824 Mamur
1221 735 1735 843 Mnuonnnrnruru,

324 974 328 981 ·
380 907 419 1037 s
523 959 796 1084 Quaem
815 967 912 1059 rus
944 965 1216 1098 Jonrrms
1245 966 1477 1058 onutsn
1502 953 1902 1056 serunveorn

907 1192 1128 1293 QPERIBUS
1161 1191 1504 1255 CONTINENTUR.

815 1378 848 1446 A
1254 1416 1257 1422 >
1285 1400 1360 1446 nem
1381 1375 1515 1444 Vicum.
1541 1396 1594 1442 ιι.
1611 1375 1736 1442 Senam
1752 1371 1932 1454 contendit,

1284 1476 1377 1562 cujus
1399 1473 1554 1566 primores
1576 1472 1854 1541 tumultuabant.
1881 1495 1931 1538 11.

1285 1573 1474 1645 Mevaniam
1499 1619 1510 1651 ,
1539 1588 1574 1638 et
1604 1572 1770 1639 Montem
1801 1570 1932 1638 Falisco·

1285 1695 1360 1741 rum
1378 1667 1541 1764 praesidiis
1556 1667 1680 1737 munit.
1699 1691 1756 1736 11.
1793 1669 1928 1737 Germa·

1285 1791 1356 1851 nos,
1372 1767 1433 1860 qui
1455 1770 1610 1837 Moutem
1635 1768 1804 1862 Regalem
1817 1768 1930 1835 etCo·

1286 1869 1402 1938 mitem
1415 1864 1603 1935 Laudinum
1622 1863 1730 1933 duces
1753 1863 1930 1956 sequeban-

1285 1986 1353 2047 tur,
1366 1965 1674 2052 conaturaJoanne
1689 1963 1779 2031 Vico
1792 1963 1833 2032 ad
1843 1984 1928 2032 exer·

1286 2064 1391 2133 citum
1415 2060 1672 2130 ecclesiasticum
1692 2083 1845 2130 averrere.
1875 2084 1921 2127 12.

1287 2161 1434 2233 Perusiae
1450 2159 1635 2228 tumultum
1653 2159 1923 2249 sedat.12.Joan·

1288 2284 1365 2329 nem
1387 2258 1511 2327 Vicum
1528 2256 1617 2326 bello
1638 2258 1792 2352 persequi
1809 2256 1927 2324 statuit.

1293 2363 1391 2452 13.1n
1405 2357 1560 2426 Montem
1573 2355 1779 2425 Faliscorum
1794 2356 1928 2424 hieman-

1289 2457 1325 2526 di
1337 2451 1625 2525 causacontendit.
1644 2476 1702 2543 14.
1736 2453 1930 2549 Episcopum

1289 2561 1462 2625 Pacensem
1479 2549 1529 2620 ad·
1536 2550 1737 2623 Pontificem
1751 2555 1888 2646 ablegat,
1897 2568 1930 2618 ut

1291 2651 1464 2749 pecuniam
1496 2647 1695 2745 suppeditet.
1737 2673 1794 2740 14.
1830 2648 1930 2738 Qrin·

1292 2767 1410 2848 gentos
1431 2747 1557 2840 equites
1572 2751 1734 2838 aJoannc
1750 2753 1839 2825 Vico
1852 2747 1891 2818 ad
1904 2765 1931 2815 se

1188 2869 1191 2876 ·
1248 2884 1250 2887 ·
1294 2845 1451 2918 traducit.
1471 2849 1524 2914 16.
1547 2847 1733 2942 Templum
1749 2852 1784 2919 S.
1798 2854 1931 2920 Lauren·

1295 2948 1335 3017 tii
1347 2966 1448 3042 prope
1462 2941 1589 3014 Urbem
1602 2965 1752 3017 veterem
1763 2963 1933 3044 expugnat.

1302 3048 1358 3115 16.
1394 3041 1583 3113 Corsidium
1605 3049 1639 3113 vi
1660 3048 1767 3141 capit.
1798 3071 1849 3138 17·
1868 3047 1934 3112 To-

1296 3144 1470 3213 scanellam
1487 3143 1585 3236 capit.
1606 3163 1660 3232 17.
1677 3150 1869 3215 cornetum
1882 3165 1935 3237 op·

1298 3258 1437 3338 pugnat.
1461 3258 1515 3322 19.
1535 3238 1739 3310 Seditionem
1752 3246 1788 3312 in
1804 3241 1934 3313 exercitu

1296 3337 1398 3410 sedat.
1413 3361 1468 3407 zo.
1497 3336 1622 3407 Urbem
1643 3360 1793 3411 veterem
1818 3362 1850 3410 et
1868 3342 1934 3408 Tu·

486 1477 661 1645 Actio
677 1569 765 1642 bona
781 1573 832 1641 vel
858 1574 941 1642 mala
957 1621 968 1656 ,
986 1575 1046 1646 nisi
1059 1573 1175 1644 volun·

538 1671 619 1740 taria
635 1670 704 1751 sit,
725 1692 792 1739 non
809 1688 855 1738 est
871 1671 1038 1744 laudanda
1055 1676 1106 1743 vel
1124 1674 1176 1742 vi·

500 1763 731 1864 -stuperanda
762 1789 839 1858 305.
879 1771 1036 1841 Actiones
1066 1772 1177 1840 homi·

500 1934 502 1939 ,
536 1890 618 1935 num
634 1867 838 1936 voluntariae
849 1887 1037 1962 sunt.392.
1069 1876 1177 1963 Agere

538 1962 638 2034 libere
655 1988 722 2034 non
739 1985 787 2035 est
805 1964 894 2034 idem
920 1966 1014 2058 quod
1040 1967 1179 2038 libenter

499 2064 505 2131 ἶ
539 2074 646 2159 agere.
656 2081 740 2151 499.

491 2159 694 2245 Admonitio
708 2207 719 2243 ,
744 2181 809 2250 qua
820 2158 953 2232 barbari
966 2181 1041 2232 sunt
1053 2161 1177 2232 instru-

499 2286 507 2297 ·
539 2257 616 2326 endi
633 2305 642 2338 ,
659 2258 782 2327 inutilis
792 2279 851 2327 est.
871 2281 950 2351 34²·

412 2431 417 2435 ,
489 2354 689 2437 ΑάιιιάιιΙι.
706 2360 784 2426 Vide.
800 2361 953 2427 Carolus.

490 2455 704 2550 Adulterium
733 2476 780 2523 est
807 2478 901 2524 causa
924 2451 1061 2549 repudii.
1094 2476 1181 2546 414.

504 2636 506 2641 Υ
543 2572 626 2646 429.
657 2553 856 2622 Adulteram
880 2576 1017 2625 uxorem
1045 2556 1183 2624 maritus

502 2665 507 2671 '
544 2649 743 2744 quibusdam
760 2675 800 2720 ert
822 2652 922 2720 causis
938 2653 1076 2722 retinere
1091 2671 1185 2721 tene-

497 2786 510 2795 0
544 2768 612 2817 tur.
650 2773 738 2840 4301
776 2747 988 2820 Adulterium
1028 2750 1182 2844 spiritale.

529 2868 590 2939 --43
602 2871 632 2914 1.
657 2848 875 2917 ⁴Adulterium
891 2848 1085 2940 quid-422·

494 2943 750 3020 Advocatorum
770 2964 804 3014 et
820 2964 1077 3039 procuratorum
1092 2943 1185 3016 frau-

547 3045 614 3114 des.
638 3044 715 3112 118.

495 3139 656 3239 Aegidius
672 3139 891 3212 Albornotius
914 3142 1084 3213 Bononiae
1103 3142 1189 3212 Col·

546 3240 669 3334 legium
710 3237 923 3334 Hispaniense
957 3237 1120 3310 condidit.
1158 3262 1189 3307 1.

546 3341 626 3425 Ejus
639 3361 742 3433 genus
756 3356 790 3404 et
814 3339 944 3407 natales.
962 3360 994 3425 ς.
1024 3345 1063 3406 Ιιι
1081 3339 1190 3406 Tolo-

548 3459 665 3507 sanum
703 3434 912 3530 gymnasium
957 3436 1113 3505 mittitur.
1158 3454 1188 3521 5.

549 3533 690 3607 Alfonso
711 3533 973 3604 Castellanorum
992 3535 1074 3630 Regi
1091 3532 1155 3602 fuit
1172 3556 1191 3602 a

548 3632 654 3701 sacris.
679 3652 709 3720 ς.
728 3634 886 3702 Donatur
900 3632 1191 3724 Archiepiscopatu

548 3731 729 3798 Toletano.
757 3751 790 3818 ς.
820 3730 904 3824 Regi
931 3737 1028 3798 Petro
1057 3729 1193 3811 invisus,

514 3866 516 3883 ι
551 3826 724 3898 Concham
744 3826 861 3896 urbem
879 3826 1016 3922 patriam
1042 3827 1191 3898 discedit.

549 3935 584 3994 6.
608 3924 816 3994 Avenionem
835 3922 878 3993 ad
901 3926 1108 3995 Clementem
1128 3926 1206 3993 v1.

548 4031 648 4095 Pont.
672 4024 764 4093 Max.
793 4021 1020 4118 proficiscitur.
1048 4027 1082 4092 6.
1106 4028 1193 4094 Car-

549 4118 666 4192 dinalis
688 4142 828 4191 creatur.
853 4144 887 4210 7.
912 4120 1076 4193 Pontificii
1102 4143 1194 4192 exer·

550 4222 633 4291 citus
645 4216 715 4290 dux
727 4220 870 4315 eligitur.
888 4242 921 4309 7.
943 4222 1121 4289 Delectum
1135 4220 1194 4290 lra-

552 4317 621 4390 bet.
639 4318 673 4384 8.
703 4318 932 4387 Mediolanum
963 4317 1191 4411 proficiscitur.

556 4415 591 4482 8.
606 4413 788 4485 Mediolani
801 4415 1043 4510 Archiepiscopi
1058 4414 1193 4507 Joannis

555 4511 716 4584 Matthaei
745 4513 804 4583 filii
834 4535 933 4605 opem
961 4508 1127 4608 implorat.
1160 4531 1195 4595 9.

555 4614 624 4679 Iter
647 4607 679 4676 in
699 4633 813 4704 agrum
831 4613 987 4681 Picenum
1004 4611 1118 4706 carpit.
1141 4632 1195 4680 ιο.

554 4706 678 4798 Qrinis
687 4706 776 4776 denis
789 4709 898 4777 castris
914 4709 1110 4778 Florentiam
1121 4731 1195 4803 per·

554 4810 655 4878 venit.
675 4828 728 4876 ιι.
752 4809 894 4904 Legatos
905 4806 1009 4880 mittit
1025 4807 1068 4880 ad
1089 4811 1194 4900 Joan·

1297 3438 1426 3508 sculum
1446 3435 1569 3530 recipit.
1584 3459 1641 3504 ιι.
1660 3444 1722 3509 Per
1735 3442 1884 3536 legatos,
1898 3443 1936 3509 A·

1298 3535 1461 3604 merianus
1492 3533 1535 3604 ad
1555 3556 1587 3603 se
1613 3533 1770 3605 adducit.
1800 3561 1858 3605 21.
1882 3543 1938 3607 Lc-

1298 3650 1393 3730 gatos
1416 3630 1517 3701 mittit
1530 3631 1574 3702 ad
1601 3654 1790 3727 grassantes
1811 3637 1940 3706 Germa·

1300 3753 1373 3799 nos.
1392 3753 1449 3798 21.
1462 3752 1520 3797 ιι.
1536 3730 1733 3825 Eugubium
1749 3733 1876 3828 recipit.
1890 3755 1940 3824 ις.

1298 3828 1343 3899 Ei
1362 3849 1395 3897 se
1417 3831 1559 3920 Joannes
1573 3830 1678 3897 Vicus
1689 3830 1801 3900 dedit.
1814 3854 1871 3923 ις.
1890 3835 1942 3902 Li·

1300 3924 1429 4023 gerium
1450 3924 1645 3995 Androtum
1657 3928 1804 3999 Viterbii
1822 3952 1942 4024 praeto-

1301 4047 1372 4093 rem
1407 4024 1593 4094 constituit.
1620 4046 1679 4116 ²4·
1703 4029 1857 4098 Sutrium
1872 4051 1944 4099 curn
2005 4096 2007 4112 ⁴

1302 4143 1378 4191 arce
1400 4122 1525 4216 recipit.
1558 4145 1615 4213 27.
1643 4130 1879 4197 Interamnam
1900 4150 1946 4196 re·

1303 4220 1395 4314 cipit.
1418 4242 1475 4310 ιγ.
1498 4221 1719 4308 Veientanam
1735 4227 1855 4296 urbem
1867 4225 1947 4296 obsi·

1303 4317 1359 4387 det
1379 4337 1412 4385 et
1428 4337 1609 4414 expugnat.
1630 4324 1690 4388 28.
1708 4325 1878 4412 Joannem
1895 4323 1947 4393 V'r·

1303 4438 1382 4485 cum
1410 4417 1550 4486 Cometi
1575 4418 1740 4488 vicarium
1763 4422 1798 4490 in
1824 4422 1946 4493 duode-
2006 4495 2007 4498 ,

1304 4513 1370 4584 cim
1392 4537 1497 4582 annos
1515 4535 1615 4584 creat.
1646 4518 1704 4586 28.
1732 4522 1842 4616 Apud
1869 4529 1944 4592 Pon·

1304 4611 1427 4681 tilicem
1461 4609 1543 4681 falso
1571 4613 1827 4702 insimulatur,
1864 4614 1938 4713 quod

1302 4733 1381 4782 curn
1400 4711 1579 4779 Malatestis
1601 4709 1725 4783 foedus
1743 4721 1937 4810 percussisset·

1305 4829 1359 4903 30.
1383 4809 1514 4882 Bellum
1529 4811 1669 4906 capessit
1695 4814 1861 4890 adversus
1880 4818 1941 4983 ΜΕ
