4140 5872
296 430 373 507 nn
404 427 617 504 uacuo
648 423 724 493 nr·
754 413 932 493 nanas
958 418 1200 488 orrrcro
1234 417 1336 489 rna.
1360 421 1389 489 1.
1498 441 1563 511 117

137 564 228 650 dam
243 559 424 648 virtutum
439 551 641 640 obeunda.
656 549 837 632 Ceterum
852 544 892 629 in
909 552 1043 630 neutra
1055 538 1209 628 fortuna
1225 545 1437 632 occasiones
1449 528 1586 633 desunt
1604 570 1712 622 ronan.
1726 571 1785 642 n,

142 704 240 768 recte
254 675 407 766 vivendi
423 707 432 759 :
451 703 540 759 nam
556 670 688 782 inopes
704 690 848 781 egestas
869 692 893 747 a
908 662 1165 776 voluptatibus
1181 661 1334 751 cohibet
1350 725 1362 770 ,
1381 664 1512 752 divites
1527 695 1587 753 co
1604 643 1669 744 iiti-
1679 645 1705 683 ‘⁸
1718 634 1784 683 ‘im'

141 798 202 912 pia
216 826 340 883 rerum
356 794 407 881 ad
424 801 569 877 ceteros
592 780 828 870 multifariam
845 779 1029 893 juvandos
1054 779 1398 896 benignitatemque
1428 784 1586 892 inducit,

137 915 370 1030 vicissimque
388 939 497 1025 saepe
522 931 705 1019 utrosque
729 900 910 1015 cupiditas
933 899 1096 1016 exagitat
1118 923 1183 1004 ,et
1201 897 1251 983 ad
1267 926 1464 1014 peccatum
1482 930 1521 990 et
1536 905 1588 989 in·

136 1032 265 1147 iuriam
281 1029 456 1146 impellit.
473 1031 658 1139 Pauperes
675 1021 768 1107 dum
784 1018 980 1134 pecuniam
996 1016 1153 1130 cupiunt
1164 1077 1176 1121 ,
1186 1041 1230 1101 ut
1245 1019 1400 1134 egestati
1417 1020 1590 1107 medeam

138 1174 201 1237 tur
218 1214 231 1258 ,
247 1151 379 1239 divites
396 1168 549 1261 propter
572 1138 755 1226 licentiam
775 1198 788 1243 ,
804 1136 1018 1252 voluptates
1041 1159 1229 1250 quaerunt
1245 1163 1325 1221 non
1342 1141 1589 1226 necessarias:

139 1297 243 1385 quae
267 1265 448 1383 cupiditas
478 1260 663 1374 ceterique
687 1256 903 1341 animorum
927 1254 1050 1339 morbi
1077 1281 1143 1368 per
1161 1253 1261 1370 leges
1277 1255 1327 1340 ad
1343 1254 1525 1342 virtutum
1546 1288 1589 1343 o·

135 1387 288 1473 mnium
301 1384 444 1470 cultum
458 1381 698 1482 inducentes,
712 1399 752 1460 ct
767 1405 790 1459 a
803 1375 912 1460 rebus
932 1371 1122 1458 contrariis
1137 1371 1362 1457 deterrentes
1378 1373 1590 1463 cohibenda

129 1529 219 1610 est,
234 1505 394 1619 primum
411 1500 655 1585 honestarum
668 1522 794 1580 rerum
810 1489 1092 1595 exercitatione,
1108 1517 1207 1604 quae
1223 1485 1327 1575 facile
1342 1490 1467 1579 bonae
1481 1493 1592 1583 indo-

132 1621 346 1708 liamotem
371 1618 516 1709 virtutis
533 1617 728 1731 ingenerat
746 1639 760 1712 ·,
779 1609 916 1697 deinde
933 1607 1103 1723 praemiis
1118 1606 1289 1723 egregiae
1300 1607 1436 1697 virtuti
1450 1642 1592 1729 propo·
1607 1640 1704 1716 vinno
1715 1604 1788 1706 pness

138 1741 298 1863 nendis,
314 1769 396 1855 quo
410 1737 504 1823 boni
520 1732 638 1849 magis
656 1728 883 1831 alliciantur,
895 1726 1129 1840 vicissimque
1145 1725 1275 1839 poenis
1291 1727 1444 1838 injuriae
1456 1732 1594 1819 consti
1608 1717 1789 1817 {newton

144 1858 297 1945 tuendis
313 1918 326 1961 ,
341 1880 385 1941 ut
401 1850 565 1967 improbi
577 1872 683 1934 metu
696 1852 943 1934 coerceantur
958 1869 998 1931 et
1013 1843 1262 1930 emendentur
1277 1906 1288 1950 ,
1311 1845 1393 1954 vel,
1411 1847 1440 1932 si
1456 1844 1596 1939 fuerint

140 1972 363 2061 insanabiles
390 1999 430 2057 et
454 1966 674 2083 reipublicae
708 1963 930 2080 perniciosi,
955 1964 1004 2050 de
1030 1963 1156 2049 medio
1178 1961 1382 2050 tollantur.
1401 1970 1596 2089 Haecigi.

141 2117 209 2179 tur
238 2092 364 2178 omnia
380 2090 594 2189 intuentes,
620 2107 659 2167 et
688 2085 835 2169 bonum
863 2080 1054 2197 publicum
1076 2104 1284 2198 spectantes
1316 2081 1387 2171 viri·
1406 2084 1529 2172 civiles
1557 2112 1597 2176 ct

143 2211 328 2327 sapientes
344 2226 358 2314 ,
373 2207 508 2324 quibus
535 2204 574 2290 id
599 2229 736 2288 munus
765 2198 875 2288 fuerit
902 2200 1144 2320 delegatum,
1165 2200 1214 2286 de
1242 2201 1523 2316 quamplurimis
1540 2235 1596 2294 re·

146 2329 218 2415 bus
246 2326 324 2414 lieri
350 2326 466 2442 possit
481 2314 499 2431 ,'
512 2322 614 2440 leges
630 2315 725 2407 ferre
752 2323 917 2409 debent:
938 2350 984 2406 ea
1004 2322 1231 2427 duntaxat,
1252 2319 1300 2405 de
1330 2320 1466 2437 quibus
1498 2319 1598 2441 leges

149 2446 280 2533 sanciri
308 2467 530 2562 nequeunt,
553 2441 918 2556 praetermittentes,
944 2464 985 2523 et
1015 2439 1226 2554 principum
1261 2461 1329 2523 aut
1359 2469 1597 2530 summorum

146 2564 437 2682 magistratuum
453 2560 614 2646 arbitrio·
624 2585 663 2645 et
679 2560 899 2675 prudentiae
916 2617 929 2663 ,
946 2579 991 2641 ut
1007 2581 1063 2643 est
1080 2585 1226 2643 necesse
1241 2618 1254 2664 ,
1270 2557 1538 2674 relinquentes.

144 2749 146 2752 a
208 2686 354 2769 XXVI.
414 2685 557 2766 Rerum
581 2677 682 2763 enim
708 2678 944 2796 agendarum
960 2674 1064 2762 varia
1080 2699 1119 2760 et
1136 2674 1350 2762 inconstans
1366 2703 1501 2765 natura
1516 2677 1599 2766 nul-
1627 2711 1723 2762 nemo
1739 2713 1794 2761 sn
1909 2727 1912 2730 ·

146 2798 224 2885 lam
251 2802 300 2887 de
325 2800 407 2915 ipsis
434 2799 555 2916 legem
580 2791 668 2881 ferri
683 2795 861 2912 permittit
879 2857 892 2903 ,
907 2822 1007 2910 quae
1034 2793 1177 2880 cunctis
1191 2794 1427 2903 bominibus,
1451 2771 1793 2915 tempo=liiiiii'iii.0¹¹

149 2918 251 3005 ribus
277 2942 316 3005 et
343 2917 433 3003 locis
457 2913 686 3003 conveniat:
713 2944 803 2999 nam
826 2912 927 3030 leges
958 2912 1130 2999 universe
1148 2913 1405 3029 praecipiunt,
1429 2912 1600 3006 commuss

145 3065 239 3122 nem
260 3036 469 3152 quamdam
499 3036 684 3120 tationem
714 3056 948 3149 spectantes:
983 3059 1083 3146 quae
1110 3056 1155 3116 ut
1182 3031 1220 3116 in
1244 3031 1367 3148 plures
1397 3037 1599 3145 convenit,

148 3155 201 3240 sic
225 3154 417 3241 interdum
444 3152 534 3239 locis
557 3176 597 3240 et
622 3151 886 3267 temporibus,
906 3149 1182 3266 hominumque
1213 3174 1253 3237 et
1281 3179 1407 3237 rerum
1433 3154 1601 3273 singula·

146 3302 233 3358 rum
264 3271 542 3359 conditionibus
572 3293 611 3355 et
643 3269 882 3385 qualitatibus
915 3297 996 3357 non
1028 3292 1205 3382 aptamt.
1251 3272 1308 3355 lta
1341 3299 1431 3356 cum
1462 3268 1511 3361 de
1542 3274 1600 3362 his

147 3390 354 3507 ceterisque
393 3389 503 3476 rebus
545 3389 819 3505 singularibus,
848 3415 947 3504 quae
980 3382 1147 3473 infinitae
1180 3415 1341 3475 numero
1371 3388 1488 3499 sunt,
1518 3421 1601 3480 non

148 3509 233 3594 satis
256 3510 372 3625 possit
393 3508 536 3626 legibus
562 3508 765 3614 constitui,
791 3501 979 3612 eflicitur,
1002 3529 1048 3590 ut
1086 3504 1204 3592 multa
1245 3509 1450 3594 necessario
1479 3510 1601 3595 homi·

147 3652 243 3711 num
258 3626 409 3715 arbitrio
433 3651 472 3713 et
493 3625 648 3712 consilio
664 3625 905 3714 deliberanda
933 3646 972 3709 et
995 3621 1197 3738 judicanda
1225 3625 1509 3741 relinquannar.
1528 3630 1599 3714 Ve·
1614 3647 1652 3756 ξι
1669 3659 1750 3710 aeno
1765 3661 1792 3700 et

147 3768 362 3831 rumtamen
394 3745 516 3834 omnis
542 3743 767 3832 consultatio
789 3743 830 3828 in
860 3744 964 3828 bona
996 3742 1212 3857 republica,
1236 3772 1430 3861 omneque
1457 3746 1506 3832 de
1537 3776 1598 3834 re·
1611 3713 1793 3827 diibcniiii

148 3862 219 3946 bus
243 3863 371 3950 dubiis
401 3862 593 3975 iudicium*
607 3864 666 3951 ad
695 3865 844 3949 bonum
876 3859 1068 3977 publicum
1103 3856 1229 3948 referri
1269 3863 1411 3971 debet,
1448 3865 1598 3951 omnia·

132 4007 225 4094 -que
262 3980 350 4067 sunt
377 3981 428 4068 ad
464 3981 548 4094 justi
589 4006 628 4069 et
672 3981 783 4099 aequi
820 3980 926 4097 quasi
965 3988 1143 4066 normam
1169 3979 1343 4066 Lesbiam
1380 3980 1598 4100 dirigenda.
1612 4036 1666 4086 Le,
1683 4039 1791 4089 „mm

147 4101 227 4183 Iex
263 4102 362 4186 enim
392 4097 551 4186 ferream
577 4130 782 4207 normam,
812 4127 912 4216 quae
944 4095 1046 4185 flecti
1077 4098 1226 4204 nescit,
1256 4099 1494 4186 aemulatur.
1524 4108 1598 4189 Ra-
1612 4110 1731 4210 mlx,
1748 4110 1791 4149 ⁸⁶¹

132 4215 206 4298 *tio
223 4246 314 4304 vero
346 4219 440 4305 boni
468 4242 507 4305 et
529 4220 669 4335 aequi,
688 4248 788 4336 quae
812 4221 861 4305 ab
884 4215 1019 4303 ordine
1046 4215 1204 4302 nannali
1228 4214 1312 4333 lege
1337 4242 1488 4305 aeterna
1504 4212 1598 4309 san-

142 4330 227 4415 cito
256 4360 462 4452 numquam
492 4338 646 4424 discedit
662 4400 675 4445 ,
693 4338 813 4424 similis
842 4361 897 4424 est
928 4335 1128 4451 plumbeae
1159 4334 1388 4451 Lesbiaeque
1411 4367 1598 4449 normae,

146 4477 249 4564 quae
275 4454 538 4567 pro'lapidum
565 4453 791 4570 perficienda
823 4454 944 4574 figura
972 4451 1167 4541 flectendo
1192 4456 1434 4543 mutabatur.
1474 4459 1598 4557 Quod

147 4566 215 4651 ubi
242 4564 315 4673 lit,
345 4597 427 4655 non
469 4574 642 4659 homines
676 4576 941 4661 humanumve
980 4570 1172 4657 arbitrium
1204 4572 1243 4657 in
1277 4574 1500 4690 republica,
1531 4553 1626 4667 sed*

140 4688 251 4773 Deus
276 4709 320 4772 ets
342 4685 444 4804 leges
469 4688 665 4802 imperium
691 4716 824 4779 tenent
844 4713 998 4806 propter
1014 4690 1138 4808 legem
1155 4714 1371 4799 aeternam,
1388 4721 1487 4808 quae
1502 4725 1599 4781 sum·

139 4831 211 4889 ma
230 4801 289 4894 lex
312 4833 537 4937 sununaquc
563 4808 660 4900 ratio
681 4807 782 4900 solet
805 4839 828 4900 a
852 4807 1086 4931 pbilosophis
1108 4810 1347 4931 nuncupari.
1369 4815 1478 4904 Haec
1495 4815 1596 4947 enlm
1622 4809 1731 4926 ,lglffgff
1745 4819 1773 4871 'r'

1558 4956 1597 5023 m
