4140 5872
536 386 600 451 192
770 374 835 429 ,·’
920 340 1435 432 ¹*consutus

506 521 591 576 sum
608 549 621 594 ‚
639 484 840 602 optabilius
871 482 997 570 nescio
1027 514 1111 602 quo
1138 507 1251 600 pacto
1280 482 1508 589 videbatur,
1533 506 1577 570 ut
1591 477 1856 589 Varronisille
1885 481 1963 574 lau

506 609 617 695 dibus
647 603 772 692 hisset
802 629 1026 690 contentus.
1086 605 1169 715 Jnc.
1197 606 1328 690 Petrus
1354 665 1366 710 ,
1391 603 1446 688 uti
1478 601 1569 687 mihi
1596 600 1774 707 videtur,
1802 608 1962 691 Gonsa-

505 725 571 833 le,
596 723 780 812 sententia
810 722 881 808 tibi
905 719 1159 838 suffragatum
1190 722 1256 808 sed
1285 721 1421 810 erdmio
1455 747 1584 810 amore
1602 779 1614 824 ,
1630 748 1712 835 quo
1742 721 1781 805 in
1808 746 1960 835 patrem

490 868 587 939 ¹crat
614 841 802 946 affectus,
823 870 872 926 eo
896 865 1125 945 revocatur,
1148 863 1193 925 ut
1221 838 1362 957 aliquid
1395 839 1444 926 de
1466 838 1534 925 illa
1556 854 1663 926 tanta
1694 836 1815 955 gloria
1845 836 1960 928 fuerit

504 963 746 1065 remissurus,
770 982 813 1043 ut
833 982 977 1074 patrem
993 959 1116 1047 vitum
1131 955 1369 1045 clarissimum
1396 958 1446 1044 ab
1470 957 1669 1043 immatura·
1693 972 1817 1044 mo'rte
1834 958 1961 1047 vindi-

506 1105 609 1167 caret
625 1140 637 1163 .
663 1083 759 1176 Quo
777 1106 866 1162 cum
882 1107 952 1163 suo
968 1107 1113 1194 magno
1136 1074 1383 1166 incommodo
1407 1077 1446 1162 in
1468 1104 1514 1161 ea
1536 1075 1748 1191 praesertim
1764 1104 1960 1164 annorum

395 1252 399 1257 x
505 1197 719 1284 infirmitate
742 1225 818 1281 sese
848 1196 1026 1280 orbatum
1055 1193 1164 1279 luisse
1181 1256 1194 1301 ,
1211 1204 1292 1280 non
1307 1219 1432 1308 potest
1463 1193 1541 1280 sine
1568 1193 1701 1279 dolore
1725 1196 1957 1282 meminisse.

505 1319 595 1401 Par.
628 1323 698 1402 Est
713 1339 757 1400 ut
780 1313 832 1398 ais
849 1373 862 1418 ,
877 1314 1044 1427 Jacobe:
1071 1340 1160 1396 nam
1175 1341 1263 1398 cum
1290 1341 1354 1398 me
1375 1313 1425 1397 ab
1446 1312 1521 1398 hoc
1547 1308 1685 1397 affectu
1708 1313 1859 1428 recepi,
1890 1346 1959 1401 so-

494 1432 569 1520 leo
595 1434 655 1521 illa
673 1432 791 1551 gloria
806 1456 959 1545 paterna
982 1457 1062 1515 non
1089 1429 1324 1519 mediocriter
1339 1430 1535 1517 delectari.
1580 1433 1704 1517 Gous.
1732 1435 1874 1548 Neque
1892 1461 1958 1518 me

491 1578 592 1638 rtum
608 1615 621 1659 ‚
638 1557 776 1655 Perre,
800 1547 951 1634 fallebat
976 1547 1146 1648 animus;
1161 1548 1227 1639 sed
1255 1546 1541 1664 pulcherrimam
1561 1546 1658 1634 illam
1682 1573 1841 1636 mortem
1856 1578 1955 1638 cum

504 1670 639 1757 dolore
662 1666 867 1755 meminisse
884 1727 896 1772 ,
913 1666 1026 1753 ctiam
1049 1690 1165 1782 atque
1185 1665 1298 1751 etiam
1325 1665 1440 1774 vide,
1456 1694 1505 1752 ne
1536 1693 1616 1752 non
1631 1690 1773 1782 patrem
1787 1667 1883 1782 ,sed
1910 1696 1958 1756 se

501 1788 624 1903 ipsum
658 1784 816 1874 amantis
844 1812 922 1869 esse
951 1783 1148 1873 videatur.
1187 1782 1326 1899 siquid
1345 1783 1457 1880 enim(v
1470 1783 1679 1880 dole'ndum
1706 1797 1790 1890 est,
1817 1792 1958 1872 nostra

502 1934 615 1994 causa
637 1903 846 1992 dolendum
868 1926 924 1988 est
940 1961 953 2009 ,
969 1901 1083 2018 quod
1099 1899 1223 1993 virum
1237 1900 1417 1995 ,maximis
1434 1899 1645 2017 praeditum
1674 1901 1874 1991 virtutibus
1898 1898 1956 1989 fa-

435 2016 443 2025 ’
503 2024 624 2110 miliae
641 2047 790 2110 nostrae
806 2019 1008 2137 principem
1034 2018 1246 2124 amisimus3
1268 2049 1349 2107 non
1373 2020 1466 2108 illius
1482 2083 1496 2128 ,
1511 2050 1627 2137 quem
1651 2020 1842 2110 advitam
1860 2048 1956 2109 cum

502 2142 620 2254 beatis
642 2141 855 2259 degendam
880 2138 1065 2226 credimus
1089 2139 1283 2247 evolasse,
1301 2139 1444 2258 quique
1459 2139 1555 2249 inter
1570 2139 1742 2231 homines
1764 2138 1824 2224 illa
1847 2166 1958 2232 mor-

501 2288 541 2362 te
564 2259 812 2367 immortalem
837 2257 996 2374 gloriam
1022 2280 1078 2343 est
1102 2284 1352 2364 consecutus,
1370 2287 1447 2374 qua
1472 2257 1591 2376 gloria
1619 2257 1710 2344 nihil
1726 2256 1850 2373 potius
1865 2319 1879 2363 ,
1892 2255 1954 2351 ni,-
2029 2368 2033 2369 f

499 2376 554 2462 hil
570 2378 768 2494 optabilius
778 2390 860 2461 'esse
888 2375 1002 2461 debet
1019 2374 1164 2462 homini
1187 2375 1382 2463 liberaliter
1408 2377 1600 2464 instituto.
1632 2381 1736 2462 Nam
1790 2374 1872 2461 uod
1888 2375 1957 2483 ais,

478 2499 715 2606 v*Varronem
747 2518 832 2610 post
855 2488 986 2610 fugam
1010 2488 1126 2579 ,ltine
1150 2522 1174 2577 a
1199 2496 1379 2581 Romanis
1403 2494 1625 2597 laudatum,
1641 2500 1748 2580 Deus
1761 2404 1859 2579 laxit
1874 2553 1887 2597 ,
1902 2521 1956 2580 ne

500 2615 593 2700 mihi
611 2641 796 2728 umquam
827 2609 1011 2722 ejusmodi
1034 2609 1201 2698 laudario
1224 2613 1442 2731 contingat.
1477 2619 1572 2699 Non
1601 2612 1710 2727 quod
1726 2611 1855 2699 Varro
1871 2631 1956 2698 non

501 2733 667 2847 potuerit
693 2732 770 2844 jure
796 2727 964 2832 laudari,
996 2726 1024 2812 si
1047 2753 1148 2814 recta
1176 2730 1321 2816 ratione
1350 2729 1555 2825 consilium:
1575 2731 1798 2826 moderante
1824 2728 1954 2818 salutis

500 2849 724 2964 praesidium
757 2845 798 2932 in
822 2842 913 2964 fuga
938 2845 1142 2960 posuisset:
1176 2876 1276 2963 quae
1299 2849 1394 2935 ratio
1420 2849 1533 2936 etiarn
1563 2848 1601 2941 in
1632 2868 1781 2949 summa
1809 2863 1956 2942 'rerum¹

499 2966 694 3082 iniquitate
723 2958 957 3078 despondere
987 2963 1155 3055 animum
1183 2992 1321 3073 vetar,
1343 2966 1426 3077 sed.
1443 2956 1621 3063 reiben'e
1647 2960 1842 3085 gerendae·
1865 2964 1955 3058 sub÷

499 3084 576 3172 lata
592 3081 769 3172 facultate
786 3142 798 3184 ‚
814 3109 852 3166 sc
875 3080 1002 3196 potius
1022 3083 1130 3195 jubet
1144 3080 1482 3179 'melorl'fortunae
1495 3109 1655 3178 ,servate
1672 3145 1684 3172 .
1711 3084 1786 3171 Sed
1799 3110 1956 3188 vereor,

500 3231 571 3309 nc,
581 3199 914 3319 *quemadmodum
931 3226 1072 3291 temere
1094 3198 1285 3291 certamen
1300 3203 1455 3295 mstituit
1468 3204 1594 3291 Varro
1611 3262 1625 3308 ‚
1641 3203 1690 3290 sic
1705 3218 1830 3290 cetera
1847 3230 1957 3319 prae·

499 3346 558 3410 ter
579 3322 778 3408 rationem*
789 3316 1126 3411 administraverit.
1160 3327 1293 3438 ltaque
1323 3322 1400 3408 illas
1429 3326 1695 3409 Romanorum
1725 3350 1842 3409 voces
1864 3350 1953 3404 non

499 3438 648 3529 virturis
674 3435 1090 3546 testificationem‚.-sed
1111 3435 1225 3556 fugae
1256 3441 1381 3555 potius
1404 3441 1522 3556 turpis
1552 3438 1830 3526 cremationem
1852 3464 1955 3522 sem·

499 3586 569 3674 per
584 3555 768 3671 judicavi.
785 3554 867 3640 Nisi
881 3553 982 3650 forte
995 3559 1319 3662 Demosthenem,
1336 3558 1542 3651 maximum
1568 3557 1672 3653 illum
1686 3556 1843 3670 quidem
1858 3583 1957 3649 ora·

498 3700 625 3762 torem
641 3674 822 3761 Graeciae
837 3733 849 3778 ,
866 3674 932 3760 sed
948 3672 1039 3761 nihil
1054 3675 1174 3768 minus
1189 3674 1373 3792 quamad
1386 3672 1493 3760 bella·
1504 3694 1661 3781 natum,
1678 3673 1851 3762 laudibus
1865 3669 1957 3759 effe⁴

498 3794 661 3880 rendum
678 3816 855 3908 putamus
871 3791 988 3906 ,qm
1003 3820 1093 3882 cum
1109 3795 1142 3879 ei
1157 3794 1314 3909 quidam
1339 3792 1515 3910 injurgio
1530 3789 1645 3912 fugae
1673 3791 1953 3905 turpitudinem

500 3910 692 4023 objecisset
708 3972 720 4016 ‚
736 3907 969 4024 respondisse
996 3905 1134 3997 fertur:
1153 3912 1226 3996 Vir
1244 3910 1405 4021 fugiens
1434 3919 1569 4004 iterum
1582 3912 1774 4022 pugnabit·
1788 3940 1808 4003 s
1827 3938 1955 4023 quam

500 4057 637 4115 vocem
661 4029 728 4152 qui
745 4027 904 4113 laudant
919 4087 933 4133 ,
947 4027 1041 4144 quid
1067 4026 1093 4114 ii
1117 4026 1248 4139 aliud,
1273 4059 1392 4146 quam
1414 4029 1587 4148 ignaviae
1619 4029 1814 4116 latebram·
1827 4055 1958 4144 quae⁴

500 4174 584 4249 rere
600 4145 720 4235 videri
746 4146 907 4232 debent?

559 4265 663 4349 V111.
722 4264 807 4376 Jnc.
838 4269 945 4349 Itane
971 4291 1128 4373 censes,
1152 4264 1351 4373 Gonsale‚
1378 4265 1538 4385 gloriam
1559 4265 1707 4354 excelso
1730 4289 1956 4380 magnoque

500 4379 631 4466 animo
653 4380 742 4467 ¹viris
766 4406 855 4467 ante
884 4405 1009 4469 cetera
1030 4384 1203 4473 mortalia
1226 4387 1330 4481 bona
1355 4410 1394 4474 et
1421 4387 1539 4473 vitam
1563 4385 1682 4501 ipsam
1708 4410 1788 4470 esse
1803 4410 1954 4498 ponen-

500 4498 619 4584 dam?
665 4503 789 4585 Gous.
821 4504 910 4614 Ego
933 4531 1027 4588 vero
1053 4531 1121 4587 cur
1147 4497 1305 4590 nonita
1323 4505 1563 4609 ‚existimem
1581 4501 1672 4587 nihil
1696 4500 1812 4590 video
1831 4527 1957 4608 ,cum

500 4615 606 4723 mihi,
621 4643 785 4733 quoquo
800 4645 863 4703 me
878 4641 1037 4724 vertam,
1055 4619 1200 4707 nullum
1216 4623 1446 4737 praeclarum
1461 4619 1604 4715 facinus
1626 4643 1799 4707 occurrat
1815 4616 1957 4735 ,quod

498 4762 582 4818 non
606 4735 652 4820 sit
676 4735 726 4820 ab
751 4765 800 4824 co
825 4735 955 4821 animo
981 4735 1195 4852 profectum
1212 4801 1225 4848 ,
1242 4740 1310 4856 qui
1323 4738 1444 4858 gloria
1460 4740 1697 4855 potissimum
1722 4737 1958 4836 duceretur.

497 4852 583 4966 Jac.
612 4858 674 4942 En
698 4853 807 4944 nobis
822 4915 836 4962 ,
852 4859 961 4944 Petre
979 4915 992 4963 ,
1008 4857 1156 4952 occasio
1173 4919 1187 4968 ‚
1203 4887 1322 4974 quam
1339 4859 1406 4947 diu
1430 4859 1693 4976 captavimus,
1710 4853 1850 4953 oblata,¹
1873 4882 1957 4963 est,

1895 5004 1964 5061 au·
