4006 5850
680 382 1014 456 LIBERII.
1450 393 1523 480 '449

107 513 204 599 sari:
236 512 302 599 aut
320 507 426 597 obliti
441 533 562 597 cuent
577 504 783 596 versatilem
802 532 925 588 return
945 505 1176 621 agendarum
1200 502 1545 629 inaequabiiernque

109 659 308 736 naturam,
330 631 472 715 nullam
498 625 656 742 cujusvis
685 623 829 741 generis
843 647 1080 709 constantem
1104 624 1347 743 stabilemque
1370 658 1544 718 normam

106 749 314 834 admittere.

162 868 268 951 XXI.
329 864 451 950 Simile
469 890 635 979 namque
651 861 915 966 videturesse,
940 889 962 944 a
989 865 1077 947 Deo
1106 862 1168 949 vel
1179 886 1313 947 natura
1342 863 1463 980 legem
1479 867 1540 954 ali-

102 982 283 1098 quamde
298 983 408 1066 rebus
424 983 637 1067 hominibus
661 980 759 1064 inter
784 979 882 1092 ipsos
906 979 1059 1094 agendis
1084 980 1329 1097 sempiternae
1353 983 1539 1071 rectitudi-

101 1100 158 1184 nis
173 1128 353 1213 poscere,
376 1125 492 1215 atque
510 1100 559 1184 ab
573 1096 711 1184 artifice
736 1095 1001 1201 solertissimo,
1033 1122 1077 1183 ut
1092 1098 1248 1184 securim
1276 1098 1541 1190 adamantinae

102 1216 259 1302 duritiae
275 1247 321 1303 ex
329 1216 487 1330 plumbo
502 1243 568 1303 aut
584 1245 679 1302 auro
693 1213 881 1320 conficiat,
900 1214 1100 1327 postulare.
1121 1221 1224 1302 Nam
1241 1240 1283 1301 ut
1300 1216 1359 1301 hic
1380 1219 1539 1306 securim
1559 1212 1561 1217 ’

102 1335 273 1420 absoluta
290 1332 412 1419 forma
427 1333 561 1449 (quod
578 1335 742 1449 positum
758 1358 812 1419 cst
829 1333 868 1418 in
885 1331 994 1446 ipsius
1010 1333 1163 1419 artificio
1178 1334 1192 1449 )
1208 1331 1385 1419 fabricare
1398 1361 1536 1450 potest;

101 1479 201 1565 quae
216 1452 417 1538 scindenda
434 1454 583 1538 duriore
599 1451 751 1539 materia
768 1479 847 1535 non
875 1451 1096 1535 retundatur
1129 1513 1141 1556 ‚
1166 1481 1248 1536 non
1275 1477 1399 1564 potest
1429 1449 1536 1566 (hoc

99 1571 199 1655 enim
227 1599 276 1655 ne
297 1576 402 1656 Deus
425 1570 502 1683 ipse
522 1570 677 1686 quidem
705 1594 888 1681 praestare
909 1569 1030 1652 valeat
1056 1567 1161 1654 salva.
1188 1570 1337 1654 illorum
1371 1570 1536 1658 metallo·

86 1684 185 1770 ¹rum
200 1688 360 1799 natura)
391 1688 441 1771 sic
456 1692 561 1773 Deus
577 1712 692 1800 atque
714 1711 847 1772 natura
863 1684 968 1771 dabit
989 1685 1143 1800 quidem
1169 1689 1216 1772 de
1244 1687 1353 1772 rebus
1380 1690 1536 1804 agendis

100 1804 312 1889 rectissimas
327 1804 457 1919 leges,
481 1828 520 1891 et
543 1805 675 1921 quoad
691 1802 775 1889 iicet
800 1831 865 1918 per
881 1804 1072 1889 materiam
1100 1804 1370 1904 stabilissimas3
1401 1807 1465 1890 sed
1490 1830 1536 1892 ut

98 1923 240 2006 cunctis
257 1922 485 2035 temporibus
499 1923 690 2037 causisque
720 1950 928 2035 numquam
958 1920 1189 2035 interpellata
1220 1921 1440 2008 rectitudine
1462 1951 1533 2008 scr·

100 2036 232 2143 vient,
250 2069 329 2124 non
343 2040 481 2152 patitur
496 2069 621 2126 rerum
637 2039 869 2155 agendarum
883 2037 1040 2125 varietas
1053 2064 1091 2125 et
1104 2038 1361 2125 inconstantia.

103 2201 107 2207 ·
157 2157 280 2241 XXII.
342 2157 414 2242 Sed
431 2181 567 2274 urgent
582 2158 637 2243 isti
654 2181 878 2273 argumento
894 2185 973 2240 non
989 2181 1066 2240 tam
1082 2181 1211 2263 recto,
1242 2185 1360 2271 quam
1386 2155 1532 2270 specio·
1585 2197 1725 2256 nmmu-

100 2300 159 2375 so,
177 2273 286 2386 quod
301 2273 453 2359 inhunc
470 2276 629 2359 modum
644 2274 900 2358 concludunt:
920 2273 1037 2381 ,Quod
1049 2302 1099 2357 est
1120 2280 1352 2358 antecedente
1365 2301 1529 2357 necessa
1541 2266 1723 2374 iiiiii&

99 2396 158 2475 rio
173 2397 212 2469 iu
229 2392 320 2474 baua
337 2405 376 2472 et
390 2399 603 2501 necessaria
618 2397 932 2500 argumentatione
948 2397 1166 2500 colligitur,
1194 2394 1239 2473 id
1248 2416 1387 2496 quoque
1402 2405 1530 2475 raeces·
1539 2375 1723 2504 ξξῖοιῗὲἓζὲἳῐ

99 2513 242 2590 sarium
264 2522 350 2590 est:
378 2510 546 2617 decalogi
572 2523 692 2591 autem
702 2524 910 2616 praecepta
925 2524 1010 2591 sunt
1035 2511 1241 2617 hujusmodi
1263 2540 1287 2613 ,⁷
1302 2500 1692 2594 mammosam*-

98 2631 195 2704 enim
217 2650 268 2706 err
299 2631 377 2706 illis
397 2632 606 2734 principiis
618 2634 789 2730 ratisque
813 2629 1035 2730 sententiis,
1067 2635 1222 2732 quaein
1245 2627 1359 2710 rebus
1375 2631 1531 2734 agendis

48 2752 50 2756 “
87 2737 235 2842 fallere
250 2767 319 2825 non
327 2758 512 2850 possunt:
538 2757 624 2825 suut
653 2750 775 2851 igitur
791 2751 1021 2825 necessariae
1052 2758 1089 2825 et
1105 2752 1349 2851 sempiternae
1374 2750 1532 2828 rectitu-
1614 2843 1618 2849 g

99 2860 212 2939 dinis.
253 2861 323 2942 Etr
347 2865 414 2940 illa
437 2868 532 2942 enim
557 2873 646 2944 rata
661 2868 843 2943 sententia
870 2893 879 2945 :
905 2861 1018 2941 Omne
1046 2868 1180 2943 malum
1205 2876 1263 2943 est
1278 2862 1529 2969 fugiendum,

99 2978 328 3057 concluditur
343 2978 717 3084 oporterehcmicidia
735 2986 865 3061 vitare
881 3033 895 3079 ‚
911 2984 950 3058 in
962 2978 1058 3060 huuc
1073 2982 1213 3059 madum
1230 3006 1241 3059 r
1267 2979 1381 3058 Omne
1397 2986 1529 3061 mulum

98 3104 157 3169 est
159 3087 383 3198 fugiendum
401 3094 660 3178 :homicidium
674 3110 795 3178 aulem
810 3099 943 3176 malum
956 3110 1013 3175 est
1028 3124 1037 3176 :
1054 3085 1278 3200 firgiendum
1295 3101 1428 3200 igitur.
1442 3097 1526 3178 Ar-

94 3215 322 3312 gumentatia
352 3225 409 3291 est
425 3219 649 3295 necessaria.
676 3219 886 3320 Propositio
902 3216 991 3292 illu:
1019 3211 1164 3291 Malum
1196 3226 1255 3291 ert
1275 3209 1523 3318 fugiendum,

99 3347 193 3426 auae
209 3329 418 3429 antecedit,
438 3343 496 3410 est
507 3337 739 3437 principium
755 3331 1000 3423 indubitatum
1016 3383 1029 3428 ,
1045 3341 1083 3407 et
1093 3333 1251 3433 perinde
1266 3339 1528 3412 necessarium.

99 3438 188 3523 Lesa
202 3449 323 3550 igitur
335 3502 352 3552 Δ,
369 3467 463 3550 quae
474 3461 582 3532 vuar
597 3449 807 3547 homicidia,
826 3451 1039 3528 necessaria
1057 3458 1140 3547 est,
1156 3446 1224 3527 bac
1238 3460 1312 3546 est,
1330 3454 1528 3554 sempiter-

98 3580 167 3638 nae
179 3565 446 3665 rectitudinis,
463 3567 678 3671 roprande
691 3564 761 3648 ‘nan
777 3570 899 3670 magis
914 3565 1253 3669 interpretationem
1279 3566 1529 3669 dispensatio·

98 3672 246 3778 nemque
268 3676 466 3759 admittens
481 3704 590 3785 quam
604 3683 699 3783 illud
709 3741 722 3784 ,
738 3683 832 3761 urrde
846 3687 933 3786 ipsa
954 3680 1163 3784 deducitur,
1183 3687 1345 3763 axioma.
1372 3683 1424 3762 Et
1447 3678 1527 3792 pari
1658 3708 1660 3712 ·

98 3790 243 3874 ratione
263 3791 311 3877 de
328 3794 539 3899 adulteriis,
557 3821 596 3879 et
612 3791 716 3880 furtis
732 3856 744 3898 ‚
761 3794 922 3908 periuriis
935 3855 947 3897 ,
962 3795 1163 3909 ceterisque
1187 3796 1226 3882 id
1249 3823 1365 3911 genus
1394 3797 1526 3882 edisse·

97 3931 200 3992 nant.
230 3908 347 4020 Cujus
365 3912 695 4025 argumentationis
709 3937 920 4028 progressus
934 3939 1052 4024 quam
1069 3913 1144 3998 vim
1161 3913 1319 4014 habeat,
1343 3937 1397 3997 est
1413 3912 1526 3998 etiam

98 4045 213 4137 atque
227 4025 339 4111 etiam
367 4027 708 4115 considerandum:
737 4054 813 4114 tam
843 4026 988 4114 fiucatus
1013 4053 1068 4113 est
1083 4029 1182 4112 enim
1214 4028 1333 4142 specie
1360 4030 1526 4143 quadam

98 4142 289 4248 veritatis,
317 4168 360 4228 ut
388 4146 589 4231 nonnullos
610 4145 758 4263 egregie
783 4147 918 4232 doctos
943 4145 1042 4229 viros
1057 4218 1058 4222 r
1071 4141 1246 4229 fefellerit.
1283 4150 1335 4228 Et
1366 4146 1526 4256 primum

99 4254 191 4362 noio
207 4286 344 4370 procax
359 4289 426 4373 aut
445 4263 620 4377 litigiosus
639 4292 716 4348 esse
733 4263 872 4350 videri:
890 4286 1063 4377 poteram
1077 4262 1183 4346 enim
1195 4261 1315 4345 dicere
1332 4262 1397 4364 ,id
1416 4264 1526 4376 quod

97 4369 254 4486 quidam
267 4377 495 4476 verissimum
523 4409 599 4464 esse
623 4405 881 4494 putaverunt,
909 4377 1053 4463 nullum
1071 4406 1148 4461 esse
1164 4402 1242 4463 tam
1264 4401 1413 4485 ratum,
1430 4404 1527 4465 tam·

98 4517 180 4604 que¹
206 4517 406 4604 perpetuae
422 4495 646 4581 rectitudinis
671 4497 817 4579 axioma
831 4496 869 4580 in
893 4496 1003 4579 rebus
1027 4493 1209 4607 agendis,
1233 4496 1341 4607 quod
1373 4524 1526 4612 propter

97 4605 234 4690 harum
252 4607 547 4698 incertitudinem
574 4638 618 4696 ac
648 4614 867 4697 varietatem
895 4641 941 4696 ex
955 4635 1059 4724 parte
1075 4640 1153 4696 non
1186 4609 1332 4697 deficiat
1361 4613 1528 4727 aliquan·

99 4722 167 4807 do.
189 4729 291 4808 Nam
313 4754 412 4839 quae
435 4727 493 4814 lex
523 4755 677 4813 naturae
703 4753 828 4844 potest
843 4729 882 4812 in
906 4729 982 4812 hoc
1007 4756 1142 4845 genere
1167 4730 1283 4844 magis
1314 4759 1390 4816 esse
1417 4756 1528 4841 rata,

100 4868 216 4954 quarn
234 4843 326 4926 haec
338 4844 416 4961 ipsa
433 4907 446 4954 ,
462 4846 614 4963 quaein
638 4845 962 4963 argumentatione
987 4871 1107 4960 ponta
1121 4875 1203 4934 est:
1229 4849 1359 4933 Omne
1388 4848 1530 4934 malum

158 4959 263 5044 Tam.
280 4960 349 5047 W.
913 5063 917 5074 ⁸
999 4962 1072 5051 Lll
1477 4990 1533 5055 est

1561 4129 1714 4198 Responsio
