4192 5880
465 366 600 459 nno
637 383 1044 459 nanonnonrs
1078 386 1187 458 arn.
1218 385 1297 457 111.
1540 391 1587 463 aa
1688 356 1689 359 ‘

156 514 332 604 exercitus
355 512 589 603 ecclesiastici
614 514 846 632 imperatoris
871 512 1026 622 inuicti,
1044 499 1199 603 uirtutes
1227 515 1460 636 intelligere,
1491 517 1618 635 deque

155 664 205 722 eo
224 636 377 722 nimium
394 637 538 754 ingrate
566 636 729 741 sentire,
745 663 862 751 quem
885 660 1019 721 contra
1033 660 1297 750 praepotentes
1314 639 1441 724 hostes
1458 699 1470 744 ,
1487 662 1549 724 tot
1575 667 1621 729 ac

155 754 266 840 tantis
288 754 436 873 oppidis
453 756 504 841 ab
527 755 609 871 ipso
622 782 745 869 nuper
768 753 1013 870 expugnatis,
1031 783 1110 839 non
1124 780 1301 870 putarent
1316 757 1534 842 Bononiam
1549 757 1621 845 ad·
1757 777 1762 783 ’

152 901 282 962 versus
316 903 600 991 quamcumque
625 872 968 989 potentiam‚cum
998 872 1124 958 fuisset
1153 874 1333 962 admissus
1353 901 1615 978 ‚tutatutum

149 994 279 1086 Quod
295 1023 389 1083 vero
406 987 455 1080 de
472 1022 719 1098 nummorum
735 992 940 1111 indigentia
955 990 1164 1108 jactarent,
1180 1024 1289 1110 posse
1314 994 1354 1080 id
1370 995 1513 1080 malum
1529 1027 1613 1082 mu·

153 1135 265 1199 nuta
280 1112 465 1230 pecunia,
482 1109 546 1201 vel
571 1112 824 1231 oppigneratis
836 1111 913 1196 aliis
939 1110 1089 1228 oppidis
1104 1113 1293 1218 ,resardri
1310 1144 1321 1197 ε
1338 1113 1429 1198 nihil
1457 1113 1559 1205 enim
1574 1145 1619 1200 o·

150 1257 308 1347 portere
333 1231 563 1348 inexpertum
577 1231 756 1350 relinqui,
770 1256 815 1318 nt
830 1226 1006 1317 bonoria
1022 1230 1222 1318 Flaminiae
1242 1231 1523 1348 opulentissima
1547 1263 1618 1320 uo·

151 1349 402 1468 bilissimaque
429 1349 561 1439 eitum
576 1351 818 1468 reciperetur.
854 1351 967 1443 Quae
982 1375 1156 1465 reoepta,
1174 1380 1255 1438 non
1278 1350 1401 1438 modo
1418 1352 1470 1439 ad
1496 1352 1620 1469 impe·

153 1468 200 1555 rii
228 1468 452 1556 ecclesiastici
469 1470 563 1558 vires
581 1533 593 1576 ,
612 1471 678 1557 sed
710 1469 835 1556 multo
850 1469 963 1555 otiam
980 1471 1100 1587 magis
1113 1471 1163 1557 ad
1185 1470 1408 1586 opinionem
1413 1532 1429 1580 ,
1444 1499 1524 1590 qua
1537 1501 1620 1563 ma·

157 1586 425 1703 ximcpossent
448 1611 598 1675 ceterae
617 1587 1007 1694 civitates-contineri,
1019 1612 1119 1676 osset
1138 1589 1340 1703 adjectam

146 1745 151 1751 ·
218 1708 285 1792 XI.
339 1711 447 1792 Cum
475 1707 568 1793 haec
599 1710 726 1824 itaque
743 1708 929 1794 sententia
953 1706 1099 1796 vicisset
1114 1768 1127 1813 ,
1143 1705 1317 1795 Pontifex
1349 1707 1400 1798 ad
1413 1710 1616 1828 Aegidiunr
1631 1730 1811 1845 ,¹¹⁶⁸·¹,’,⁰l,⁸⁰,¹2

158 1825 305 1911 scribit:
331 1825 408 1933 „Si
423 1828 589 1939 Joannes
607 1827 763 1944 Olegius
778 1826 992 1913 bononiam
1024 1826 1090 1913 sibi
1125 1827 1273 1916 tradere
1286 1826 1450 1916 voluerit
1461 1890 1478 1937 ,
1492 1858 1541 1915 ne
1555 1860 1612 1920 rc·
1630 1805 1779 1963 ffiiaiu

160 2002 187 2048 ‚,
200 1970 326 2048 cuser,
345 1975 509 2061 cumque
525 1975 573 2031 eo
588 2006 599 2049 ,
617 1947 738 2031 utsibi
753 1977 804 2032 ¹en
820 1976 890 2030 usu
906 1947 957 2031 rei
974 1946 1233 2034 ecclesiastieae
1249 1947 1373 2034 uisum
1394 1945 1614 2065 fuerir‚pa-
1702 1926 1753 1970 aa
1802 1994 1804 2003 r

161 2063 378 2169 „ciscatun
412 2065 607 2179 stipendiis
618 2095 711 2153 vero
728 2065 942 2178 militaribus
957 2127 971 2172 ‚
986 2095 1086 2181 quae
1102 2065 1269 2178 Joannes
1284 2068 1440 2184 Olegius
1456 2069 1614 2181 pacisce-

158 2205 187 2287 „
200 2208 302 2268 retur
315 2183 541 2301 ,erogandis
553 2246 565 2290 ,
579 2186 666 2270 etsi
691 2184 783 2302 quid
797 2186 991 2270 ssarnabos
1018 2185 1219 2289 movisset,
1235 2186 1490 2272 conducendo
1508 2216 1616 2276 novo

157 2359 188 2404 „
204 2302 644 2418 militi,-quaevis-oppida
654 2303 931 2421 oppignerandi
946 2327 1172 2417 potestatem
1189 2304 1329 2390 tribuit.
1340 2311 1366 2354 “
1394 2306 1545 2401 Quibus
1559 2307 1616 2392 lit-

156 2418 246 2504 teris
265 2422 406 2528 allatis,
424 2422 602 2540 Aegidius
617 2424 668 2506 ita
683 2423 823 2540 pepigit
839 2451 927 2508 eum
941 2416 1090 2534 Joanne
1104 2420 1264 2539 ‘Olegio,
1281 2448 1324 2507 ut
1335 2422 1376 2508 in
1393 2425 1513 2510 vicem
1527 2455 1616 2512 suae

159 2539 341 2652 potestati
373 2541 645 2655 permittendae
667 2542 867 2628 bononiae
881 2603 896 2647 ,
910 2540 1085 2626 militibus
1101 2542 1256 2654 Joannis
1281 2540 1410 2676 Ologii
1434 2541 1617 2659 stipendia
1671 2566 1675 2570 ‘

165 2657 241 2771 ipse
267 2658 524 2773 persolveret,
554 2685 669 2779 arque
700 2659 802 2746 illurn
825 2660 954 2749 Frento
981 2658 1220 2777 praeficeret.
1255 2663 1374 2744 Omns
1403 2690 1496 2778 ergo
1520 2690 1616 2750 cura

163 2775 214 2860 ad
240 2779 538 2893 conquirendam
562 2778 758 2895 pecuniam
774 2807 954 2866 conversa
971 2839 984 2884 ,
1001 2802 1219 2893 opportune
1235 2778 1392 2884 accidit,
1407 2804 1452 2864 ut
1473 2809 1522 2865 eo
1542 2812 1614 2895 po

156 2893 343 2983 tissimum
353 2923 531 3012 tempore
556 2899 710 3016 triginta
724 2898 953 2984 ducatorum
984 2897 1095 2981 millia
1110 2897 1273 3014 Aegidio
1294 2897 1427 2983 exsuis
1447 2899 1613 3017 vectiga-

158 3012 258 3099 libus
292 3017 342 3100 ab
355 3016 537 3132 'Hispania
565 3039 834 3133 portarentur.
870 3015 1027 3112 Quibus
1053 3016 1245 3123 nummis,
1269 3040 1308 3101 et
1333 3016 1448 3131 quod
1483 3017 1612 3132 potuit

157 3134 414 3250 oppignerato
445 3136 698 3221 'instrauncnto
726 3163 958 3252 congerere,
981 3132 1158 3219 ecclesiae
1184 3134 1395 3238 mutuatis,
1426 3162 1514 3220 cum
1545 3136 1613 3223 sti-

156 3253 301 3366 pendia
318 3252 495 3339 militaria
521 3272 774 3361 numerasset,
806 3253 984 3344 exercitae
1011 3251 1271 3341 ecclesiasticus
1300 3255 1396 3344 duce
1420 3256 1737 3344 -Gometiossonout
1751 3290 1804 3332 ω

164 3369 394 3457 Albomotio
418 3373 605 3460 inutbem
628 3375 804 3461 admissus
819 3400 917 3461 est,
1029 3435 1034 3442 .
1511 3429 1512 3433 a
1582 3350 1725 3423 ‘lm

223 3491 307 3575 llll.
364 3495 476 3579 Haec
485 3522 578 3578 eum
594 3493 948 3582 essentBama'bovi
961 3493 1160 3602 nuntiata,
1185 3494 1391 3612 aegerrimo
1407 3496 1535 3582 animo
1545 3520 1611 3583 tu·

160 3603 207 3692 lit
223 3609 428 3725 :missaque
445 3611 791 3729 legatione,‘multa
819 3614 868 3698 de
882 3613 1012 3726 injuria
1038 3613 1076 3696 in
1092 3641 1130 3697 se
1155 3613 1204 3697 ab
1220 3613 1381 3729 Aegidio
1394 3612 1497 3700 illata
1518 3639 1612 3700 con-

154 3751 348 3840 questus,
374 3730 505 3816 urbem
538 3731 617 3844 jure
636 3731 709 3816 sibi
735 3731 907 3817 «debitam
929 3759 976 3816 ex
1001 3731 1121 3845 pactis
1155 3732 1398 3816 aClemente
1430 3735 1499 3816 VI.
1518 3759 1616 3820 cum

160 3843 311 3956 Joanne
329 3849 621 3967 Archiepiscopo
639 3875 788 3966 xpatruo
818 3848 1017 3936 suo-reddi
1032 3843 1217 3964 postulat.
1243 3850 1363 3944 Quae
1391 3848 1462 3935 nisi
1492 3850 1617 3966 impe·b

93 3976 96 3978 ’
149 3986 290 4052 ‘tranet
306 3965 410 4080 ,iam
426 3995 526 4053 vrunc
555 3998 672 4086 grave
689 3968 832 4054 'bellum
857 3967 1039 4053 indicere.
1053 4028 1057 4033 ·
1070 3967 1220 4061 Quibus
1251 3967 1429 4084 Aegidius
1460 3996 1616 4084 respon-

149 4083 236 4169 dit:
260 4146 286 4191 „
302 4089 349 4170 Se
371 4114 470 4174 uero
506 4089 648 4174 nulum
668 4087 841 4198 injuriam
869 4086 1191 4173 inbarnabovem
1212 4084 1395 4171 intulisse.
1440 4091 1551 4172 'Nam
1572 4111 1620 4175 :et

152 4261 187 4307 -„
200 4230 239 4285 se
250 4201 444 4291 Pontificis
456 4206 639 4322 imperata
660 4207 972 4311 administrasse,
996 4229 1039 4290 et
1066 4199 1288 4289 Pontificem
1304 4235 1374 4290 suo
1394 4204 1478 4319 'iure
1490 4206 1620 4322 impe-

151 4378 188 4424 a>
203 4346 283 4403 rare
306 4323 475 4437 potuisse
492 4325 718 4441 :siquidem
736 4355 831 4410 cunr
849 4323 966 4409 multa
993 4322 1104 4439 ipsius
1129 4321 1326 4408 crudeliter
1359 4347 1474 4438 atque
1499 4353 1620 4412 avare

163 4432 303 4543 „saera
316 4441 361 4522 in
382 4442 568 4528 civitatem
604 4445 884 4530 bononiensem
910 4464 1277 4549 commemorasset,
1308 4471 1424 4558 quam
1447 4444 1509 4527 ob
1532 4471 1621 4528 trem

161 4554 396 4671 „imperium
419 4562 683 4679 abrogandum
706 4562 749 4647 ei
774 4563 1201 4675 ‘videretumperperam
1222 4559 1278 4644 ait
1297 4556 1621 4676 percussa-‘loedo-

164 4702 245 4778 „ra
277 4675 542 4763 Barnabovenr
571 4679 734 4797 allegare
749 4709 878 4798 ,quae
901 4678 1018 4765 ‘toties
1040 4678 1126 4794 ipse
1144 4678 1358 4784 uiolasset,
1378 4673 1623 4765 :multifariam

160 4852 187 4898 ,‚
200 4791 461 4908 quidem-sed
472 4795 781 4883 'vel-eornanirne
795 4798 935 4914 ,quod
950 4822 1066 4912 pacta
1081 4797 1220 4882 arbuta
1237 4796 1505 4912 aliquotannis
1524 4825 1622 4913 pen-

160 4911 289 5018 „dere
301 4911 582 5003 -intermisissen
606 4914 892 5032 Quaresijure
912 4943 1033 5034 agere
1040 4916 1189 5025 uellet„
1203 4914 1348 5032 {iudices
1370 4914 1618 5046 eligeremus,

1441 5125 1444 5132 .
1523 5062 1626 5150 ’asilu'
