4020 5864
485 353 554 445 ,84
847 339 1208 421 amnnonoont
1226 341 1326 418 ano
1350 341 1455 415 nnn.
1477 343 1560 416 nro

462 476 671 566 secundum
690 472 884 560 materiam
900 469 1136 585 subjectam,
1165 470 1272 586 quasi
1301 468 1388 555 huic
1403 492 1605 586 praecepto
1631 467 1682 555 sit
1697 460 1842 572 locut,
1873 470 1930 559 uli

462 594 665 683 intervenit
692 589 890 698 definitio,
916 619 1036 706 quam
1052 589 1154 676 idem
1170 587 1416 704 philosophus
1445 587 1587 673 nubam
1619 616 1701 674 esse
1720 585 1872 693 docet,
1901 590 1926 676 si

463 713 527 802 vel
548 711 730 802 tantillam
746 710 1004 826 exceptionem
1022 707 1198 824 pariatur.
1231 711 1335 792 Nam
1354 707 1465 823 quod
1485 706 1536 792 ais
1550 732 1589 792 te
1603 707 1656 793 de
1676 708 1923 794 Sacramentis
2005 793 2007 815 ,

464 860 546 919 non
572 830 793 948 ambigere,
822 853 862 915 ct
879 826 985 913 eain
1016 826 1139 913 multis
1155 849 1311 911 tuorum
1341 854 1501 940 operum
1530 823 1621 910 locis
1640 825 1832 938 probare,
1845 826 1918 912 boc
2004 819 2008 950 l

463 951 550 1038 Pius
578 948 677 1036 dicat
693 975 774 1033 non
791 972 957 1032 erratum
983 944 1099 1051 tolli,
1130 944 1195 1030 scd
1212 944 1365 1028 indicati
1394 944 1520 1058 potius
1548 967 1712 1053 tuorum
1743 942 1919 1030 dictorum
2007 955 2008 991 ³

462 1066 751 1155 inconstantiam
769 1125 782 1170 ,
801 1091 843 1151 ut
859 1068 922 1149 M.
940 1061 1084 1147 Tullius
1111 1061 1162 1147 de
1178 1061 1345 1176 Epicuro
1370 1060 1550 1146 tradidit:
1583 1060 1654 1175 qui
1670 1119 1687 1166 ,
1702 1088 1797 1144 cum
1831 1092 1915 1147 stan·

463 1217 571 1271 mum
602 1185 750 1270 bonum
769 1182 969 1296 voluptate
986 1179 1211 1284 metiretur,
1234 1179 1424 1265 interdum
1438 1204 1567 1264 tamen
1594 1177 1874 1264 continentiam
1888 1204 1920 1266 ct
2007 1264 2008 1279 ,

462 1331 603 1389 ceteras
623 1302 779 1389 virtutes
820 1300 1123 1415 haudquaquam
1166 1297 1234 1382 sibi
1265 1321 1443 1383 constans
1467 1295 1679 1402 laudabat,
1705 1320 1749 1382 et
1769 1295 1847 1382 sine
1875 1297 1922 1384 bis

466 1422 632 1538 negabat
656 1416 867 1505 felicitatem
885 1447 994 1532 posse
1016 1415 1252 1532 contingere.

523 1541 658 1624 LV111.
717 1535 792 1620 Sed
824 1535 957 1621 demus
973 1540 1173 1618 Erasmum
1198 1556 1325 1619 mente
1345 1534 1611 1642 Sacramenta,
1636 1559 1745 1649 quae
1760 1534 1923 1621 oratione

464 1653 724 1770 complectitur
741 1714 753 1757 ,
768 1650 989 1762 exclusisse,
1011 1676 1051 1737 et
1070 1653 1118 1737 de
1142 1649 1399 1756 caerimoniis,
1423 1680 1521 1765 quae
1549 1653 1600 1738 ab
1615 1652 1814 1766 Apostolis
1839 1683 1922 1738 san-

466 1775 608 1889 ctisque
632 1769 798 1887 patribus
825 1770 876 1856 ad
892 1798 962 1855 nos
991 1770 1097 1884 quasi
1113 1797 1179 1884 per
1206 1798 1339 1854 manus
1367 1769 1523 1855 traditae
1548 1796 1827 1884 pervenerunt,
1843 1799 1921 1856 non

465 1890 545 1978 fieri
569 1913 737 2005 apertam
765 1887 998 1974 mentionem
1026 1888 1198 1974 innovo
1224 1891 1506 1995 Testamento,
1534 1911 1574 1972 et
1606 1887 1732 1975 verba
1763 1889 1923 1972 Methodi

466 2038 550 2125 quo
565 2009 775 2124 pertineant
788 2064 802 2113 ,
817 2006 1024 2094 videamus.
1056 2008 1151 2091 Non
1166 2004 1289 2091 statim
1309 2003 1459 2123 ,inquis
1474 2003 1742 2113 ,damnatur,
1768 2007 1921 2120 quodin

467 2125 679 2242 Evangelio
695 2152 774 2208 non
791 2121 1058 2238 praescribitur.
1080 2123 1182 2209 lstud
1199 2183 1212 2228 ,
1231 2121 1369 2238 opinor
1387 2184 1401 2227 ,
1417 2152 1496 2208 non
1512 2123 1719 2240 ignorabat
1733 2124 1840 2230 Pius,
1855 2124 1918 2210 sed

419 2337 421 2340 ,
470 2244 689 2360 spectabat,
716 2271 798 2357 quo
829 2269 980 2326 caneres
1010 2242 1120 2327 nobis
1146 2242 1254 2327 istam
1281 2239 1527 2326 cantilenam.
1559 2246 1666 2326 Nam
1703 2243 1925 2356 paulopost

471 2361 624 2468 scribis,
654 2376 693 2443 et
725 2386 791 2446 nos
807 2363 860 2443 ad
889 2361 983 2444 baec
1011 2368 1134 2443 omnia
1154 2377 1275 2469 paene
1302 2364 1512 2469 surdipius
1528 2386 1636 2467 quam
1653 2357 1837 2477 Judaicis
1852 2386 1925 2444 con·
1991 2425 1996 2435 .

470 2481 733 2566 stitutionibns
753 2503 948 2564 conamus
963 2476 1117 2562 Christi
1131 2482 1314 2586 ,sangnine¹
1328 2481 1468 2561 liberos
1484 2508 1493 2563 :
1509 2506 1587 2594 qua
1602 2480 1783 2563 oratione
1798 2476 1926 2595 signifi·

470 2625 561 2706 cas,
584 2595 828 2691 caerimonias
846 2595 1018 2682 irrductas
1034 2623 1111 2681 esse
1126 2621 1260 2681 contra
1284 2594 1492 2681 libertatem
1508 2596 1798 2712 Evangelicam.
1826 2598 1928 2690 Quae

473 2743 564 2801 cum
593 2716 693 2801 dicta
710 2713 837 2798 sintin
859 2712 1075 2800 universum
1092 2713 1142 2799 de
1157 2714 1417 2818 caerimoniis,
1446 2742 1570 2800 rursus
1585 2715 1733 2799 dictum
1750 2714 1927 2800 contrahis

474 2835 525 2919 ad
557 2828 813 2947 quorumdam
835 2830 1059 2947 peculiarem
1084 2831 1414 2945 superstitionem,
1442 2832 1508 2945 qui
1536 2834 1590 2918 ob
1605 2859 1731 2917 escam
1757 2833 1928 2935 carnium,

462 2974 545 3063 aut
561 2948 744 3063 jejunium
760 2948 923 3066 adigunt
954 2945 1107 3035 fratrem
1131 2950 1182 3034 ad
1198 2946 1323 3065 capitis
1335 2948 1540 3063 periculum
1557 3012 1569 3055 ‚
1602 2950 1781 3037 homines
1797 2949 1931 3066 pericu·

477 3066 557 3153 lose
587 3066 857 3183 superstitiosi:
889 3096 979 3151 nam
1004 3067 1054 3155 de
1078 3066 1405 3152 constitutionibus
1433 3067 1687 3182 publicatum
1719 3068 1931 3154 auctoritate

475 3185 618 3272 traditis
647 3213 763 3302 negas
780 3182 858 3269 fieti
894 3185 1143 3270 mentionem.
1176 3185 1250 3270 Sed
1274 3214 1373 3300 rogo
1402 3208 1470 3290 te,
1494 3189 1684 3289 Erasme,
1713 3185 1742 3268 si
1764 3187 1932 3272 caerimo-

478 3305 557 3389 nias
585 3303 693 3408 dicis,
725 3330 850 3418 neque
867 3301 964 3388 inter
993 3302 1062 3387 has
1090 3326 1128 3387 et
1144 3302 1221 3391 illas
1251 3301 1475 3417 distinguis,
1501 3331 1568 3386 cur
1591 3301 1797 3388 alterutras
1824 3303 1930 3389 alteris

475 3422 599 3506 minus
618 3452 642 3505 a
658 3447 696 3507 te
722 3421 892 3505 damnari
913 3420 1183 3506 existimemus?
1214 3419 1432 3505 Praesertim
1460 3447 1548 3504 cum
1565 3419 1639 3505 aliis
1665 3421 1706 3505 in
1731 3419 1827 3507 locis
1841 3420 1931 3506 haud

476 3539 591 3632 dubie
617 3539 665 3624 de
681 3536 914 3624 caerimoniis
931 3537 1190 3625 Ecclesiasticis
1226 3537 1407 3622 simillima
1430 3538 1714 3650 conscripseris,
1741 3539 1842 3624 utin
1868 3536 1934 3653 epi

471 3657 572 3767 ¹stola
588 3657 638 3742 ad
655 3655 886 3770 Episcopum
905 3655 1143 3741 Basilicnsem
1166 3716 1178 3758 ,
1205 3655 1269 3740 ubi
1284 3680 1323 3740 et
1340 3653 1408 3739 alia
1425 3717 1438 3760 ,
1453 3655 1587 3771 quibus
1617 3657 1811 3741 delectum
1843 3656 1936 3741 cibo·

477 3804 562 3858 rum
592 3774 835 3860 vehementer
869 3801 1052 3878 accusas,
1082 3799 1122 3856 et
1137 3770 1215 3857 sine
1249 3773 1424 3877 delectu,
1456 3799 1496 3859 ct
1517 3771 1608 3859 illud
1626 3773 1665 3857 in
1682 3772 1812 3887 primis
1827 3774 1935 3859 habe·

466 3915 561 3997 ¹tur:
596 3898 782 3974 Paulatim
806 3898 974 4000 irrepsit
1008 3895 1255 3997 consuetudo,
1273 3917 1367 3998 quae
1390 3897 1487 3974 dien
1515 3900 1667 3975 veneris
1692 3898 1935 4002 pisculentum

476 4011 583 4092 nobis
607 4012 803 4119 reddidit3
832 4012 963 4094 deinde
995 4010 1058 4093 ubi
1086 4010 1154 4092 boc
1185 4016 1399 4115 successit,
1425 4013 1601 4120 adjuncta
1616 4025 1676 4092 est
1700 4026 1741 4092 et
1767 4011 1936 4094 sabbatii

477 4133 585 4234 dies3
614 4143 762 4211 nuncet
785 4135 964 4210 mercurii
989 4133 1275 4237 periclitatur,
1310 4129 1356 4213 ob
1385 4133 1496 4235 idque
1530 4154 1648 4237 genus
1679 4129 1937 4213 observantur

477 4253 580 4328 cuias
596 4250 766 4329 videmus
789 4246 952 4328 homines
979 4243 1145 4354 affligi,
1170 4261 1208 4327 et
1224 4250 1379 4353 denique
1401 4255 1495 4330 mori
1510 4306 1522 4349 ,
1536 4248 1681 4351 sibique
1702 4245 1939 4331 Christianos

479 4364 608 4443 videri
623 4423 634 4465 ,
652 4391 733 4446 cnm
752 4370 830 4445 sint
851 4361 1006 4477 Judaei.
1031 4364 1074 4449 In
1108 4364 1271 4447 ciborum
1297 4371 1393 4446 enirn
1440 4367 1583 4448 dekctu
1626 4378 1665 4445 et
1690 4366 1854 4473 jejuniis
1882 4391 1938 4449 no

470 4472 601 4561 ¹strum
622 4507 711 4564 onus
738 4485 870 4562 durius
887 4486 1042 4564 videtur
1059 4542 1071 4584 ,
1087 4506 1196 4587 quam
1212 4487 1358 4564 illarum
1376 4542 1388 4584 ,
1419 4497 1458 4563 et
1480 4497 1602 4564 tamen
1617 4477 1738 4596 Jesus
1755 4484 1936 4566 Dominus

481 4601 608 4679 dixit:
636 4596 753 4703 ,Quod
767 4606 886 4680 intrat
901 4607 943 4679 in
960 4626 1030 4701 os,
1064 4625 1132 4680 non
1162 4606 1373 4704 coinquinat
1398 4599 1584 4682 bominem.
1616 4598 1717 4689 Quis
1730 4601 1838 4686 enim
1856 4628 1929 4686 nou

480 4713 607 4798 videat
622 4713 682 4798 hic
694 4740 731 4799 te
748 4711 796 4799 de
813 4714 981 4800 institutis
1008 4715 1265 4800 Ecclesiasticis
1300 4715 1434 4828 loqui,
1451 4716 1515 4800 ubi
1538 4745 1619 4800 non
1650 4718 1785 4803 solum
1803 4719 1858 4828 ¹dc
1876 4718 1929 4803 sab

480 4831 628 4939 batho,
652 4834 717 4920 sed
733 4857 771 4919 et
789 4832 931 4923 veneris
952 4832 1041 4941 die,
1067 4865 1153 4949 ,quo
1169 4832 1354 4920 Ecclesiae
1381 4858 1581 4949 praecepto
1597 4832 1646 4920 ab
1677 4863 1748 4924 esu
1764 4839 1938 5039 camiupp·
