4034 5858
514 391 579 480 362
863 386 931 456 DE
957 387 1110 456 antro
1135 384 1342 458 contult
1364 380 1559 463 roncas

468 512 657 628 *Spiritum
683 503 935 617 ducendum,
970 541 1058 596 cum
1076 536 1132 596 est
1157 510 1303 596 tributis
1322 505 1581 616 satisfactum,
1611 506 1866 617 sufficientes,
1896 511 1960 598 ho

485 662 571 717 turn
593 661 664 746 pro
688 631 961 716 carissimorum
985 632 1189 716 liberorum
1207 629 1419 717 divulsione
1435 630 1597 746 gemitus
1613 629 1869 738 tristissimos,
1886 633 1960 717 ho·

486 781 573 837 tum
599 750 721 836 omnis
748 751 892 866 generis
917 749 1214 855 calamitatem,
1244 748 1358 834 etiam
1395 748 1565 834 hostibus
1598 749 1886 855 miserandam,
1916 775 1954 837 et

487 895 608 956 morte
625 869 701 983 ipsa
718 869 1048 954 intolerabiliorem
1061 810 1371 982 contemplentur
1396 867 1597 952 Christiani
1623 929 1634 974 ,
1661 898 1729 981 qur
1719 812 1953 982 tyrannide

486 987 690 1103 cujuspiam
706 1017 861 1073 suorum
879 1013 1091 1093 vexantur,
1109 1012 1148 1073 et
1163 987 1426 1072 conditionem
1444 1015 1551 1071 suam
1564 987 1667 1071 malis
1683 985 1837 1072 illorum
1850 1016 1949 1073 com·

485 1132 683 1223 paratam,
710 1106 922 1192 libertatern
941 1136 1131 1191 summam
1147 1106 1363 1221 putabunt.

544 1230 629 1311 Vll.
688 1226 811 1322 Quod
834 1254 923 1311 cum
936 1225 987 1311 ita
1005 1226 1076 1331 sit,
1101 1249 1141 1310 et
1168 1223 1307 1310 bellum
1334 1249 1442 1310 atrox
1459 1225 1568 1312 nobis
1598 1225 1892 1340 impendeat:
1883 1257 1949 1312 rm-

485 1348 650 1461 pendeat
666 1370 819 1430 aurem
812 1345 856 1403 ²
847 1376 966 1432 rmmo
983 1373 1076 1432 vero
1093 1343 1167 1456 iam
1199 1368 1336 1460 urgeat
1371 1341 1513 1428 illatum
1530 1345 1579 1428 ab
1612 1346 1722 1430 hoste
1740 1345 1950 1461 superbissi·

488 1494 556 1549 mo
573 1495 679 1580 ,qur
668 1464 806 1549 Buda
823 1464 915 1549 urbe
933 1494 1071 1581 magna
1092 1489 1212 1575 nuper
1228 1486 1266 1547 et
1288 1465 1475 1577 opulenta
1501 1486 1634 1576 capta,
1658 1463 1854 1549 Viennam
1871 1493 1949 1579 pre·

486 1584 557 1669 mit
573 1527 782 1669 obsidione
799 1645 811 1689 ,
815 1612 873 1666 ac
891 1583 1016 1668 exilio
1032 1608 1200 1666 successu
1218 1581 1361 1696 magnis
1385 1580 1568 1694 spiritibus
1581 1606 1621 1666 et
1636 1582 1800 1667 audacia
1814 1608 1951 1690 sumta,

487 1701 635 1817 reliquo
654 1701 867 1787 Christiano
892 1701 976 1787 orbi
1005 1699 1252 1837 turpissimam
1278 1698 1526 1801 servitutem,
1547 1722 1639 1806 aut,
1665 1699 1695 1784 si
1725 1700 1828 1786 hanc
1853 1729 1949 1785 recu·

488 1844 576 1926 set,
606 1820 797 1906 crudelem
817 1844 980 1906 mortem
1003 1818 1219 1903 minitatur.
1239 1841 1277 1902 te
1296 1876 1311 1921 ,
1328 1816 1467 1903 Carole
1483 1821 1651 1922 Caesar,
1681 1847 1819 1904 omnes
1847 1820 1947 1905 Chri·

487 1939 623 2045 stiani,
654 1964 692 2024 te
720 1939 768 2053 pii
784 1968 943 2044 omnes,
978 1967 1110 2023 omnes
1129 1934 1346 2073 Catholici,
1374 1966 1543 2051 quorum
1560 1937 1656 2022 salus
1673 1963 1794 2052 atque
1808 1936 1950 2025 libertas

486 2057 553 2142 tibi
571 2057 806 2171 potissimum
824 2082 992 2174 tuaeque
1008 2055 1098 2141 fidei
1123 2055 1321 2141 commissa
1336 2055 1375 2139 in
1401 2086 1593 2140 summum
1610 2055 1819 2169 periculum
1836 2081 1951 2172 atque

489 2174 685 2262 discrimen
704 2175 930 2283 adducitur,
952 2201 991 2260 te
1008 2175 1164 2290 inquam
1187 2197 1328 2277 orant,
1355 2174 1555 2259 obsecrant
1572 2197 1611 2259 et
1627 2173 1890 2310 obtestantur,
1909 2175 1951 2262 id

488 2295 598 2410 quod
616 2319 681 2379 tua
706 2318 745 2380 te
771 2320 907 2410 sponte
937 2322 1047 2410 agere
1064 2319 1164 2378 certe
1193 2292 1341 2396 scio,e
1320 2316 1358 2378 et
1384 2291 1492 2406 ipse,
1515 2292 1591 2376 hoc
1616 2315 1655 2375 te
1670 2294 1798 2378 animo
1819 2293 1860 2375 in
1875 2298 1951 2379 lta·

491 2413 577 2498 liam
592 2414 812 2548 navigasse,
829 2413 923 2501 soles
937 2414 1034 2498 clara
1051 2439 1147 2500 voce
1162 2409 1357 2524 profiteri,
1379 2436 1424 2495 ut
1442 2409 1632 2527 publicam
1650 2411 1948 2519 Christianorum

486 2559 637 2617 causam
654 2530 852 2648 suscipias,
881 2556 920 2616 et
953 2560 1044 2646 pace
1072 2530 1313 2644 composita,
1334 2527 1505 2645 initoque
1531 2526 1686 2614 foedere
1708 2558 1799 2614 cum
1824 2532 1948 2616 cereris

485 2651 712 2765 Principibus
729 2678 772 2734 ac
790 2650 936 2785 populis
951 2649 1185 2751 Christianis,
1201 2648 1547 2761 periculosissimum
1564 2647 1718 2752 bellum,
1737 2674 1779 2735 et
1792 2649 1945 2762 impium

485 2769 674 2854 hostema
696 2769 828 2853 nostris
856 2769 1059 2855 cervicibus
1080 2766 1276 2881 depellas,
1305 2763 1513 2852 libertatem
1528 2790 1567 2852 et
1584 2765 1805 2883 religionem
1834 2768 1944 2852 Chri·

484 2887 646 2973 stianam
669 2887 758 2970 ab
749 2886 968 2971 immanium
998 2887 1247 2971 barbarorum
1280 2884 1424 2971 crudeli
1456 2885 1652 2972 dominatu
1677 2911 1726 2971 et
1762 2887 1945 3000 impietate

485 3004 678 3092 defendas
713 3006 776 3091 Ad
792 3033 891 3120 quae
908 3002 1200 3110 maturandum,
1235 3027 1274 3090 et
1306 3003 1428 3139 primo
1459 3034 1618 3120 quoque
1650 3028 1828 3119 ternpore
1860 3033 1948 3090 cun

485 3124 553 3210 ctis
569 3125 703 3239 opibus
726 3124 1003 3228 annitendum,
1030 3151 1264 3238 quamquam
1289 3122 1375 3207 satis
1400 3122 1537 3237 impelli
1565 3122 1729 3209 debebas
1757 3125 1819 3210 vel
1847 3124 1945 3238 opti·

486 3243 596 3327 miae
611 3238 793 3327 fortissimi
808 3242 1025 3327 Pannoniae
1050 3242 1162 3358 Regis
1180 3241 1365 3326 Pernandi
1396 3237 1515 3326 fratris
1544 3241 1599 3325 tui
1628 3243 1836 3327 necessariis
1867 3271 1942 3356 pre·

485 3362 588 3447 cibus
612 3358 727 3447 fidem
742 3387 848 3445 tuam
869 3361 909 3444 in
926 3389 1069 3496 magno
1085 3359 1248 3473 periculo
1267 3383 1305 3445 et
1324 3359 1477 3444 summis
1507 3356 1791 3446 difficultatibus
1807 3360 1944 3473 implo-

484 3480 612 3585 rantis,
628 3479 689 3566 vel
704 3479 793 3565 aviri
808 3479 948 3594 imperit
938 3477 1183 3583 discrimine,
1199 3477 1334 3594 quod
1326 3508 1363 3561 tn
1381 3477 1558 3591 proximo
1579 3476 1831 3591 periclitatur:
1848 3479 1939 3563 mul·

485 3626 529 3685 to
545 3625 673 3686 tamen
689 3597 806 3714 magis
829 3597 947 3684 totius
962 3596 1193 3682 Christianae
1209 3595 1430 3710 reipublicae
1459 3595 1558 3681 tatio
1575 3657 1587 3701 ,
1602 3624 1642 3682 et
1673 3597 1863 3715 religionis
1888 3627 1945 3684 re·

486 3745 632 3832 spectus
663 3716 767 3830 apud
793 3741 833 3801 te
859 3716 1047 3831 optimum
1078 3715 1355 3829 piissimumque
1390 3714 1602 3851 Principem
1639 3715 1763 3802 valete
1798 3718 1941 3821 debet,

487 3838 623 3953 quibus
638 3836 701 3922 tali
717 3865 788 3921 suo
803 3859 976 3971 tempore
998 3833 1174 3919 adversus
1189 3832 1427 3919 crudelissimi
1453 3858 1605 3947 tyranm
1594 3833 1736 3922 scelus
1753 3859 1791 3920 et
1818 3836 1942 3949 impie·

485 3981 603 4042 tatem
631 3954 696 4039 nisi
727 3955 910 4069 suppetias
936 3981 1127 4068 opemque
1142 3952 1299 4057 tuleris,
1320 3951 1410 4038 vide
1427 3982 1475 4037 ne
1491 4015 1502 4057 ,
1516 3982 1610 4070 quas
1633 3983 1713 4040 non
1743 3951 1938 4056 defendis,

486 4105 573 4160 cum
592 4072 736 4189 possis,
753 4073 902 4158 easdem
919 4071 1080 4189 prodere
1099 4100 1144 4156 ac
1160 4072 1328 4158 deserere
1343 4071 1521 4158 videaris
1555 4071 1640 4157 Scio
1657 4072 1759 4158 enim
1774 4073 1840 4157 tibi
1858 4099 1943 4158 non

487 4218 675 4308 suspectos
690 4137 838 4279 niodo
830 4191 1025 4307 rmpietatis
1056 4190 1244 4295 nomine,
1270 4190 1361 4275 sed
1352 4190 1488 4277 rnvisos
1512 4190 1624 4276 etiam
1641 4187 1802 4278 nefarios
1817 4190 1942 4276 homi-

488 4341 584 4413 nes,
612 4340 710 4426 quos
724 4310 841 4396 audio
859 4311 1049 4425 sacrilegas
1065 4337 1178 4395 voces
1208 4336 1380 4424 spargere
1401 4304 1493 4395 falso
1517 4309 1785 4395 Christianismi
1814 4309 1943 4396 colore

486 4453 722 4544 praetextas,
746 4457 826 4513 non
857 4457 934 4514 esse
961 4428 1195 4513 Christianae
1224 4426 1443 4513 tolerantiae
1468 4435 1678 4513 Turcarum
1705 4428 1941 4531 violentiae,

487 4578 606 4684 quam
632 4547 705 4631 Dei
730 4543 921 4661 flagellum
952 4576 1030 4633 esse
1057 4546 1226 4683 jactant,
1256 4542 1355 4630 ferro
1371 4572 1410 4632 et
1432 4548 1540 4632 armis
1569 4575 1804 4664 repugnare:
1835 4547 1943 4634 Chri·

487 4667 610 4753 srianis
626 4665 724 4750 enim
742 4692 822 4749 non
841 4664 907 4769 vi,
937 4665 1002 4749 sed
1019 4666 1194 4779 patientia
1211 4667 1464 4778 superandum
1493 4695 1597 4751 esse
1616 4695 1782 4781 quorum
1816 4664 1942 4752 homi

489 4816 584 4873 num
600 4813 734 4870 vocem
751 4812 831 4868 non
861 4806 904 4868 ut
926 4808 1137 4870 ceterorum
1167 4783 1438 4868 haeretieorum
1465 4784 1598 4900 placita
1624 4814 1647 4866 a
1675 4784 1813 4870 mentis
1843 4814 1943 4871 erro·

399 4951 407 4965 ·
487 4935 530 4995 re
548 4966 562 5014 ,
577 4932 658 4994 non
673 4903 724 4991 ab
741 4901 944 4991 ambitione
973 4927 1012 4989 et
1028 4903 1212 5020 opinionis
1229 4903 1412 5019 pravitate
1440 4933 1609 4992 manasse
1629 4927 1777 4991 certum
1805 4905 1944 5005 habea

1863 5021 1943 5113 -sed
