4050 5858
580 378 583 383 ’
666 367 871 440 LIBER
919 367 966 436 11.
1441 369 1506 441 261

46 557 50 570 ·
79 528 219 616 corpus
233 525 351 584 unum
366 494 671 610 constringantur
686 554 699 597 ,
716 520 797 577 non
821 490 945 576 modo
971 515 1118 575 sensum
1147 514 1317 578 nostrum
1333 491 1534 598 excedunt,

88 620 154 705 sed
175 645 326 732 captum
352 616 465 701 eriam
482 626 501 718 ,'
512 638 551 697 et
572 610 852 727 intelligentiam
878 609 1070 721 humanae
1098 611 1253 696 mentis.
1282 612 1379 705 Quo
1394 605 1534 695 factum

87 761 172 840 est,
198 760 242 821 ut
270 763 396 850 neque
424 731 592 847 indagari
622 729 814 844 potuerint
836 726 1041 841 cujuspiam
1066 727 1228 812 hominis
1253 727 1433 844 ingenio,
1465 755 1535 814 nec

85 850 256 940 humano
285 851 475 937 intellectu
501 847 711 964 investigari
725 909 738 952 ,
754 847 804 932 ad
828 875 1013 930 summam
1037 845 1139 930 nulla
1167 848 1312 932 ratione
1334 846 1404 930 alia
1435 846 1475 930 in
1500 875 1537 930 a·

52 1019 56 1023 ’
83 970 224 1088 liquam
241 968 455 1057 mortalium
472 967 643 1052 notitiam
660 1028 673 1071 ,
692 995 810 1082 quam
827 963 959 1051 divinis
981 964 1139 1052 oraculis
1155 964 1365 1080 pervenire.
1387 966 1535 1059 Quam·

82 1091 216 1177 obrem
234 1090 299 1204 qui
316 1087 572 1204 quorumdam
595 1085 838 1171 articulorum
866 1107 910 1167 ut
927 1082 1166 1189 altissimam,
1182 1084 1232 1168 sic
1248 1082 1466 1168 mortalibus
1482 1085 1534 1168 in·

83 1236 298 1311 accessam,
323 1230 361 1292 et
391 1206 457 1293 soli
492 1210 580 1289 Deo
610 1202 841 1317 exploratam
865 1200 1062 1287 veritatem
1088 1200 1225 1287 volunt
1249 1200 1393 1287 tatione
1418 1228 1535 1287 natu·

85 1326 154 1410 sali
178 1324 295 1411 metiri
315 1386 326 1430 ,
344 1354 388 1409 ac
414 1325 579 1438 ipsorum
605 1321 779 1436 mysteria
803 1318 854 1404 ad
879 1321 1064 1436 dogmata
1086 1319 1401 1435 philosophorum
1424 1349 1535 1408 revo-

91 1472 176 1530 care
192 1505 205 1550 ,
222 1443 359 1529 horum
375 1442 488 1528 stulta
508 1441 686 1555 sapientia
702 1463 758 1525 est
776 1499 790 1544 ,
806 1461 845 1522 et
861 1438 1061 1552 prudentia
1080 1467 1160 1522 non
1185 1439 1409 1554 probanda:
1435 1440 1536 1526 hanc

83 1561 360 1677 philosophiam
390 1561 652 1672 Hieronymus
678 1554 889 1642 contemnit
906 1556 1031 1661 ,hanc
1047 1557 1206 1642 damnat
1229 1556 1370 1674 ubique
1384 1558 1533 1665 Paulus,

84 1679 184 1766 hanc
214 1705 329 1767 vocat
359 1676 633 1788 hujusmundi
665 1673 913 1789 sapientiam,
943 1672 1096 1759 stultam
1127 1673 1298 1761 videlicet
1326 1699 1365 1760 et
1395 1676 1535 1762 verita·

84 1795 131 1883 tis
145 1799 322 1883 inanem.
348 1802 392 1880 ln
412 1794 467 1881 his
489 1793 589 1879 enim
606 1793 744 1896 rebus,
770 1820 870 1906 quae
889 1792 1075 1877 rationem
1102 1794 1310 1878 naturalem
1333 1794 1534 1901 excedunt,

83 1942 167 2000 uon
182 1941 238 2002 est
254 1915 368 2000 libere
383 1941 492 1998 caeca
520 1910 653 1997 mentis
677 1909 881 2025 agitatione
897 1911 1143 2024 vagandum,
1159 1912 1225 1997 sed
1245 1911 1472 1997 intellectum
1492 1944 1536 1999 o·

83 2057 212 2148 portet
235 2041 276 2114 in
291 2039 555 2140 captivitatem
579 2033 750 2138 redigere
772 2035 812 2110 in
835 2028 1043 2133 obsequium
1058 2029 1231 2136 Christi,
1249 2029 1325 2141 ejus
1342 2030 1535 2118 doctrinae
1551 2071 1727 2124 anaema·

84 2173 124 2235 et
147 2178 335 2236 sacrarum
351 2148 555 2234 litterarum
580 2146 827 2250 testimoniis,
845 2145 1172 2260 quemadmodum
1197 2148 1326 2233 ceteris
1352 2149 1391 2230 in
1408 2151 1534 2258 rebus,

83 2265 199 2354 fidem
214 2266 464 2371 adhibentes,
480 2266 530 2351 sic
550 2265 589 2349 in
616 2265 671 2349 his
695 2263 807 2349 etiam
833 2263 1119 2368 incunctanter,
1137 2266 1187 2350 ad
1212 2293 1307 2379 quas
1332 2264 1478 2352 intenta·
1495 2300 1535 2354 a·

85 2386 158 2472 cies
182 2386 321 2504 ingenii
343 2384 460 2475 nostri
483 2383 618 2501 caligat
635 2442 648 2490 ,
665 2395 842 2500 quaeque
865 2410 1045 2470 normam
1062 2383 1266 2470 excludunt
1284 2384 1536 2477 humanatum

87 2503 365 2592 doctrinarum.
1429 2594 1430 2597 a

145 2625 214 2709 Xl.
271 2628 372 2710 Cum
399 2654 495 2714 vero
519 2624 569 2712 de
593 2621 759 2714 moribus
779 2620 902 2745 agitur
919 2687 931 2733 ,
948 2624 1073 2744 deque
1099 2625 1298 2714 virtutibus
1325 2651 1365 2713 et
1387 2649 1536 2714 contra·

85 2738 149 2828 riis
171 2742 280 2829 rebus
295 2744 480 2831 dbsetitur
498 2746 646 2861 ,prima
664 2771 720 2832 est
735 2747 934 2861 scripturae
949 2775 1073 2831 sacrae
1089 2806 1102 2851 ,
1118 2745 1288 2860 proxima
1312 2769 1440 2831 tamen
1459 2746 1536 2861 phi·

82 2856 337 2976 Iosophorum
359 2861 558 2950 auctoritas
575 2874 589 2968 ,'
604 2864 855 2980 nonquidem
865 2864 1042 2951 omnium
1060 2924 1073 2969 ,
1089 2863 1155 2949 sed
1181 2864 1339 2949 maxine
1354 2862 1536 2978 probato·

84 3003 171 3060 rum
192 3010 201 3062 ε
218 2979 346 3094 quales
367 2981 547 3068 Platonici
569 3007 655 3068 sunt
672 3008 711 3068 et
725 2982 954 3096 Peripatetici
971 3039 986 3087 ,
1001 2981 1067 3097 qui
1091 2978 1280 3067 summum
1296 2981 1444 3067 bonum
1460 2983 1532 3070 vir·
1736 3067 1745 3080 ,

85 3094 178 3180 tutis
206 3096 354 3184 actione
378 3099 603 3187 metiuntur.
628 3100 731 3186 licet
756 3099 989 3217 Augustinus
1020 3098 1215 3185 Platonem
1245 3099 1375 3186 ceteris
1405 3103 1531 3186 omni·
1544 3134 1723 3191 assaumis.

82 3211 155 3298 bus
177 3239 388 3331 anteponat
404 3279 416 3321 ,
432 3219 521 3334 quia
549 3247 630 3306 non
652 3219 774 3304 solum
800 3242 899 3303 recte
929 3216 1040 3303 sentit
1064 3216 1112 3303 de
1137 3217 1330 3303 bonorum
1354 3242 1393 3304 et
1416 3221 1532 3306 malo
1544 3229 1724 3342 ,3213qu

80 3357 166 3416 rum
182 3331 318 3421 finibus
335 3397 348 3442 ,
363 3335 429 3421 sed
452 3337 563 3423 etiam
590 3335 739 3422 mundo
760 3335 889 3422 tribuit
912 3334 1056 3420 initium
1074 3364 1127 3439 ,a
1149 3363 1229 3451 quo
1256 3335 1381 3422 asserit
1408 3336 1529 3452 ipsum
1542 3352 1708 3411 memte·

77 3447 318 3559 Aristoteles,
338 3479 377 3539 et
393 3453 580 3541 humanos
605 3456 750 3540 animos
774 3456 823 3539 ab
847 3453 997 3555 interitu
1019 3478 1059 3538 et
1081 3453 1306 3540 mortalitate
1323 3450 1467 3541 fortiter
1490 3481 1531 3544 et

79 3569 271 3682 perspicue
295 3570 488 3679 vindicat,
509 3573 548 3657 in
574 3602 656 3688 quo
686 3572 744 3656 ille
772 3573 863 3658 alter
889 3571 1071 3657 balbutire
1102 3596 1327 3687 nutasseque
1358 3572 1528 3680 viderur,
1587 3678 1589 3681 p

78 3686 202 3770 modo
230 3688 303 3775 huc
321 3751 334 3794 ,
351 3691 475 3776 modo
501 3690 587 3775 illuc
614 3689 792 3776 inclinans
809 3750 822 3795 ,
838 3713 953 3803 prout
980 3689 1182 3776 rationibus
1205 3720 1236 3775 a
1265 3718 1374 3775 sensu
1408 3689 1528 3779 ductis

76 3800 364 3917 impellebatur,
386 3807 450 3892 sed
479 3836 714 3924 quamquam
738 3807 938 3894 Platonem
966 3809 1066 3895 idem
1082 3809 1314 3926 Augustinus
1341 3808 1718 3947 verissimessg⁶g⁰¹2·²g“

76 3923 202 4008 tradat
220 3924 390 4038 proxime
411 3925 583 4012 omnium
600 3925 910 4040 philosophorum
935 3927 986 4013 ad
1001 3926 1232 4012 Christianos
1255 3926 1430 4043 accedere
1445 3959 1529 4043 pro
1577 3914 1584 3931 ’
1616 3917 1624 3932 ’
1657 3917 1664 3933 ’
1695 3918 1702 3933 ’

75 4060 159 4150 pter
178 4041 303 4158 aliqua
322 4105 334 4147 ,
350 4072 450 4158 quae
481 4059 562 4129 non
592 4069 672 4129 tam
701 4044 847 4130 ratione
875 4043 1033 4129 naturali
1065 4044 1302 4161 investigasse
1318 4103 1330 4149 ,
1346 4073 1463 4159 quam
1486 4045 1540 4135 in'

75 4157 307 4272 Aegyptiace
323 4162 627 4278 peregrinatione¹
648 4191 694 4248 ex
715 4162 821 4249 sacris
837 4164 1101 4249 Hebraeorum
1126 4161 1222 4247 libris
1253 4163 1419 4250 sumsisse
1444 4193 1527 4251 cre·

72 4266 206 4376 ditur,
232 4303 359 4374 tamen
385 4283 608 4394 posteriores
633 4306 717 4366 tum
745 4279 986 4395 philosophi,
1013 4305 1096 4366 tum
1123 4278 1325 4397 theologi,
1344 4308 1388 4368 ut
1413 4313 1524 4399 supra

73 4414 230 4479 testatus
251 4427 332 4480 sum
350 4459 363 4502 ,
380 4427 461 4487 non
489 4399 710 4487 dubitavere
733 4399 982 4514 principatum
999 4397 1187 4484 Aristoteli
1215 4398 1254 4484 in
1280 4401 1386 4485 omni
1402 4403 1534 4516 philo-u

71 4512 205 4626 sophia
233 4513 322 4598 dare
339 4577 351 4619 ,
366 4516 443 4603 sive
460 4544 661 4632 quaeratur
689 4519 738 4603 de
765 4543 900 4604 natura
926 4545 1056 4603 earum
1088 4545 1211 4602 rerum
1230 4579 1243 4623 ‚
1259 4548 1422 4634 quarum
1450 4549 1533 4607 co·
1621 4526 1625 4553 ⁴

70 4627 192 4742 gnitio
220 4631 339 4744 parari
366 4659 490 4748 potest
519 4636 664 4721 ratione
692 4635 879 4739 naturali,
905 4635 982 4722 sive
1016 4636 1065 4723 de
1085 4635 1253 4722 moribus
1279 4661 1318 4723 et
1349 4665 1448 4724 recte
1464 4639 1518 4727 vi-

70 4749 187 4834 vendi
205 4752 409 4865 praeceptis
426 4753 646 4839 disseratur:
674 4780 763 4835 cum
777 4778 931 4867 propter
947 4752 1116 4842 divinum
1146 4754 1224 4865 ejus
1245 4754 1462 4871 ingenium,
1480 4781 1520 4842 et

61 4862 318 4962 incredibilem
345 4871 555 4960 doctrinam
581 4868 735 4972 nutabili
760 4870 906 4960 solertia
928 4873 984 4965 ¹ab
1011 4902 1060 4964 eo
1088 4871 1215 4962 turdus
1237 4870 1332 4963 libris
1359 4873 1534 4991 explica-

75 5048 84 5056 ,γ
139 5034 141 5041 ·
1438 5015 1532 5102 tam,
