4050 5858
590 380 593 385 ’
657 358 866 446 LIBER
913 368 959 440 11.
1437 385 1506 470 '253

75 513 223 594 cruram
245 498 427 622 patiatur'.
454 501 565 584 Haec
588 497 679 583 mihi
703 504 783 584 non
799 497 974 584 videntur
998 498 1094 584 inter
1119 526 1197 585 sese
1215 491 1446 607 cohaerere,
1463 529 1534 596 nec

84 627 175 712 mihi
197 624 316 708 solum
334 684 346 728 ,
363 620 429 706 scd
445 619 628 733 plerisque
648 615 759 701 etiam
783 615 858 702 aliis
874 677 887 722 ,
904 643 948 702 ut
965 617 1103 703 video·
1140 621 1230 703 Hoc
1246 645 1303 704 est
1329 618 1429 703 enim
1447 681 1459 725 ,
1477 622 1532 705 ni·

86 746 115 829 si
140 740 246 826 lallot
263 803 276 845 ,
291 762 407 854 caput
433 737 526 820 illius
552 734 725 850 querelae
755 735 939 839 militaris,
962 736 1011 823 de
1042 764 1122 849 qua
1155 736 1330 821 hesterno
1359 766 1532 825 sermone

74 859 307 945 meministi:
329 886 407 971 qua
435 852 665 940 solicitudine
696 852 724 937 si
749 882 876 938 meum
905 854 1071 940 animum
1109 853 1319 969 explicueris
1335 885 1530 972 ,magnas

80 979 149 1064 tibi
164 975 481 1089 immortalesque
503 972 663 1056 habebo
694 971 857 1087 gratias,
885 972 1000 1057 credo
1036 971 1126 1055 item
1158 996 1198 1057 et
1221 973 1421 1087 Leopoldo
1449 1004 1530 1061 rem

82 1092 166 1182 fore
191 1119 407 1210 pergratam
423 1154 435 1198 ,
451 1091 518 1205 qui
546 1089 635 1173 mihi
659 1088 738 1172 heri
753 1088 950 1175 videbatur
971 1089 1025 1174 his
1049 1118 1207 1205 quoque
1234 1091 1344 1175 rebus
1361 1093 1532 1178 nonnihil

76 1212 347 1301 commoveri.
365 1215 476 1295 Leon.
498 1207 597 1291 Mihi
613 1235 706 1293 vero
732 1207 870 1322 gratius
895 1205 985 1290 nihil
1014 1232 1141 1322 posset
1163 1208 1395 1325 contingere.
1429 1216 1532 1295 Dan.

82 1333 200 1417 Dabo
231 1329 405 1444 equidem
434 1352 617 1440 operam,
644 1348 688 1408 ut
720 1324 831 1410 vobis
860 1354 1007 1409 morem
1039 1353 1189 1442 geram.
1220 1327 1293 1413 Sed
1328 1353 1534 1444 antequam

83 1451 136 1535 ad
164 1469 385 1563 argumenta
416 1472 482 1560 per
507 1473 577 1529 vos
609 1440 719 1528 allata
751 1441 963 1556 respondeo
979 1503 992 1548 ,
1010 1468 1053 1527 ut
1081 1444 1206 1530 viaet
1238 1443 1381 1530 ratione
1408 1446 1536 1561 philo·

83 1567 289 1681 sophemur
305 1630 317 1666 ,
334 1561 578 1650 necessarium
590 1589 676 1645 esse
701 1583 798 1673 puto
816 1621 829 1666 ,
845 1560 969 1675 aliqua
991 1559 1040 1644 de
1056 1561 1252 1647 virtutibus
1273 1563 1324 1647 eis
1347 1563 1536 1673 disserere,

84 1684 223 1802 quibus
252 1682 486 1801 potissimum
514 1677 617 1763 miles
643 1677 883 1792 prudentium
910 1677 1047 1791 judicio
1078 1681 1395 1765 commendatur:
1413 1708 1457 1769 ut
1481 1685 1538 1770 his

76 1803 351 1917 contrariisque
380 1799 481 1886 vitiis*
505 1795 730 1913 perspectis,
748 1797 857 1912 quod
886 1796 932 1883 sit
963 1792 1129 1883 officium
1158 1798 1249 1883 boni
1277 1798 1426 1907 militis,
1470 1801 1537 1888 uid

75 1921 134 2006 ab
158 1951 209 2008 eo
234 1920 442 2032 discrepet,
458 1915 704 2030 intelligatur.
737 1921 838 2000 Laus
863 1915 964 1998 enim
992 1914 1138 2001 virtutis
1161 1940 1217 2002 est
1233 1977 1245 2021 ,
1262 1942 1301 2001 et
1325 1944 1408 2032 quo
1430 1831 1726 2027 ellici-innan,

83 2063 147 2124 tur
179 2066 238 2124 res
267 2062 443 2152 quaeque
472 2033 575 2117 bona
592 2091 605 2136 ,
623 2030 663 2116 id
684 2032 800 2118 virtus
820 2062 844 2116 a
865 2032 1094 2147 philosophis
1118 2058 1357 2149 nuncupatur
1377 2035 1443 2139 ,in
1468 2038 1538 2123 ho-
1812 2051 1814 2064 ¹

74 2155 243 2241 minibus
273 2151 432 2269 quidem
463 2181 533 2237 suo
560 2147 715 2237 nomine
731 2210 744 2255 ,
760 2150 800 2234 in
821 2151 950 2237 ceteris
976 2152 1087 2236 rebus
1112 2182 1179 2267 per
1199 2151 1474 2241 similitudinem
1492 2186 1537 2244 ac

79 2271 392 2359 translationem.
426 2274 530 2354 Nam
553 2268 677 2353 bonus
703 2298 857 2386 magnes
882 2268 1016 2353 dicitur
1032 2331 1045 2373 ,
1062 2295 1099 2354 et
1129 2271 1252 2355 bonus
1282 2299 1402 2385 equus
1419 2335 1431 2377 ,
1447 2303 1536 2361 cum

83 2390 145 2476 hic
171 2392 269 2476 bene
284 2389 397 2475 currit
415 2447 428 2492 ,
443 2386 502 2471 ille
525 2381 664 2470 ferrum
678 2386 776 2471 bene
805 2385 916 2471 allicit
933 2415 944 2488 3
961 2410 999 2470 et
1022 2387 1094 2472 hae
1109 2387 1265 2473 virtutes
1280 2388 1445 2501 ipsorum
1470 2420 1536 2507 ap·

73 2506 286 2622 pellantur:
302 2507 401 2592 bene
413 2531 579 2618 namque
595 2531 661 2587 sua
678 2502 843 2608 virtute,
862 2526 904 2588 ut
923 2503 1075 2590 tradidit
1091 2504 1307 2590 Aristoteles
1323 2566 1336 2609 ,
1352 2535 1409 2591 res
1424 2536 1571 2623 quae-1.
1585 2543 1666 2599 nette.
1715 2516 1719 2521 ’

74 2652 163 2740 que
190 2623 399 2740 perficitur.
436 2626 538 2706 Cum
562 2620 673 2736 igitur
695 2620 845 2705 bonum
871 2621 1164 2738 gubernatorem
1190 2622 1355 2708 dicamus
1370 2684 1383 2727 ,
1400 2625 1429 2708 si
1454 2628 1537 2741 quis

84 2742 182 2830 bene
209 2768 248 2830 et
278 2771 324 2829 ex
350 2766 429 2827 arte
450 2739 586 2938 dirigat
613 2735 834 2853 navigium,
853 2738 999 2823 bonum
1031 2764 1176 2853 patrem
1200 2739 1379 2844 familias,
1396 2744 1463 2857 qui
1478 2775 1535 2830 re-

71 2885 147 2947 ,cte
174 2891 305 2947 curam
327 2860 421 2976 gerit
444 2857 497 2944 rei
538 2853 734 2959 amiliaris,
759 2880 798 2940 et
824 2881 969 2941 ceteros
997 2857 1135 2942 eodem
1162 2858 1307 2944 modo:
1326 2886 1442 2974 quam
1468 2865 1533 2948 de-

73 3006 192 3062 mum
216 2978 394 3067 virtutem
418 2976 467 3060 ab
490 3003 538 3060 eo
564 2971 864 3090 postulabimus,
881 2973 949 3094 qui
976 3002 1015 3059 se
1042 2975 1131 3062 velit
1155 3000 1193 3062 et
1208 3005 1286 3064 esse
1302 3038 1315 3084 ,
1333 3001 1371 3064 ct
1386 2976 1533 3070 bonum

72 3093 239 3182 *militem
266 3092 467 3210 appellari?
727 3119 730 3124 ·
1262 3161 1272 3176 .

71 3264 73 3269 ·
142 3217 205 3300 Ill.
265 3218 356 3300 An.
386 3212 574 3299 Homines
596 3211 868 3328 prudentissimi
885 3227 901 3319 ,'
913 3213 980 3330 qui
1006 3214 1060 3300 tei
1086 3213 1248 3300 militatis
1262 3239 1460 3330 praecepta
1475 3215 1533 3304 lit·

83 3354 252 3418 terarum
276 3330 532 3417 monumentis
559 3332 773 3437 tradidere,
789 3329 908 3416 multa
935 3332 1164 3449 praecipiunt
1187 3332 1374 3420 observari
1401 3333 1440 3418 in
1462 3335 1532 3419 mi·

82 3446 148 3534 lite
176 3450 398 3566 deligendo.
429 3451 521 3543 Qua
551 3449 652 3534 enim
679 3448 832 3565 regione
859 3473 969 3536 ortus
991 3451 1150 3568 quisque
1175 3451 1219 3536 sit
1236 3513 1248 3557 ,
1264 3451 1434 3537 interesse
1460 3482 1528 3564 pu·
1540 3483 1613 3544 sama
1644 3487 1717 3561 rann
1841 3500 1845 3522 ι

68 3588 166 3650 vtant
182 3574 433 3684 ,temperatas
460 3565 590 3652 ceteris
620 3566 796 3652 omnibus
825 3563 1097 3670 anteferentes,
1126 3569 1254 3684 quales
1284 3594 1361 3654 esse
1392 3569 1497 3680 ajunt
1512 3630 1525 3675 ,
1540 3546 1721 3655 ililbmum‘

81 3709 184 3796 quae
208 3711 345 3801 quarto
373 3710 413 3770 et
437 3684 575 3799 quinto
601 3683 747 3770 climate
772 3684 1039 3771 continentur.
1069 3690 1172 3770 Nam
1188 3713 1286 3801 quae
1307 3684 1357 3770 ad
1386 3709 1527 3800 septen-

76 3800 243 3887 trionem
276 3803 427 3919 propius
453 3802 666 3906 accedunt,
691 3804 728 3886 in
761 3802 816 3887 his
845 3803 1069 3890 robustiores
1094 3804 1250 3921 quidem
1279 3803 1455 3910 animos,
1485 3832 1525 3894 et

69 3919 200 4036 magis
224 3919 458 4037 intrepidos,
476 3918 541 4005 sed
562 3919 725 4006 tardiora
748 3919 896 4038 ingenia
912 3921 1133 4035 provenire:
1152 3923 1202 4008 ad
1224 3921 1414 4008 meridiem
1436 3951 1524 4009 con·

78 4059 139 4120 tta
163 4037 403 4155 intelligentia
425 4062 651 4152 praestantes
665 4037 837 4126 homines
855 4098 867 4143 ,
885 4038 950 4123 sed
974 4037 1190 4123 infirmiores
1218 4037 1346 4124 animis
1361 4040 1411 4125 ad
1435 4041 1523 4125 sub·

77 4154 206 4240 cunda
230 4156 392 4271 pericula
420 4156 589 4273 generari
605 4188 615 4240 ε
632 4157 683 4242 ad
713 4155 879 4242 medium
904 4180 1031 4243 autem
1046 4155 1217 4241 homines
1240 4158 1338 4241 nasci
1365 4181 1524 4274 utraque

62 4296 144 4374 re,
160 4300 344 4385 quantum
365 4273 450 4359 satis
471 4297 526 4359 est
538 4335 552 4379 ,
566 4274 732 4361 valentes
751 4305 761 4358 ε
780 4274 848 4389 qui
863 4302 932 4358 nec
955 4274 994 4358 in
1011 4271 1168 4357 consiliis
1188 4273 1373 4388 capiendis
1398 4273 1525 4361 intelli·
1640 4312 1641 4315 ¹

75 4389 232 4503 gentia,
256 4391 388 4478 necin
417 4391 616 4477 subeund'c
644 4392 811 4508 periculis
838 4391 966 4475 animo
999 4387 1199 4477 deficiant:
1237 4419 1413 4507 quorum*
1431 4394 1523 4480 alter

71 4504 155 4591 sine
176 4505 294 4594 altero
319 4509 428 4623 plane
451 4508 617 4595 infirmus
646 4533 701 4595 est
732 4509 782 4594 ad
813 4507 908 4593 bella
936 4507 1125 4625 gerenda.
1155 4513 1348 4595 Praeterea
1373 4511 1412 4594 in
1434 4540 1523 4597 cor-

74 4622 177 4738 poris
200 4624 417 4712 habitudine
446 4655 584 4743 magna
612 4656 690 4712 esse
716 4651 911 4711 momenta
938 4625 1195 4713 conscribunt.
1232 4633 1336 4711 Nam
1362 4654 1523 4715 staturae

75 4742 367 4855 proceritatem,
395 4742 629 4830 latitudinem
659 4744 846 4858 pectoris,
878 4745 1135 4830 membrorum
1169 4743 1372 4860 agilitatem
1406 4746 1524 4859 pluri-

65 4888 177 4952 mum
202 4861 281 4985 spei
310 4863 400 4953 dare
431 4863 578 4952 roboris
605 4887 644 4951 et
673 4860 818 4950 virtutis
846 4859 1100 4953 confirmant.
1134 4867 1234 4950 Deu.
1264 4866 1364 4970 Ista,
1387 4859 1524 4950 Allon-

59 5016 74 5034 ..
1474 5012 1527 5094 se,
