4192 5880
422 373 474 444 66
720 419 723 422 ⁴
826 363 1043 443 RERUM
1079 367 1434 442 GESTARUM

394 558 436 610 .„
450 496 645 585 obsidione
668 493 857 613 superati,
874 494 995 579 multo
1008 523 1086 580 esse
1099 519 1161 580 ιιι
1187 495 1263 581 ius.
1296 499 1400 582 Nam
1417 518 1565 582 strenue
1589 521 1758 613 pugnare
1773 497 1853 588 vir-

395 683 398 689 ·
411 618 540 752 „tutis
563 645 640 704 esse
658 641 856 729 ,superare
872 611 1074 699 fortunae:
1100 638 1140 698 at
1155 528 1263 699 lissa
1267 613 1453 728 murisque
1480 615 1629 700 hostem
1652 615 1852 724 distinere,

412 735 519 845 „nisi
548 732 661 869 longe
676 731 908 866 paucioribus
921 760 1002 816 non
1030 760 1106 817 esse
1124 732 1240 817 virile.
1273 735 1320 815 Se
1337 760 1428 818 vero
1445 733 1691 847 superioribus
1719 736 1850 822 diebus

403 915 438 965 „
453 882 534 939 non
560 852 635 940 sine
654 849 816 938 maximo
833 879 903 937 suo
931 847 1064 935 dolote
1090 849 1211 936 tulisse
1238 878 1323 935 eam
1344 850 1628 966 indignitatem,
1645 876 1690 952 ut
1722 856 1848 941 hostes

410 1034 438 1082 „
451 1001 517 1086 per
537 1000 646 1089 agros
664 969 775 1058 libere
798 967 1009 1086 acimpune
1024 967 1284 1104 populabundi
1297 995 1552 1085 vagarentur,
1568 999 1611 1054 ac
1641 970 1726 1055 urbi
1758 970 1850 1059 infe·

397 1090 494 1200 „sti
517 1088 723 1175 adessent:
751 1086 827 1201 ipse
853 1104 946 1174 veto
966 1087 1138 1172 auxilia
1130 1116 1168 1171 ιιι
1198 1087 1276 1173 dies
1298 1113 1510 1201 exspectans
1540 1117 1585 1175 se
1601 1088 1696 1174 intra
1720 1121 1850 1179 muros

408 1207 688 1318 „coutiueret:
677 1233 800 1340 quae
823 1230 910 1288 cum
940 1202 1231 1311 adventassent,
1248 1233 1292 1288 ac
1316 1234 1418 1318 spem
1451 1205 1660 1314 dedissent,
1675 1208 1760 1294 satis
1784 1240 1851 1296 su-

406 1355 589 1442 „perque
620 1324 754 1412 vitium
776 1350 852 1408 esse
880 1319 929 1406 ad
951 1323 1089 1437 praelio
1119 1322 1420 1409 decernendum:
1436 1325 1601 1411 statuisse
1632 1354 1670 1410 se
1697 1352 1853 1448 postero

404 1503 433 1552 „
447 1444 508 1531 die
539 1443 616 1532 acie
634 1440 834 1529 dimicare:
854 1439 1012 1555 proinde
1038 1471 1076 1526 se
1093 1441 1349 1527 Bononienses
1371 1470 1443 1557 pro
1471 1471 1539 1527 sua
1564 1443 1683 1529 salute
1690 1472 1852 1580 proque

406 1592 514 1670 „sua
531 1562 698 1650 libertate
722 1558 772 1643 ad
800 1586 971 1674 pugnam
995 1583 1285 1673 compararent:
1303 1586 1347 1641 ac
1371 1559 1546 1696 postridie
1570 1563 1702 1647 armati
1727 1589 1768 1649 et
1795 1566 1852 1648 in

395 1729 434 1785 2„
447 1680 586 1767 structi
591 1683 631 1763 in
657 1675 782 1762 forum
798 1701 955 1789 accepto
974 1675 1083 1792 signo
1106 1678 1373 1763 convenirentr
1391 1678 1459 1791 qui
1486 1679 1516 1763 si
1536 1708 1641 1764 suam
1670 1678 1784 1766 fidem
1805 1711 1851 1769 ac

405 1856 433 1905 „
448 1797 623 1883 virtutem
641 1792 926 1912 praestitissent,
941 1793 1038 1878 satis
1043 1793 1131 1879 scire
1147 1794 1340 1880 victoriam
1363 1794 1591 1909 inexpedito
1615 1825 1691 1882 esse
1706 1798 1754 1882 de
1776 1799 1851 1884 ho-

405 1973 434 2024 „
447 1914 588 2002 stibus:
605 1914 672 2030 qui
691 1941 772 1996 non
785 1935 865 1997 tam
890 1940 977 1996 suae
997 1913 1128 2009 virtuti
1160 1909 1422 2018 confiderent,
1437 1942 1555 2028 quam
1578 1940 1768 2030 sperarent
1795 1917 1850 2003 in-
1908 1962 1919 1970 ·

397 2091 435 2140 ¹„
448 2057 505 2118 ter
521 2032 776 2120 Bononienses
801 2027 1022 2116 discordiam
1035 2026 1141 2135 lore,
1157 2059 1256 2144 quos
1287 2057 1375 2114 cum
1393 2029 1555 2165 viderint
1580 2032 1853 2168 suaelibertans

396 2200 435 2256 r„
450 2180 658 2259 memores,
674 2146 855 2235 concordi
875 2147 954 2233 acie
973 2176 1143 2265 pugnate
1159 2171 1308 2264 paratos
1328 2206 1341 2254 ,
1358 2146 1503 2235 inscissa
1516 2178 1583 2264 spe
1596 2149 1726 2236 animis
1749 2150 1854 2240 defu.

398 2327 435 2376 ,ιι
450 2295 588 2356 elusos·
601 2277 627 2321 α
976 2332 978 2337 v

467 2389 573 2473 XlX
630 2388 724 2480 Qua
742 2383 914 2471 oratione
935 2386 1045 2471 erecti
1070 2344 1355 2492 Bononienses,
1379 2339 1638 2524 indignatione
1676 2388 1784 2475 simul
1813 2414 1855 2479 et

407 2531 473 2618 spe
498 2505 727 2592 accendente
739 2532 884 2588 ammos
900 2564 913 2609 ,
928 2503 1135 2590 discedunt.
1166 2503 1347 2591 Postridie
1361 2534 1519 2639 omnes,
1535 2507 1602 2620 qui
1626 2534 1732 2591 arma
1758 2505 1855 2595 ferre

409 2645 613 2734 poterant,
630 2645 785 2734 accepto
810 2620 918 2736 signo
934 2617 1111 2707 inlorum
1128 2623 1262 2708 armati
1287 2623 1543 2710 conveniunt·
1550 2652 1723 2739 quorum
1747 2649 1856 2740 parte

411 2736 462 2823 ad
484 2739 584 2825 urbis
614 2736 835 2872 praesidium
851 2738 999 2824 relicta·
990 2797 1002 2841 ‚
1017 2739 1132 2825 ceteri
1143 2768 1232 2826 cum
1248 2738 1385 2830 auxiliis
1396 2732 1619 2826 Gometium
1634 2767 1857 2878 ιοιιιιιιιιιιιι.

411 2856 492 2950 Qui
512 2886 600 2942 cum
616 2886 665 2942 eo
680 2854 890 2942 deduxisset
912 2885 1075 2971 agmen,
1092 2856 1158 2941 ubi
1170 2858 1325 2944 Rhenus
1346 2881 1464 2972 ponte
1488 2857 1629 2968 majore
1648 2858 1856 2946 committi·

412 2996 489 3080 tur,
505 3004 619 3091 seque
634 2974 672 3058 in
688 2997 865 3058 mutuum
886 2973 1049 3059 hostium
1066 2974 1226 3062 dedisset
1242 2999 1497 3089 conspectum,
1514 2975 1680 3060 adhunc
1699 2976 1859 3063 modum

221 3169 401 3288 illliddi
414 3091 536 3294 idid
550 3088 1858 3343 iddttiii'enstcoiisiiierradidbndliteiddviirirmaittrcibisitcillasddfididnmdde

1838 3270 1854 3319 2

414 3326 492 3442 ipse
520 3326 586 3412 sibi
600 3327 771 3412 dextrum
789 3324 966 3431 assumit,
981 3349 1020 3411 et
1048 3324 1139 3411 levis
1154 3351 1364 3412 armaturae
1385 3325 1538 3412 milites
1528 3355 1567 3410 ιιι
1581 3325 1708 3412 medio
1730 3327 1853 3417 locat.

410 3444 601 3532 ⁴Galeotus
615 3443 812 3528 Malatesta
823 3441 956 3554 ,cujus
991 3438 1223 3557 potissimum
1246 3444 1401 3531 consilio
1426 3443 1628 3529 Gometius
1657 3446 1854 3550 utebatur,

417 3591 504 3649 cum
532 3560 727 3678 oppidanis
751 3561 941 3645 subsistere
972 3559 1148 3673 jubetur,
1164 3590 1233 3647 nec
1257 3562 1379 3675 primo
1398 3562 1543 3675 impetu
1573 3560 1773 3664 invadere,
1791 3562 1861 3648 sed

417 3681 672 3768 laborantibus
688 3677 906 3781 subvenire,
920 3702 985 3762 aut
1004 3673 1103 3763 fessis
1116 3679 1330 3765 succedere.
1364 3679 1564 3792 Equitatus
1580 3703 1726 3792 partem
1755 3679 1862 3792 jubet

418 3824 521 3884 extra
535 3798 706 3884 ordinem
729 3793 883 3910 vagari,
898 3817 942 3879 ut
958 3794 1052 3908 quid
1075 3792 1238 3881 facerent
1254 3796 1548 3900 molirenturve,
1567 3795 1694 3880 hostes
1717 3797 1766 3879 ab
1782 3796 1860 3881 edi·

420 3915 575 4000 rioribus
600 3914 690 4001 locis
713 3911 1017 4027 specularentur,
1040 3935 1078 3998 et
1093 3912 1216 4029 siquid
1240 3943 1338 4027 opus
1359 3937 1454 4000 esset
1477 3911 1603 4017 facto,
1620 3941 1702 3999 ιιοιι
1727 3915 1863 3998 turba-

421 4059 465 4120 ιο
489 4031 675 4118 ordinem
688 4029 864 4144 expedito
878 4055 1010 4115 essent

229 4167 408 4260 ,mum
480 4151 571 4234 XX.
628 4149 701 4236 Sed
719 4176 788 4233 nec
818 4146 943 4233 hostes
958 4147 1212 4234 detrectavere
1239 4177 1437 4266 pugnam,
1454 4148 1558 4260 cujus
1585 4148 1664 4232 dux
1691 4170 1771 4230 erat
1787 4205 1802 4251 ,
1818 4172 1867 4235 ιιι

230 4262 409 4371 ¹3:¹22,me
422 4297 532 4383 supra
558 4266 874 4371 memoravimus,
892 4266 1102 4351 Franciscus
1128 4268 1289 4352 Estensis
1314 4328 1328 4372 ,
1358 4267 1426 4382 qui
1454 4265 1636 4354 veteranis
1658 4265 1735 4376 ipse
1761 4293 1861 4379 quo·

421 4414 497 4518 que
522 4385 559 4468 in
589 4382 712 4480 fronte
743 4382 1056 4498 pugnacissimum
1085 4411 1277 4501 quemque
1300 4382 1453 4470 militem
1486 4382 1682 4496 opposuit
1716 4386 1862 4467 Gome-

419 4503 476 4588 tio
489 4502 708 4587 Vincentius
722 4500 922 4588 Laudensis
938 4562 950 4606 ,
969 4501 1123 4586 Garsiae
1139 4501 1338 4588 Fernando
1353 4501 1567 4587 Ludovicus
1583 4499 1750 4585 Albensis
1773 4526 1864 4582 cum

419 4621 591 4754 equitatu
611 4617 852 4753 objiciuntur·
874 4617 1002 4753 ‘'Signo
1012 4619 1198 4732 utrimque
1222 4620 1315 4705 dato
1326 4618 1505 4734 ,magnis
1521 4616 1653 4703 animis
1678 4614 1865 4701 concurri

399 4753 499 4824 fitur.
530 4739 679 4844 Initium
695 4736 902 4821 certaminis
917 4736 1086 4851 equitum
1115 4734 1206 4822 fuit
1238 4735 1414 4825 Laevum
1434 4764 1556 4821 cornu
1584 4734 1749 4821 hostium
1783 4758 1864 4818 tan·

417 4856 528 4974 tisper
558 4853 930 4943 ecclesiasticorum
919 4880 1103 4971 impetum
1133 4854 1245 4960 tulit,
1271 4858 1395 4974 donec
1406 4853 1627 4943 Vincentius
1660 4851 1866 4940 Laudemis

1777 4997 1867 5056 cum
