4140 5872
495 410 578 487 180
813 407 914 495 DE·
932 391 1398 477 c'onREcTIO‘NE
1428 394 1582 469 ANNI
1656 395 1661 458 Ἰ

484 526 568 614 nius
596 517 790 614 Secundus
813 520 1004 607 interdum
1034 518 1074 601 in
1100 517 1332 635 geographia
1360 518 1532 603 secutum
1561 542 1600 601 se
1630 506 1951 601 misereantur.

487 645 596 756 Quid
618 647 729 762 igitur
752 638 954 744 mirum,si
978 636 1113 723 eadem
1128 635 1409 721 curiositatein
1425 662 1566 750 magna
1581 657 1620 717 et
1647 629 1818 742 altissima
1836 662 1955 746 pace,

489 787 534 848 ut
555 764 603 848 de
619 765 755 850 civium
770 765 1033 845 Romanorum
1049 816 1062 860 ‚
1079 754 1130 839 sic
1145 752 1194 840 de
1210 753 1277 838 sibi
1293 751 1551 865 subjectorum
1567 747 1783 844 mortalium
1801 779 1954 838 nume-

491 909 546 966 ro
562 905 601 966 et
634 882 768 995 opibus
798 879 968 993 princeps
1000 872 1170 958 curiosus
1200 900 1241 958 et
1261 871 1441 957 eruditus
1462 899 1529 987 per
1557 869 1948 956 censurrssuniversan=

488 994 563 1083 lem
585 1025 756 1083 constare
782 995 902 1084 voluis
917 998 939 1076 ἴ
956 992 1108 1087 Quibus
1138 989 1250 1105 plane
1279 989 1523 1105 intelligitur,
1550 1016 1628 1072 esse
1664 989 1946 1076 merafsomnia

491 1112 755 1236 quaecumque
782 1112 945 1199 dem
967 1109 1105 1195 tradita
1126 1133 1214 1194 sunt
1233 1109 1296 1197 'ab
1316 1107 1387 1211 iis,
1414 1107 1481 1222 qui
1507 1105 1687 1218 temporis
1697 1133 1797 1190 „eam
1824 1108 1945 1193 ratio·

419 1255 421 1261 ’
491 1261 580 1317 nem
609 1234 659 1319 ad
690 1233 875 1320 tributum
906 1228 1130 1343 imperatum
1161 1227 1210 1309 ab
1236 1231 1414 1341 Augusto
1437 1251 1682 1340 quacumque
1714 1223 1778 1310 via
1808 1222 1941 1311 referri

493 1350 630 1438 volunt
641 1378 660 1435 ·.
695 1350 792 1435 lllud
818 1350 977 1464 quoque
1002 1374 1084 1429 non
1112 1372 1247 1458 parum
1273 1345 1384 1428 obest
1410 1342 1569 1428 istorum
1598 1339 1809 1456 figmentis,
1827 1345 1945 1456 quod

491 1470 657 1552 Romani
680 1497 761 1553 non
775 1495 919 1550 :aurum
942 1463 1092 1548 aliudve
1117 1459 1310 1547 metallum
1337 1460 1444 1547 victis
1475 1459 1648 1577 gentibus
1667 1459 1861 1574 imperare.
1879 1491 1947 1548 so·

297 1619 403 1676 usse.
422 1621 480 1661 aa
492 1579 620 1670 lebant
639 1584 850 1670 'inrr'ibur'is
865 1580 968 1688 ,sed
990 1589 1192 1696 argentum
1219 1606 1364 1693 semper
1381 1584 1456 1683 ,iat
1476 1576 1622 1664 Plinius
1645 1601 1702 1661 est
1723 1601 1875 1663 auctor.

505 1748 510 1753 >
549 1699 717 1790 nxvn'
748 1734 751 1741 ‘
774 1699 1219 1802 Hemouusuarbarus,
1234 1697 1480 1810 uir-alioquin
1503 1693 1758 1800 doctissimus,
1774 1694 1812 1778 in
1827 1722 1878 1779 eo
1894 1695 1943 1781 li-

492 1820 593 1926 bro,
617 1822 678 1906 cui
699 1819 853 1906 titulun
881 1814 968 1901 fecit
990 1816 1266 1924 Castigationes
1282 1821 1505 1917 Plinium,
1522 1838 1649 1897 aerum
1664 1812 1768 1926 apud
1791 1838 1949 1900 veteres

491 1937 593 2024 idem
620 1939 765 2054 signare
790 1936 936 2039 tradit,
964 1932 1074 2047 quod
1098 1960 1329 2035 numerum,
1357 1954 1512 2016 auctore
1525 1929 1698 2036 Lucilio,
1716 1928 1819 2042 cujus
1843 1931 1947 2017 haec

431 2075 456 2166 tf
493 2052 609 2143 verba
633 2056 793 2140 citantur
817 2051 989 2136 aNonio
1006 2048 1190 2136 Marcello
1214 2047 1513 2163 :Haec,i11quit
1530 2063 1617 2155 ,est
1639 2054 1765 2132 ratio:
1776 2065 1947 2155 perver-

415 2238 424 2252 .
492 2199 544 2255 sa.
562 2201 647 2256 aera
664 2199 815 2256 summa
833 2186 872 2254 et
897 2165 1080 2253 subducta
1105 2167 1296 2276 improbe:
1320 2167 1505 2281 atquein
1535 2195 1589 2251 eo
1620 2164 1810 2280 intellectu
1834 2169 1945 2250 Her-

492 2289 704 2375 molaus-id
720 2287 950 2376 vocabulum
982 2286 1032 2370 ab
1059 2284 1256 2400 astrologis
1280 2308 1368 2369 tum
1386 2282 1552 2389 latinis,
1575 2308 1660 2371 tum
1691 2285 1947 2370 eiiamGrae-

491 2408 542 2491 cis
556 2405 724 2523 usurpari
745 2407 898 2492 solinam
911 2431 1014 2508 esse,
1032 2399 1125 2486 falso
1138 2400 1340 2488 confirmat
1354 2430 1368 2504 ·,
1382 2402 1534 2518 ignarus
1548 2401 1722 2488 videlicet
1738 2402 1841 2486 hunc
1854 2404 1946 2487 bar·

491 2527 625 2612 barum
643 2553 788 2610 morem
811 2523 862 2611 ad
876 2545 1022 2606 ceteros
1052 2519 1263 2634 astrologos
1291 2547 1373 2604 non·
1388 2520 1532 2633 pridem
1548 2520 1597 2604 ab
1613 2519 1816 2632 Hispanis,
1836 2549 1940 2634 quo-

492 2671 577 2727 rum
594 2642 702 2727 multi
727 2643 767 2726 in
794 2668 842 2725 ea
856 2637 1027 2724 doctrina
1041 2635 1253 2720 claruerunt
1267 2696 1280 2740 ,
1296 2665 1501 2729 emanasse.
1526 2642 1628 2720 Nam
1646 2663 1851 2751 postquam
1867 2638 1946 2723 hu·

492 2756 549 2870 jus
575 2760 678 2846 vocis
704 2783 826 2862 aera,
857 2783 935 2870 qua
965 2752 1061 2838 ratio
1092 2751 1274 2868 temporis
1302 2753 1352 2837 ab
1384 2755 1549 2870 Augusti
1575 2752 1944 2868 principandum

315 2881 317 2884 ’
399 2884 404 2975 J
492 2877 696 2961 notabatur
712 2875 802 2980 ,vis
823 2869 1162 2990 coepitignorasi‚
1187 2867 1320 2955 eadem
1337 2895 1410 2975 ,ut
1436 2873 1558 2958 solent
1582 2899 1737 2957 exuno
1753 2872 1864 2958 multi
1884 2902 1946 2959 er·

491 3022 596 3079 rores
613 2992 801 3077 interdum
818 2989 987 3075 exsistere
1003 2988 1082 3091 ‚ad
1099 2987 1271 3103 quamvis
1292 3015 1481 3074 annorum
1498 2986 1716 3094 rationem,
1732 2990 1944 3076 undecum-

490 3137 568 3224 que
583 3110 811 3211 duceretur,
832 3136 856 3190 a
876 3105 1012 3191 nostris
1039 3105 1236 3222 astrologis
1264 3132 1322 3192 est
1342 3107 1519 3192 translata
1531 3106 1668 3212 ,turin
1684 3103 1831 3194 Alfonsi
1860 3112 1942 3194 Re-

490 3227 550 3342 gis.
572 3225 730 3310 Tabulis
754 3223 769 3338 (
783 3253 873 3308 nam
888 3223 948 3306 bic
964 3246 1019 3308 est
1042 3222 1170 3307 titsslus
1185 3223 1325 3337 libelli)
1345 3219 1486 3309 sactum
1509 3253 1586 3310 esse
1605 3224 1805 3331 videmus,
1829 3226 1942 3311 unde

489 3343 780 3456 potissimumin
802 3349 946 3427 ceteros
974 3339 1090 3425 libros
1110 3337 1352 3456 astrologicos
1384 3342 1553 3449 manavit
1584 3371 1719 3447 error,
1744 3369 1842 3428 cum.
1861 3372 1942 3428 nec

488 3461 724 3551 Ptolemaeus
741 3495 760 3565 ,¹
775 3485 820 3545 ut
830 3459 1012 3545 Barbarus
1026 3453 1283 3572 lalsoputavit
1298 3519 1310 3563 ,
1326 3486 1396 3542 nee
1411 3460 1527 3564 alius,
1552 3483 1596 3545 ut
1609 3459 1769 3547 arbitror
1782 3521 1795 3567 ,
1810 3464 1941 3546 Grae.

489 3576 637 3665 corum?
656 3579 856 3694 quisquam
884 3606 929 3662 ea
954 3604 1050 3662 voce
1078 3575 1130 3661 ad
1151 3588 1344 3661 annorum
1376 3577 1561 3664 rationem
1591 3576 1856 3665 declarandam
1889 3579 1943 3666 sit

487 3723 600 3783 usus:
628 3698 695 3783 sed
726 3724 796 3780 nec
817 3718 988 3780 veterum
1005 3693 1159 3806 quidem
1175 3695 1394 3780 Latinorum
1414 3693 1544 3810 aliquis
1558 3756 1571 3799 ,
1586 3695 1693 3807 cujus
1705 3696 1865 3811 quidem
1882 3697 1941 3783 lo·.

486 3840 553 3899 cus
573 3837 689 3900 exstet
707 3874 719 3917 ‚
735 3835 881 3927 praeter
896 3810 1080 3896 Lucilium
1096 3871 1111 3915 ,
1126 3811 1192 3923 qui
1217 3835 1345 3896 tamen
1370 3839 1455 3896 non-
1474 3813 1649 3927 proprie,
1665 3813 1731 3900 sed
1754 3812 1943 3931 figurate,

487 3955 607 4046 atque
629 3930 760 4044 plurali
788 3957 952 4013 numero
977 3955 1098 4032 aera,
1121 3926 1159 4012 id
1182 3953 1269 4034 est,
1296 3958 1472 4016 nummos
1485 3959 1505 4036 ‘,
1532 3931 1599 4045 qui
1623 3931 1764 4046 accepti
1787 3956 1856 4019 aut
1871 3961 1943 4020 ex-

486 4049 590 4163 pensi
615 4045 851 4151 refetantur,
880 4076 951 4160 pro
980 4057 1225 4131 nummorum
1253 4047 1400 4132 ratione
1427 4047 1507 4136 sive
1535 4078 1710 4136 numero,
1726 4049 1840 4154 dixit,
1857 4078 1945 4138 nec

485 4195 534 4250 eo
550 4165 669 4254 verbo
695 4167 745 4252 ad
767 4171 937 4253 'veterem
954 4192 1102 4248 morem
1122 4188 1161 4247 et
1185 4163 1470 4280 intelligentiam·
1482 4165 1740 4281 Hispanorum
1757 4192 1813 4253 est
1827 4198 1941 4256 usus.

484 4287 569 4368 Nec
593 4283 621 4367 si
646 4283 707 4367 vel
738 4285 897 4368 nraxime
925 4278 1050 4366 luisset
1066 4340 1081 4383 ,
1096 4281 1327 4394 gravioribus
1349 4283 1564 4371 hominibus
1593 4287 1742 4400 probari
1774 4313 1939 4400 posset,

482 4424 653 4486 vetustos
679 4398 761 4483 illos
785 4425 824 4484 et
852 4399 1155 4513 prudentissimos
1176 4400 1278 4485 viros
1305 4399 1524 4515 Hispanos,
1550 4428 1642 4488 tunc
1669 4431 1758 4488 cum
1786 4407 1938 4490 Roma·

480 4545 570 4603 nam
601 4515 768 4631 linguam
793 4517 1047 4630 incorruptam
1073 4515 1300 4622 retinerent,
1329 4543 1384 4606 ac,
1402 4518 1542 4605 sincere
1572 4520 1849 4638 loquerentur,
1867 4549 1937 4606 ae·

479 4663 562 4720 ram
585 4662 779 4748 usurpasse
810 4642 1064 4748 pro'numero
1081 4660 1148 4736 3et
1172 4664 1247 4749 pro
1271 4634 1323 4720 rei
1339 4634 1611 4752 vulgatissimae
1639 4666 1736 4727 nota
1759 4639 1934 4730 insolens

479 4779 518 4842 et
539 4752 753 4842 obsoletum
772 4751 929 4865 verbum
944 4812 957 4859 ,
972 4751 1112 4839 omisso
1125 4752 1283 4874 proprio
1301 4778 1341 4845 et
1355 4752 1559 4849 'notissimo
1575 4757 1931 4877 ,inquotidianam

1821 4908 1929 4968 con-

299 1791 479 1848 ennam
