4192 5880
1277 229 1314 297 s

455 362 592 434 nnc.
630 357 1046 434 ιιιοιιιιοιιι
1080 362 1189 434 ιιι.
1223 361 1277 434 ιι
1534 384 1576 457 39

140 470 303 610 „capite
320 551 333 598 ,
349 487 464 580 vestri
488 485 836 576 laboriscettissima
858 485 1022 601 praemia
1036 489 1202 603 capturi.
1236 486 1386 589 Quibus
1404 489 1505 576 enim
1528 490 1603 580 hoc

142 610 423 722 „sacratissimo
452 608 592 724 praelio
608 630 789 721 oppetere
814 604 1038 722 continget,
1057 607 1095 691 hi
1110 633 1260 723 paratos
1277 608 1472 694 habebunt
1488 640 1597 728 ange

142 792 166 840 „
185 732 240 816 los
267 729 363 836 Dei,
385 728 470 863 qui
479 727 590 842 ipsius
621 724 778 809 militum
806 722 935 809 beatas
967 723 1108 811 animas
1123 755 1211 811 cum
1241 725 1405 861 gloriosis
1438 729 1604 843 martyrii

144 912 171 956 „
192 849 340 934 coronis
358 845 567 961 excipiant.
584 843 758 959 quivero
775 871 925 958 pugnae
942 841 1102 930 victores
1134 844 1381 978 superlucrint
1398 908 1410 952 ,
1426 877 1498 962 pro
1533 847 1605 933 suis

140 966 340 1083 „quidem
361 965 521 1100 quisque
556 958 780 1048 facinoribus
809 959 941 1067 editis,
957 990 1056 1076 quae
1084 961 1198 1053 latere
1231 962 1381 1046 minime
1414 990 1601 1077 possunt,

138 1145 167 1192 „
183 1085 301 1202 digna
317 1084 479 1200 praemia
504 1080 729 1215 reportabit:
757 1079 933 1165 omnibus
961 1104 1090 1166 tamen
1111 1081 1188 1168 sine
1222 1078 1427 1166 discrimine
1446 1111 1517 1198 pro
1532 1084 1604 1169 hac

140 1263 167 1311 „
185 1203 343 1291 victoria
372 1202 510 1316 duplex
525 1198 672 1284 militiae
685 1197 863 1314 polliceor
892 1197 1129 1313 stipendium.
1135 1205 1162 1250 “

199 1323 300 1406 XIH.
360 1320 433 1406 Sed
466 1347 535 1402 nec
548 1317 734 1402 Galeotus
750 1313 994 1403 Malatesta
985 1346 1024 1400 ιι
1050 1316 1294 1404 cohortandis
1325 1318 1497 1406 tribubus
1529 1319 1596 1406 sibi

140 1433 259 1525 deluit
274 1464 418 1551 ,quem
442 1435 699 1548 hujuscemodi
719 1434 888 1520 habuisse
920 1434 1133 1520 orationem
1157 1436 1391 1550 accepimus:
1382 1498 1436 1544 .,‚
1450 1437 1641 1572 Capta-M
1614 1462 1792 1517 trema„

141 1614 169 1662 „
182 1578 261 1639 tam
277 1554 350 1667 jam
367 1553 510 1668 pridem
528 1553 635 1638 nobis
651 1550 867 1637 facultatem
884 1551 1067 1657 ,milites,
1083 1554 1293 1638 cumhoste
1324 1581 1457 1670 aperto
1473 1559 1602 1645 Marte
1614 1522 1770 1577 M’²¹“⁰’‘³‘

141 1732 167 1782 „
182 1672 406 1758 decernendi
423 1733 434 1774 ,
452 1700 501 1756 en
518 1671 619 1757 ultro
645 1671 759 1757 hodie
792 1670 916 1756 nescio
931 1699 1030 1785 quae
1052 1670 1157 1756 bona
1178 1665 1330 1757 fortuna
1364 1674 1487 1759 attulit
1513 1704 1597 1765 non

141 1788 422 1904 „sperantibus
447 1790 575 1875 Video
598 1789 699 1873 enim
715 1789 854 1894 hostes,
870 1788 1007 1873 educta
1021 1789 1098 1874 acie
1111 1851 1127 1921 .’
1143 1820 1312 1923 pugnam
1327 1818 1512 1903 capessere
1528 1824 1593 1908 pa·

144 1968 171 2015 „
184 1931 308 1993 ratos:
327 1936 445 2041 quam
469 1935 556 1992 cum
573 1907 664 2011 diu,
700 1906 807 1992 nobis
829 1906 1118 2020 poscentibus,
1111 1908 1241 2021 punctis
1268 1906 1406 1993 viribus
1429 1910 1501 1994 suis
1529 1934 1597 1998 to·

142 2050 324 2159 „toque
325 2025 486 2110 exercitu
503 2025 659 2138 turpiter
691 2023 1001 2129 detrectaverint,
1018 2050 1162 2110 certum
1190 2024 1343 2128 habeo,
1361 2053 1463 2112 nunc
1488 2029 1599 2143 parti·

143 2202 168 2249 „
182 2143 226 2227 ιιι
241 2142 384 2256 copiis,
403 2142 649 2247 necessitatis,
686 2172 767 2227 non
795 2142 1006 2227 animorum
1030 2143 1106 2228 hoc
1128 2171 1206 2227 esse
1220 2087 1434 2228 consilium.
1467 2149 1598 2261 Atque

144 2261 360 2397 „equidem
376 2289 460 2346 mea
476 2260 658 2347 sententia
673 2259 884 2346 institutum
908 2260 1036 2365 ducis,
1055 2290 1082 2346 ιι
1072 2259 1254 2346 militum
1270 2261 1414 2347 animos
1440 2264 1597 2352 haberet

141 2369 482 2485 „consentIentes,
501 2408 581 2465 non
595 2404 688 2465 esset
717 2380 928 2464 admodum
944 2320 1260 2514 impiobandum,
1282 2380 1348 2513 qui
1375 2408 1464 2465 cum
1489 2380 1594 2469 locus

143 2556 170 2602 „
186 2492 381 2614 effiagii
333 2526 455 2582 manus
488 2496 614 2582 adesse
629 2497 808 2613 intelligat
827 2558 839 2602 ,
855 2525 935 2612 quo
952 2526 991 2582 se
1006 2521 1093 2582 tuto
1112 2497 1227 2631 possit
1241 2497 1429 2631 recipere,
1449 2501 1595 2586 mavult

143 2644 298 2719 „suum
326 2615 526 2700 exercitum
555 2614 899 2730 quantulacumque
930 2645 995 2729 spe
1026 2639 1168 2748 praeter
1190 2614 1434 2731 ignominiam
1466 2616 1593 2728 vinci,

143 2791 169 2838 ,‚
186 2760 304 2846 quam
317 2731 411 2818 inter
436 2730 567 2849 fugam
582 2757 621 2818 et
636 2730 920 2846 trepidationem
950 2732 1106 2847 turpiter
1121 2732 1265 2817 occidi:
1289 2732 1354 2817 sed
1368 2762 1500 2845 parum
1515 2735 1591 2819 ani·

144 2909 171 2954 „
185 2848 386 2938 madvettit
402 2909 416 2955 ,
431 2878 512 2965 quo
538 2879 676 2968 genere
709 2848 867 2935 militum
882 2911 894 2954 ,
912 2874 950 2936 et
966 2874 1100 2935 contra
1115 2881 1214 2984 quos
1247 2847 1497 2934 difficillimam
1518 2882 1593 2963 pu·

144 3026 170 3074 „
182 2994 337 3083 gnam
314 2969 358 3053 sit
377 2967 553 3053 initurus
585 2972 793 3082 Opponere
823 2966 975 3052 molitur
1002 2967 1246 3053 mercenarios
1278 2967 1437 3072 milites,
1463 2968 1593 3057 milites

143 3144 170 3189 „
183 3112 336 3191 autern,
352 3086 469 3173 immo
484 3115 577 3173 veto
608 3086 797 3172 latronum
818 3085 1016 3172 colluviem
1032 3146 1044 3190 ,
1060 3087 1127 3200 qui
1154 3084 1255 3169 nulla
1271 3083 1388 3200 gloria
1417 3087 1582 3195 accensi,

145 3204 313 3309 „,nulla
346 3202 606 3318 praeterquam
638 3204 798 3318 praedae
829 3227 895 3287 aut
921 3202 1097 3288 mercedis
1128 3232 1193 3316 spe
1223 3201 1352 3307 ducti,
1372 3202 1510 3288 bellum
1528 3234 1595 3321 ge

146 3378 173 3423 ‚,
186 3345 298 3406 runt
290 3380 301 3422 ,
317 3320 383 3435 qui
401 3349 488 3406 cum
510 3348 634 3434 neque
649 3350 720 3435 pro
742 3349 808 3407 sua
823 3320 1029 3436 dignitate,
1046 3348 1115 3404 nec
1141 3348 1243 3453 pron
1224 3319 1389 3404 libertate
1401 3321 1593 3434 patriadi·

138 3439 319 3543 „micare
334 3448 544 3574 cogantur,
561 3439 735 3526 deserunt
750 3437 873 3552 potius
897 3438 1015 3555 signa,
1031 3466 1163 3552 quam,
1179 3436 1247 3522 nisi
1273 3437 1502 3551 exploratam
1525 3438 1587 3525 ha·

85 3570 86 3573 ‘
146 3557 384 3667 „buerint
348 3558 573 3662 victoriam,
589 3556 708 3640 ullum
725 3556 859 3640 Martis
882 3555 1075 3640 discrimen
1108 3555 1284 3640 sustinere
1298 3554 1479 3641 inducant
1511 3557 1592 3640 ani-

148 3731 174 3777 „
189 3703 287 3758 mos
320 3678 411 3760 Hoc
425 3704 574 3792 genus,
589 3674 768 3791 inquam,
786 3673 943 3758 militum
967 3672 1132 3758 educit
1123 3703 1162 3757 ιιι
1194 3671 1310 3757 aciem
1334 3697 1466 3757 contra
1498 3703 1568 3758 vos
1575 3736 1589 3783 ,

144 3850 176 3896 „
191 3792 325 3905 quibus
340 3792 483 3878 utinam
504 3821 575 3907 pro
590 3791 864 3910 gloriatanmm
880 3817 919 3875 et
934 3791 1096 3895 decore,
1116 3819 1196 3876 non
1217 3792 1327 3875 etiam
1342 3819 1412 3902 pro
1437 3789 1611 3903 opibus,¹

147 3937 261 4022 „pro
287 3909 478 4014 libertate,
494 3939 565 4025 pro
596 3909 712 3996 salute
742 3933 831 3994 ante
865 3908 1016 3994 moenia
1030 3932 1152 3993 vestra
1192 3935 1286 3992 esset
1319 3906 1590 3994 dimicandum.

145 4086 171 4132 „
186 4031 270 4112 Nec
304 4029 403 4114 enim
432 4029 574 4135 timeo,
591 4056 639 4115 ne
669 4027 776 4114 nobis
794 4027 886 4141 ,qui
923 4050 1066 4114 vestrae
1101 4024 1275 4112 libertatis
1309 4024 1421 4111 duces
1449 4055 1596 4133 sumus,

146 4204 175 4250 „
189 4143 327 4252 standi,
343 4173 410 4233 aur
425 4147 534 4234 vobis
550 4146 664 4234 errori
681 4146 740 4251 sit,
757 4145 892 4261 quod
883 4175 920 4229 ιι
938 4170 1104 4230 nostram
1118 4143 1296 4230 invidiam
1312 4143 1468 4229 callida
1458 4174 1596 4257 rmpro-

149 4321 176 4367 „
188 4263 305 4351 bitate
335 4265 586 4383 excogitavit,
604 4265 790 4379 jactatque
807 4290 976 4351 versutus
994 4263 1108 4350 hostis
1124 4263 1244 4369 ,dum
1271 4261 1378 4347 nobis
1395 4259 1600 4376 tyrannidis

145 4439 173 4487 „
186 4407 326 4465 nomen
345 4385 533 4499 objectat,
549 4384 635 4499 qui,
653 4383 760 4470 vobis
776 4383 986 4470 volentibus
1002 4408 1118 4497 arque
1140 4382 1238 4467 adeo
1254 4408 1396 4497 magno
1414 4405 1599 4465 consensu

146 4557 173 4603 „
188 4499 424 4610 petentibus,
440 4526 647 4590 vestratum
679 4501 873 4587 civitatum
899 4500 1163 4635 patrocinium
1176 4526 1308 4586 contra
1340 4498 1599 4611 improborum

11 4607 81 4643 'V'
149 4675 175 4720 „
192 4615 394 4700 hominum
425 4620 617 4706 avaritiam
648 4645 835 4735 notasque
855 4616 1003 4705 fraudes
1027 4617 1276 4734 suscepimus,
1305 4639 1436 4702 contra
1464 4643 1598 4703 eorum

145 4732 294 4839 „dolos
318 4759 357 4819 et
385 4737 691 4851 compilationes,
723 4767 820 4872 quos
850 4737 1057 4856 religionis,
1077 4766 1203 4853 quam
1233 4734 1339 4821 omni
1367 4720 1600 4848 turpitudine
1721 4833 1724 4837 ⁴

146 4911 171 4956 a
185 4849 412 4999 Ρῐθιιῦὃῠῑ,
448 4853 615 4972 specioso
648 4857 801 4945 nomme
831 4887 914 4949 suas
944 4855 1069 4946 sordes
1095 4880 1136 4943 et
1164 4852 1297 4944 scelera
1322 4876 1595 4971 praetexentes,

1476 4995 1601 5077 „non
