4050 5858
481 422 556 501 228
962 424 1398 498 DEMOCRATES

462 547 510 635 tis
500 541 652 682 legatis
667 563 712 628 'ac
738 534 896 633 ducibus
921 572 1030 649 suam
1043 573 1199 660 operam
1216 574 1297 632 non
1318 546 1460 681 ignave
1486 537 1642 630 multis
1632 570 1672 628 ιο
1696 534 1800 627 bellis
1818 569 1914 658 prae

465 664 621 752 stiterit:
647 665 756 781 quod
788 664 878 751 mibi
905 665 1065 751 arbitror
1097 663 1269 751 accidisse
1283 727 1296 771 ,
1312 664 1381 780 qui
1406 663 1476 748 sub
1502 659 1677 748 Gonsalo
1689 662 1845 776 Magno
1861 687 1931 778 ty·

466 782 649 871 rocinium
674 783 858 898 deposui,
887 813 957 895 nec
979 785 1028 868 ab
1044 811 1093 868 eo
1115 808 1287 896 tempore
1302 782 1444 868 bellum
1467 779 1585 865 ullum
1614 779 1663 863 ab
1678 777 1856 893 Hispanis
1872 808 1929 868 est

357 970 359 973 ·
467 901 509 988 in
526 900 630 986 ltalia
650 928 798 1018 gestum
815 963 828 1010 ,
845 904 906 987 cui
926 906 1001 1019 ego
1025 931 1106 987 non
1137 897 1365 988 interfuerim
1384 963 1397 1007 ,
1413 922 1452 984 et
1469 927 1593 984 meam
1609 897 1753 985 virilem
1767 927 1926 1012 operam

469 1019 705 1137 navaverim.

308 1131 317 1138 ⁸
532 1143 593 1222 Ill.
652 1137 765 1223 Leon.
797 1143 923 1224 latum
947 1167 969 1224 e
997 1138 1125 1224 uidem
1161 1138 1358 1244 animum,
1377 1126 1561 1273 Allonse,
1591 1157 1631 1222 et
1657 1087 1776 1221 laudo
1792 1160 1923 1223 etam·

471 1255 648 1389 plector,
675 1257 740 1372 qui
768 1256 910 1341 nullam
941 1167 1054 1342 ollficii
1083 1257 1260 1350 sustineat
1287 1255 1594 1341 intermissionem
1621 1248 1770 1360 facere,
1800 1256 1867 1341 sed
1881 1281 1921 1342 te

474 1372 545 1459 ista
570 1403 660 1460 cura
678 1373 984 1490 solicitudineque
1006 1375 1150 1460 libero.
1174 1374 1268 1458 Heri
1283 1374 1384 1459 enim
1408 1371 1549 1486 vesperi
1568 1402 1592 1454 a
1612 1314 1808 1456 Pannoriia
1823 1373 1921 1490 Hip

282 1544 466 1652 „mmm
472 1491 601 1605 polyti
614 1492 770 1578 Medicis
799 1492 912 1608 legati
937 1491 1081 1578 litterae
1106 1517 1193 1578 sunt
1216 1489 1389 1603 Pontifici
1416 1490 1612 1604 redditae,
1638 1489 1772 1604 quibus
1800 1484 1922 1576 hostis

284 1607 466 1724 333333
482 1610 696 1729 nuntiatur,
713 1638 793 1694 non
806 1635 1022 1725 exspectato
1038 1602 1197 1745 praelio,
1217 1610 1429 1726 perterritus
1445 1595 1648 1723 aufugisse.
1670 1609 1759 1690 Αιι.
1775 1607 1923 1694 Miran-

284 1739 362 1840 333
385 1737 465 1776 “¹¹²
480 1728 530 1813 da
558 1756 709 1834 narras,
725 1755 765 1815 et
784 1728 897 1814 nullis
928 1753 1017 1812 ante
1041 1727 1191 1812 saeculis
1216 1727 1372 1833 audita,
1387 1750 1466 1812 tam
1491 1727 1683 1842 ingentem
1706 1723 1923 1833 exercitum,

505 1875 545 1932 ur
575 1846 635 1932 vel
666 1790 749 1931 olbi
780 1846 956 1933 universo
988 1842 1246 1931 formidandus
1277 1874 1356 1931 esse
1359 1789 1607 1946 'videbatur,
1640 1840 1747 1928 nullo
1779 1843 1922 1956 praelio

477 1874 671 2048 ἓοιιιιιιιιιι
696 1988 920 2078 expertum,
936 1953 1049 2098 longe
1067 1963 1301 2078 paucioribus
1324 1963 1521 2047 cedentem
1546 1904 1783 2098 colafugbse
1810 1965 1921 2047 Cere

476 2107 565 2165 rum
581 2080 685 2196 quis
681 2081 753 2165 tibi
777 2081 886 2194 hujus
915 2081 1036 2166 nuntii
1060 2091 1303 2166 auctorest?
1330 2082 1475 2165 Vereor
1499 2079 1631 2183 enim,
1656 2077 1801 2192 nequis
1828 2079 1924 2163 auli»

407 2224 410 2230 ¹
473 2223 639 2315 corum,
656 2222 699 2282 ut
721 2223 812 2283 sunt
835 2220 967 2283 eorum
991 2198 1155 2315 plerique
1183 2197 1335 2304 nasuti,
1350 2197 1418 2284 tibi
1444 2196 1587 2282 bomini
1604 2199 1827 2300 Germano,
1842 2197 1925 2283 avi·

471 2310 563 2400 >dius
589 2313 741 2404 fortasse
765 2316 813 2401 de
844 2319 954 2402 rebus
979 2316 1088 2404 novis
1117 2316 1368 2432 perquirenti,
1413 2315 1494 2401 uod
1527 2342 1757 2430 magnopere
1788 2338 1905 2400 recu

479 2461 569 2545 pere
600 2433 854 2550 intelligebat,
883 2434 922 2518 id
951 2463 1024 2548 pro
1055 2457 1160 2520 certo
1192 2434 1323 2520 ludens
1356 2345 1622 2518 afirmaverit
1665 2437 1777 2517 Laon.
1804 2361 1926 2518 Nosti

478 2553 773 2685 Democratem,
791 2556 981 2636 Graecum
1006 2551 1196 2639 hominem
1214 2552 1307 2656 ,sed
1330 2580 1354 2634 a
1376 2550 1531 2668 pueritia
1556 2547 1797 2636 educatum
1788 2578 1826 2633 ιιι
1851 2554 1924 2635 lta-

350 2773 351 2783 .
478 2665 555 2771 lia,
575 2669 861 2784 propinquum,
877 2692 921 2755 ut
946 2668 1088 2773 audio,
1106 2667 1339 2753 Demetrii
1308 2698 1413 2780 ejus,
1433 2699 1499 2784 qur
1488 2668 1779 2782 Peloponneso
1802 2667 1924 2752 domi·

349 2785 351 2789 ’
400 2782 401 2787 ‘
480 2784 677 2869 trabatur?
695 2791 780 2872 Αιι.
799 2792 887 2902 Ego
915 2814 1007 2874 vero
1016 2785 1140 2920 ‘ipsius
1164 2786 1434 2873 consuetudine
1467 2786 1532 2870 diu
1558 2815 1641 2870 sum
1667 2784 1815 2870 militiae
1844 2814 1925 2898 per·

475 2900 713 3017 libenterque
736 2933 843 2989 usus.
874 2909 943 2989 Est
959 2902 1065 2987 enim
1090 2933 1170 2989 non
1198 2904 1319 2989 solum
1346 2902 1581 3019 philosophia
1596 2931 1640 2987 ac
1660 2900 1788 2988 litteris
1801 2906 1923 2988 Grae·

480 3019 532 3104 cis
565 3021 779 3155 Latinisque
802 3020 1040 3155 populine,
1047 3023 1113 3107 sed
1140 3021 1252 3105 etiam
1277 3022 1329 3105 rei
1353 3021 1513 3106 militaris
1531 3050 1676 3135 ,quam
1700 3021 1820 3136 longo
1851 3050 1923 3106 usu

482 3135 648 3243 didicit,
677 3137 933 3250 peritissimus.
972 3143 1082 3223 Leon.
1113 3138 1265 3222 Ismihi
1300 3138 1454 3225 modo
1445 3168 1482 3222 ιιι
1505 3134 1723 3243 Pontificis,
1749 3140 1854 3225 unde
1887 3167 1925 3224 e·

474 3253 760 3368 grediebatur,
772 3254 941 3342 conclavi
972 3257 1025 3340 rei
1056 3284 1241 3341 summam
1272 3258 1460 3371 exposuit.
1493 3261 1595 3341 Nam
1626 3278 1664 3340 et
1693 3255 1802 3341 nobis
1833 3255 1924 3341 olim

472 3397 528 3456 ex
551 3402 632 3486 quo
663 3400 739 3471 una
765 3374 802 3458 in
827 3375 1023 3492 gymnasio
1048 3373 1231 3470 Patavino
1258 3375 1513 3464 adolescentes
1544 3372 1919 3490 philosophabamur,

479 3485 731 3599 familiaritas,
758 3522 827 3579 nec
851 3523 895 3579 ea
923 3492 1113 3611 vulgaris,
1135 3493 1362 3581 intercedit.
1388 3498 1479 3581 Αιι.
1502 3498 1565 3580 An
1581 3499 1827 3578 Democrates
1854 3522 1923 3577 no-

476 3607 536 3693 bis
559 3553 751 3697 advolavit
771 3602 1028 3717 aPannonia,
1055 3635 1136 3726 quo
1162 3638 1280 3726 nuper
1304 3613 1424 3726 ipsum
1449 3640 1495 3698 ex
1498 3605 1694 3734 Cisalpina
1708 3610 1833 3697 Gallia
1848 3639 1926 3725 per·

480 3725 654 3832 venisse,
665 3728 921 3845 Hispanorum
944 3729 1151 3813 exercitum
1169 3754 1389 3816 veteranum
1411 3754 1579 3816 securum
1593 3790 1606 3836 ,
1622 3729 1677 3814 his
1701 3728 1827 3843 paucis
1843 3728 1926 3813 die'-

481 3840 552 3928 bus
576 3840 694 3930 factus
726 3876 808 3930 sum
843 3846 966 3932 litteris
999 3845 1205 3932 amicorum
1228 3847 1393 3933 certior?
1424 3854 1548 3934 Leon.
1588 3845 1796 3933 Advolavit
1826 3844 1928 3929 scili·

342 3980 344 3988 '
481 3984 542 4044 cet
558 4020 572 4065 ,
590 3991 654 4076 per
669 3988 788 4079 equos
814 3965 914 4049 enim
942 3963 1137 4078 dispositos
1159 3984 1248 4048 cum
1276 3993 1326 4052 eo
1341 4025 1355 4072 ,
1369 3965 1434 4081 qui
1453 4027 1464 4071 ,
1480 3987 1574 4082 quas
1602 3963 1722 4050 modo
1740 3962 1843 4065 dixi,
1858 3960 1923 4048 lit·

470 4100 577 4163 *teras
605 4082 758 4186 atntlit,
787 4081 982 4168 celerrimo
1006 4110 1117 4175 cursu
1136 4078 1308 4166 delatus
1320 4083 1519 4198 pervenit,
1537 4083 1773 4168 Clementem
1805 4083 1925 4168 Pont.

481 4194 591 4281 Max.
612 4192 882 4285 adhortatorias
901 4259 918 4306 ,
930 4226 974 4303 ut
992 4229 1112 4313 opem
1130 4262 1142 4306 ,
1160 4228 1237 4313 qua
1267 4200 1306 4284 in
1339 4201 1415 4286 hoc
1445 4226 1629 4316 apparatu
1656 4200 1927 4285 Caesarianum

470 4315 682 4399 vexercitum
712 4316 905 4404 liberaliter
936 4318 1131 4435 juvabat,
1150 4313 1397 4403 transferat
1388 4346 1426 4403 ιιι
1458 4317 1597 4404 bellum
1630 4317 1929 4432 Peloponnesia·

471 4455 595 4548 cum.
614 4433 712 4531 Illuc
743 4435 843 4551 enim
871 4460 1100 4564 properat
1078 4440 1353 4543 Democrates,
1383 4436 1411 4520 si
1443 4464 1560 4551 quam
1586 4462 1700 4570 opem
1724 4439 1788 4522 vel
1815 4432 1930 4519 indu

469 4542 596 4654 stria,
614 4548 675 4638 vel
694 4552 918 4638 auctoritate
952 4585 1017 4637 sua
1049 4554 1166 4667 possit
1189 4553 1321 4638 nostris
1346 4551 1484 4638 afferre
1502 4551 1756 4688 ,quilfugata
1779 4558 1930 4638 Turca·

282 4661 487 4778 ,ῑξῖ3“ἷ.ἒ,ξ··’
481 4683 566 4751 rum
585 4669 748 4754 maxima
761 4670 873 4754 classe
889 4731 901 4777 ,
918 4695 957 4755 et
963 4675 1136 4756 Corone
1156 4671 1303 4784 oppido
1309 4616 1566 4803 Peloponrlesi
1592 4671 1780 4758 maritimo
1809 4694 1926 4784 expu
1983 4704 1985 4709 ·

282 4780 390 4898 3333
393 4793 472 4888 ,⁰³2
481 4812 629 4908 girato,
645 4788 742 4874 duce
759 4790 916 4873 Andrea
931 4789 1075 4893 Doria,
1092 4788 1214 4873 multo
1245 4787 1387 4909 majora
1418 4787 1648 4886 moliuntur.
1673 4788 1767 4902 quin
1800 4787 1932 4902 ipsum

278 4899 474 5009 ἔξω*
457 4904 749 5067 Democratem
777 4906 907 5024 aspice
920 4907 973 5079 ad
998 4936 1068 4993 nos
1084 4905 1298 4996 venientem
1315 4937 1365 5014 ,a
1385 4936 1466 5023 quo
1489 4906 1629 5026 poteris
1654 4906 1821 4997 exactius
1836 4934 1930 4992 cun·

1865 5049 1936 5114 cta
