4192 5880
573 367 622 463 48
954 359 1173 441 RERUM
1213 357 1560 439 GESTARUM
1978 447 1979 451 Ἰ

547 496 644 589 ditio
668 494 826 587 offertut
841 489 1029 597 Alfonso‚
1058 487 1088 574 si
1112 485 1321 606 octingenti
1353 488 1481 579 ducati
1509 490 1575 578 sibi
1607 487 1879 609 Conferamus,
1895 502 2010 622 oppi-

547 623 642 708 dum
659 648 735 706 sese
752 617 818 734 ipsi
833 612 1056 702 tradituros.
1084 607 1202 694 Simul
1216 609 1328 725 igitur
1343 634 1383 696 et
1401 611 1450 697 de
1475 616 1742 730 oppugnando
1759 621 1985 710 Modianam
1994 686 2011 734 ,

547 765 587 826 et
615 741 664 827 de
688 735 853 824 emendo
873 735 1014 818 Monte
1028 727 1140 814 Velio
1172 729 1222 814 ad
1238 728 1441 846 Aegidium
1473 728 1632 838 reterre,
1651 736 1761 821 satius
1786 765 1841 826 est
1870 742 2006 832 visum.

506 900 507 907 Ν
545 859 627 954 Qui
644 855 837 972 respondit
856 884 864 937 :
881 913 912 958 ‚‚
926 854 1010 934 Nec
1031 876 1108 934 csse
1124 870 1272 962 tempus
1290 850 1565 934 conterendum
1583 851 1622 935 in
1638 858 1924 973 oppugnatione
1939 893 2008 980 op·

543 1039 571 1086 „
585 975 699 1094 piduli
714 1038 725 1080 ,
742 975 851 1091 quod
876 972 915 1055 in
930 974 1029 1054 Poro
1046 964 1140 1052 Livii
1166 991 1292 1080 posset
1317 968 1522 1085 expugnari
1537 1028 1550 1073 ,
1566 997 1636 1055 nec
1657 971 1696 1056 in
1720 977 1859 1063 venalis
1876 982 2008 1098 oppidi

544 1095 796 1204 „emtionem
830 1088 1025 1222 pecuniam
1053 1081 1397 1202 profundendum,
1430 1086 1570 1203 quippe
1595 1091 1736 1206 oppida
1767 1099 1925 1210 pecunia
1950 1097 2008 1187 fa·

542 1216 651 1322 „cile
676 1239 783 1328 parta
797 1273 810 1318 ,
826 1208 929 1294 lacile
961 1205 1120 1324 pecunia
1148 1203 1269 1289 amitti
1291 1203 1431 1290 solere.
1468 1212 1565 1290 Eam
1588 1235 1717 1296 curam
1747 1213 2004 1328 deponerent,

542 1358 622 1439 „er
636 1335 765 1418 relicto
780 1328 948 1416 Galeoto
977 1354 1065 1409 cum
1084 1349 1189 1439 parte
1205 1318 1398 1410 confectae
1424 1354 1583 1432 manus,
1604 1328 1654 1413 ad
1670 1332 1892 1445 praesidium
1916 1367 2008 1451 par·

545 1511 572 1556 „
587 1477 716 1538 torum
729 1449 984 1566 oppidorum3
1002 1438 1179 1528 Alfonsus
1201 1470 1290 1526 cum
1309 1441 1455 1558 reliquis
1471 1444 1645 1532 militibus
1661 1447 1712 1532 ad
1728 1449 1901 1538 blascum
1916 1486 2007 1570 pro.

544 1629 572 1677 „
588 1593 745 1685 peraret.
756 1577 782 1619 “
815 1564 938 1661 Quod
953 1590 1002 1648 eo
1017 1561 1173 1647 oonsilio
1199 1559 1277 1651 heri
1297 1561 1418 1649 voluit
1433 1563 1636 1679 Aegidius,
1653 1594 1734 1681 quo
1767 1598 1877 1683 supra
1911 1601 2005 1660 evo·

544 1716 644 1775 casse
666 1685 845 1804 praesidia
862 1683 1046 1786 diximus,
1062 1707 1150 1763 cum
1173 1677 1268 1765 inter
1292 1679 1416 1796 ipsum
1436 1705 1475 1771 et
1490 1686 1704 1769 Germanos
1733 1685 1783 1772 de
1812 1688 2006 1777 conditio-

545 1807 654 1893 nibus
687 1807 786 1923 pacis
810 1833 944 1919 parum
974 1798 1214 1886 conveniret.
1248 1801 1352 1883 Nam
1368 1799 1520 1886 societas
1541 1801 1773 1915 perditorum
1801 1806 2002 1898 hominum

338 2002 344 2013 .
545 1925 707 2014 colluvie
730 1925 918 2010 crescebat
949 1920 989 2002 in
1022 1918 1125 2024 dies,
1152 1941 1192 2002 et
1221 1941 1472 2032 tyrannorum
1500 1919 1629 2005 stuciis
1655 1917 1897 2011 efferebatur.
1927 1926 2003 2017 Sed

349 2078 533 2145 omanorum
548 2045 703 2130 tandem
736 2071 851 2128 aucto
876 2037 1119 2125 ecclesiastico
1144 2037 1306 2122 exercitu
1322 2097 1335 2143 ,
1350 2037 1388 2122 in
1404 2037 1499 2124 haec
1527 2062 1636 2155 pacta
1657 2041 1818 2158 Aegidio
1853 2067 2005 2160 petente

352 2132 533 2251 {didimi
549 2163 823 2249 descenderunt
844 2192 854 2245 :
877 2182 922 2243 ut
946 2156 1022 2270 ipsc
1049 2155 1219 2270 quinque
1233 2156 1344 2241 milia
1368 2155 1595 2243 ducatorrrm
1610 2159 1809 2246 Germanis
1825 2189 2004 2249 numera-

548 2307 631 2385 ret3
647 2282 693 2366 illi
723 2309 817 2368 vero
838 2279 930 2364 citra
950 2273 1219 2361 duodecinum
1242 2273 1342 2360 diem
1358 2272 1449 2361 fines
1467 2274 1727 2363 ecclesiasticos
1756 2303 2005 2395 temperantes

547 2397 767 2487 amalehcio
782 2396 1017 2498 excederent,
1034 2420 1105 2477 nec
1120 2416 1208 2477 ante
1223 2421 1286 2479 sex
1301 2422 1445 2480 menses
1459 2394 1620 2510 cuipiam
1636 2423 1684 2480 ex
1701 2395 1869 2483 hostibus
1887 2398 2004 2486 eccle·

547 2520 620 2605 siae
631 2546 872 2635 quacumque
889 2513 1031 2600 ratione
1046 2509 1181 2597 auxilio
1195 2536 1330 2615 essent;
1346 2540 1390 2597 ac
1403 2515 1452 2598 de
1468 2508 1621 2598 foedere
1636 2541 1717 2597 non
1728 2515 1921 2623 violando,
1935 2518 2004 2605 de·

545 2638 671 2754 positis
687 2638 817 2725 decem
849 2635 1075 2720 ducatorum
1090 2629 1272 2735 millibus,
1288 2630 1553 2746 adjuratusque
1569 2634 1710 2717 Comes
1730 2634 1922 2722 Laudinus
1945 2665 2002 2722 ca

546 2783 672 2843 verer.
703 2754 853 2849 Quibus
869 2753 921 2838 ita
939 2747 1173 2852 constitutis,
1190 2747 1370 2834 Germani
1386 2748 1601 2835 Flaminiam
1618 2778 1744 2836 versus
1761 2750 2003 2869 proficiscun-

546 2898 608 2960 tur
624 2936 637 2980 ,
653 2873 900 2989 praecedente
926 2897 1016 2954 cum
1045 2867 1223 2952 sexcentis
1247 2867 1433 2982 equitibus
1448 2867 1605 2952 Perucio
1622 2870 1752 2982 Pepo‚
1775 2871 2005 2985 subsequen-

547 2989 764 3078 teAlfonso
793 3019 881 3075 curn
896 3012 1023 3074 cetero
1055 2985 1301 3070 ecclesiastico
1323 2985 1510 3090 exercitu,
1527 2985 1593 3100 qui
1617 2983 1715 3100 ipsos
1740 2987 1789 3073 ab
1811 2987 1941 3102 injuria
1965 3014 2006 3078 et

548 3109 730 3194 maleficio
744 3109 986 3225 prohiberent
1001 3166 1013 3210 ,
1031 3104 1155 3189 donec
1171 3101 1306 3189 finibus
1318 3102 1560 3189 ecclesiasticis
1581 3102 1824 3191 excessissent.
1853 3107 1951 3202 Quo
1963 3109 2005 3196 in

549 3228 677 3313 itinere
694 3232 834 3312 Comes
857 3223 1048 3311 Laudinus
1075 3249 1164 3305 cum
1195 3217 1355 3308 Allbnso
1374 3221 1615 3338 colloquutus
1641 3220 1837 3339 profitetur
1855 3285 1868 3327 ,
1887 3225 1915 3312 si
1941 3255 2003 3312 ae·

547 3377 628 3462 qua
644 3343 822 3432 offeratur
836 3340 1021 3444 conditio,
1037 3338 1275 3424 ecclesiastica
1293 3339 1475 3456 stipendia
1491 3339 1635 3424 mereti.
1665 3340 1787 3432 Quod
1802 3369 1891 3428 cunr
1906 3369 2001 3431 esset

549 3463 714 3581 Aegidio
738 3462 904 3550 delatum
918 3522 931 3568 ,
943 3487 1026 3547 non
1047 3457 1189 3544 censuit
1206 3455 1393 3574 flagitioso
1406 3483 1446 3546 et
1456 3482 1572 3546 notae
1585 3454 1760 3575 perfidiae
1779 3458 1922 3547 homini
1937 3461 2001 3548 ha·

549 3581 637 3669 bere
653 3581 780 3669 fidem.

358 3746 536 3809 Beuum.
611 3703 728 3788 XXV
729 3705 772 3785 11.
845 3703 905 3783 Ea
935 3725 1024 3783 cura
1046 3695 1226 3813 Aegidius
1255 3694 1397 3783 solutus
1425 3720 1551 3782 totum
1581 3693 1721 3782 bellum
1750 3697 1789 3783 in
1814 3697 2005 3813 Joamrem

358 3810 535 3922 ffl‘ffl'ffl'
550 3816 798 3905 Manfredum
814 3817 1023 3902 convertit:
1050 3841 1090 3900 et
1104 3815 1194 3931 quia
1208 3813 1358 3900 Blascus
1373 3815 1588 3901 Fernandus
1608 3815 1771 3903 Firmum
1803 3817 1923 3904 redire
1946 3841 2004 3904 at·

551 3965 628 4054 que
646 3968 691 4024 ca
708 3939 792 4024 loca
808 3936 922 4022 tutari
936 3935 1051 4047 jussus
1076 3930 1222 4038 fuerat,
1241 3929 1417 4019 Alfonsus
1429 3934 1639 4049 Episcopus
1663 3964 1751 4021 cum
1772 3936 1932 4020 exercitu
1952 3935 2007 4024 ad

356 4076 477 4186 sarcago
496 4077 537 4187 hp
550 4055 848 4174 oppugnandam
863 4052 1079 4140 Faventiam
1096 4050 1266 4137 mittimt.
1301 4049 1364 4135 llle
1381 4080 1487 4156 vero,
1503 4051 1684 4164 adjunctis
1705 4052 1772 4137 sibi
1786 4080 1872 4136 cum
1891 4052 2006 4140 milite

357 4155 443 4266 illl?
462 4151 501 4189 ’ω
551 4174 711 4260 auxiliari
727 4173 894 4259 Galeoto
912 4170 1112 4255 Malaresta
1135 4193 1174 4255 ct
1202 4167 1434 4255 bernardino
1449 4170 1663 4277 Poletano‚
1690 4169 1937 4256 Faventinum
1964 4200 2005 4255 a·
2034 4270 2035 4274 Ν

549 4323 660 4411 grum
679 4292 882 4408 populatus
905 4288 1048 4405 oppido
1072 4281 1224 4373 itsfestus
1253 4286 1379 4374 adest.
1414 4292 1466 4374 At
1482 4289 1649 4400 Joanncs
1666 4284 1887 4375 Manfredus
1904 4351 1917 4394 ‚
1933 4289 2001 4405 qui

553 4441 624 4498 nec
647 4411 775 4497 animo
792 4405 977 4496 defecerat
995 4471 1008 4512 ,
1025 4431 1064 4493 et
1080 4435 1238 4492 numero
1261 4407 1419 4492 militum
1447 4406 1691 4513 abundabat,
1708 4405 1906 4524 indignum
1933 4408 2006 4493 du-

552 4531 605 4616 xit
637 4530 890 4645 inprospectu
905 4526 1004 4611 urbis
1019 4557 1130 4643 agros
1144 4527 1193 4612 ab
1217 4524 1326 4612 hoste
1343 4555 1381 4611 se
1397 4525 1549 4613 vidente
1576 4525 1638 4641 agi
1661 4522 1846 4641 ferrique,
1864 4551 1902 4610 et
1934 4558 2005 4642 op·

555 4649 685 4764 pidum
708 4648 783 4760 jam
813 4673 931 4761 prope
962 4645 1157 4731 obsidione
1181 4643 1302 4762 cingi3
1324 4673 1363 4731 se
1384 4672 1502 4750 vcro,
1519 4643 1622 4730 velut
1642 4645 1755 4730 muris
1775 4667 1923 4731 tantum
1955 4643 2005 4731 fi-

555 4767 735 4870 dentem,
754 4766 851 4850 intra
880 4763 1029 4850 moenia
1048 4763 1249 4849 contineri.
1285 4769 1392 4881 Ergo
1408 4762 1537 4848 milites
1557 4763 1731 4850 hortatus
1763 4765 1878 4848 aciem
1912 4764 2005 4850 edu·

555 4883 632 4996 cit,
649 4908 689 4975 et
705 4883 948 4973 ecclesiasticis
978 4910 1129 5002 pugnae
1157 4904 1384 4999 potestatem
1408 4879 1517 4973 lacit.
1547 4880 1725 4973 Alfonsus
1741 4910 1835 4974 vcro
1856 4883 2006 4970 hostem

576 5062 579 5069 ,
1784 5034 1786 5046 “
1952 5030 2008 5090 ex·
