4006 5850
445 425 449 434 .
520 394 593 461 454
876 377 942 445 or
966 373 1086 450 mro
1110 375 1242 448 uuor
1270 378 1345 447 ET.
1369 378 1566 450 orsmtts.

500 497 632 579 tentias
647 495 738 608 quid
757 501 1090 614 respondebimus?
1116 503 1210 588 Illud
1228 503 1402 587 nimitum
1418 505 1526 617 quod
1555 501 1594 585 in
1624 526 1782 616 promtu
1810 527 1866 589 est
1881 508 1932 607 ,si

497 618 645 702 decreta
666 616 986 731 haec-simpliciter
1011 619 1267 732 accipiantur,
1293 650 1373 706 non
1402 620 1524 703 solum
1550 651 1574 705 a
1599 621 1734 706 divinis
1758 624 1931 707 omnibus

494 735 636 850 legibus
664 795 676 837 ,
704 733 770 817 sed
793 767 816 818 a
843 735 1039 850 pontificiis
1064 738 1175 822 etiam
1216 740 1343 852 Papae
1373 738 1688 848 dispensationem
1710 738 1930 826 excludent.

493 852 708 948 Quomodo
726 850 838 968 igitur
860 854 1099 969 intelligenda
1130 857 1200 940 sint
1226 857 1320 940 haec
1351 881 1388 939 et
1420 854 1475 938 bis
1495 853 1621 939 similia
1647 917 1658 959 ,
1685 857 1859 969 apposita
1880 858 1930 942 his

493 1001 663 1055 summae
680 971 906 1055 auctoritatis
932 973 1090 1076 scholia,
1106 1003 1171 1058 seu
1192 973 1335 1090 glossae
1348 973 1474 1058 vocati
1504 973 1675 1076 debent,
1710 1000 1926 1087 exponunt,

492 1118 658 1204 quorum
676 1118 821 1173 summa
837 1116 917 1192 est,
942 1119 987 1173 ea
1014 1091 1113 1174 dicta
1130 1119 1206 1175 esse
1222 1092 1271 1176 de
1293 1092 1332 1174 iis
1363 1151 1376 1194 ,
1400 1117 1499 1204 quae
1524 1090 1713 1203 pertinent
1737 1092 1793 1175 ad
1810 1089 1928 1198 fidem,

329 1283 353 1331 d,
386 1293 400 1329 ⁹
493 1206 744 1322 intelligenda.
777 1210 881 1290 Nam
895 1210 1036 1320 Papam
1053 1236 1134 1293 non
1163 1205 1283 1293 modo
1310 1232 1445 1292 contra
1456 1206 1684 1320 Apostolum
1709 1208 1927 1322 dispensare,

301 1353 336 1401 1⁵·
345 1296 369 1401 i.
377 1291 474 1396 oiim·
492 1348 535 1408 ut
553 1323 762 1408 Matrinum
777 1351 864 1406 cum
882 1322 1064 1438 bigamo,
1094 1325 1160 1410 sed
1183 1325 1295 1413 ctiam
1321 1349 1455 1409 contra
1479 1324 1589 1438 ipsius
1609 1324 1751 1408 Christi
1786 1355 1928 1439 praece-

299 1420 360 1511 ⁸⁰1332
381 1471 434 1505 vot·
451 1469 477 1504 et
494 1466 601 1553 ptum
620 1501 633 1546 ,
651 1466 693 1525 ut
718 1442 757 1523 in
787 1438 997 1548 juramento
1025 1444 1225 1527 Urbanum
1244 1471 1332 1526 cum
1349 1442 1574 1556 quibusdam
1594 1440 1803 1547 militibus,
1833 1471 1876 1527 ac
1896 1444 1931 1527 in'

298 1539 341 1572 vo.
350 1521 417 1567 tede.
426 1529 477 1562 tlon

297 1597 335 1633 est
347 1577 477 1688 ›etddrtigg-
492 1584 587 1644 voto
602 1557 862 1643 Innocentium
890 1559 1042 1644 tertium
1061 1589 1148 1644 cum
1163 1559 1298 1644 clericis
1321 1558 1546 1674 quibusdam
1567 1581 1635 1661 ,et
1656 1558 1752 1642 item
1768 1562 1808 1643 in
1824 1589 1930 1644 evan·

299 1656 369 1751 iiiiii
400 1651 414 1685 ⁹
468 1663 590 1791 'gelio
606 1676 814 1790 dispensare
840 1675 1120 1790 interpretando
1151 1677 1300 1791 ipsum,
1329 1701 1373 1759 ut
1406 1673 1662 1762 Alexandrum
1694 1677 1736 1758 in
1779 1705 1929 1762 numero

490 1794 651 1878 testium.
682 1799 814 1908 Itaque
848 1794 1006 1879 verbum
1038 1793 1128 1878 illud
1162 1821 1230 1878 noo
1250 1809 1405 1902 potest,
1429 1792 1552 1909 glossa
1583 1794 1854 1906 interpretatur
1880 1796 1924 1879 de

448 1914 450 1918 ’
490 1907 616 2015 facto,
631 1911 737 1995 idest
752 1973 763 2012 ,
779 1911 854 1993 sine
871 1910 964 2020 justa
981 1933 1115 1995 causa:
1148 1935 1190 1996 ut
1206 1910 1364 1997 dubium
1386 1910 1557 2014 nonsit,
1581 1908 1673 1995 illud
1688 1938 1851 2026 quoque
1879 1916 1930 1995 ln·

488 2030 655 2114 nocenrii
678 2028 772 2112 tertii
788 2028 956 2142 negantis
972 2028 1009 2111 in
1036 2028 1212 2143 gradibus
1227 2025 1555 2143 consanguinitatis
1574 2027 1704 2112 divina
1738 2028 1822 2144 lege
1850 2059 1929 2142 pro·

490 2146 611 2231 bibitis
629 2145 836 2258 dispensate
865 2172 1002 2259 posse,
1030 2147 1168 2230 eodem
1198 2144 1318 2230 modo
1350 2173 1428 2229 esse
1457 2143 1740 2258 accipiendum.
1773 2151 1868 2228 Nam
1891 2171 1929 2230 et

326 2233 366 2280 De
376 2223 477 2276 testitu·
492 2264 500 2281 ,

299 2283 567 2393 ttonesoo¹p2231pse
589 2264 638 2348 sic
654 2290 708 2348 est
732 2261 880 2347 locutus
899 2321 912 2367 ,
931 2292 1009 2347 non
1026 2288 1152 2376 potest
1179 2292 1249 2348 nec
1275 2261 1396 2367 solet,
1421 2262 1528 2376 quasi
1557 2290 1755 2375 exponens
1778 2264 1928 2348 verbum

299 2362 385 2460 iiiii
401 2360 423 2395 ς’
446 2355 466 2391 u
483 2397 624 2492 potest.
657 2380 694 2464 Si
709 2379 810 2465 enim
825 2377 1034 2494 simpliciter·
1061 2411 1142 2466 non
1171 2403 1333 2496 potest,
1367 2378 1460 2493 quid
1498 2378 1669 2495 oportuit
1696 2380 1838 2465 addere
1866 2405 1928 2467 nor

487 2501 616 2585 solet?
646 2502 751 2613 Ergo
769 2526 848 2581 non
866 2523 1020 2612 potest,
1043 2498 1119 2582 sine
1137 2493 1232 2611 justa
1248 2496 1419 2582 videlicet
1434 2525 1573 2598 causa,
1601 2495 1680 2581 sine
1694 2524 1777 2612 qua
1800 2497 1838 2580 in
1867 2498 1929 2581 hu·

490 2612 651 2728 jusmodi
668 2619 776 2698 rebus
794 2615 1002 2729 dispensate
1018 2643 1098 2700 non
1126 2615 1235 2700 solet.
1267 2619 1326 2698 Ac
1347 2641 1396 2699 ne
1418 2614 1501 2728 quis
1524 2613 1711 2720 miretur,
1744 2615 1838 2699 illud
1868 2638 1929 2698 noa

421 2819 428 2866 Ι
486 2750 612 2842 potest
628 2731 768 2815 dictum
789 2759 866 2815 esse
881 2763 951 2845 pro
964 2761 1014 2816 eo
1031 2793 1042 2837 ,
1059 2754 1143 2817 non‘
1156 2730 1260 2815 facile
1274 2754 1397 2843 potest
1415 2791 1427 2834 ,
1452 2758 1522 2814 nec
1536 2731 1612 2814 sine
1626 2760 1776 2847 magna
1794 2754 1834 2816 et
1849 2759 1927 2844 pet·

328 2823 409 2871 Μ’
431 2826 462 2876 '⁵‘
488 2850 587 2963 ¹justa
604 2878 713 2933 causa
731 2910 743 2952 ,
764 2847 856 2932 nolo
874 2849 933 2934 hic
949 2850 1185 2935 Aristotelem
1206 2848 1318 2933 citare
1336 2908 1348 2950 ,
1375 2847 1536 2960 quinon
1556 2846 1632 2930 fieri
1649 2878 1763 2961 posse
1782 2877 1827 2932 ea
1842 2878 1930 2962 quo

490 2997 568 3082 que
597 2967 785 3051 interdum
808 2966 879 3050 dici
906 2967 1050 3070 tradit,
1075 2996 1175 3085 quae
1191 2963 1269 3050 fieri
1296 2966 1449 3078 quidem
1480 2987 1639 3078 possunt
1664 3025 1677 3068 ,
1701 2995 1787 3051 non
1813 2989 1931 3050 tamen

494 3109 606 3169 tecte.
642 3083 714 3167 Sed
735 3080 802 3195 qui
824 3081 1079 3199 glossematis,
1107 3113 1205 3199 quae
1224 3081 1342 3166 modo
1357 3081 1585 3186 citavimus,
1606 3109 1744 3196 parurn
1763 3082 1875 3167 habet
1894 3079 1932 3164 fi-

494 3201 553 3286 dei
572 3263 583 3305 ,
601 3199 703 3315 legat
720 3200 945 3312 Hieronymi
966 3200 1159 3314 epistolam
1175 3200 1225 3284 ad
1244 3198 1493 3283 Eustochium
1512 3261 1524 3304 ,
1541 3202 1675 3313 inqua
1695 3199 1749 3284 sic
1766 3201 1931 3314 scripnrm

492 3344 573 3403 est:
604 3320 802 3398 Audacter
826 3323 976 3421 dicam,
1003 3346 1084 3400 cum
1111 3325 1230 3402 omnia
1258 3323 1382 3424 possit
1411 3319 1549 3419 Deus,
1585 3325 1778 3401 tusmtare
1812 3324 1930 3424 virgi·

493 3464 572 3517 nem
601 3460 669 3517 oon
688 3449 815 3540 potest
837 3450 925 3542 post
946 3442 1120 3518 ruinam:
1144 3440 1248 3519 volet
1274 3438 1418 3539 quidem
1445 3436 1609 3518 liberare
1633 3439 1681 3516 de
1693 3456 1849 3544 poetro,
1873 3436 1935 3515 sed

493 3580 567 3650 ooo
593 3558 696 3635 valet
719 3577 894 3634 coronare
914 3569 1150 3659 corruptam.
1200 3553 1296 3643 Quo
1326 3550 1365 3635 in
1394 3551 1482 3635 loco
1506 3553 1573 3667 qui
1600 3550 1694 3636 illud
1734 3580 1804 3637 noo
1835 3558 1932 3636 vater

495 3668 702 3783 simplicitet
719 3667 876 3780 accipit,
909 3694 974 3752 aut
991 3669 1271 3783 Hieronymum
1289 3663 1426 3753 falsum
1442 3664 1557 3774 facit,
1587 3693 1654 3753 aut
1682 3669 1854 3756 divinam
1869 3668 1933 3752 mi·

488 3788 574 3871 nuit
592 3809 828 3897 potestatem.
860 3783 962 3869 Licet
985 3787 1085 3870 enim
1106 3782 1289 3898 corruptis
1320 3812 1502 3869 coronam
1540 3784 1733 3900 virginum
1768 3817 1816 3871 ne
1854 3809 1934 3900 post

495 3902 763 4015 poenitentiam
792 3903 947 4016 quidem
965 3903 1101 3989 tribuat
1117 3911 1250 4007 Deus,
1276 3902 1368 4015 quid
1387 3927 1514 3987 tamen
1533 3903 1659 3988 obstat
1678 3965 1690 4007 ,
1720 3904 1932 4019 quominus,

335 4113 364 4148 a
459 4099 480 4150 a
495 4021 522 4104 si
537 4020 652 4124 velit,
675 4020 834 4104 tribuere
849 4043 994 4132 praeter
1023 4023 1186 4133 ipsarum
1212 4021 1342 4104 merita
1365 4021 1507 4132 possiti
1541 4020 1806 4113 Quamobrem
1836 4019 1938 4104 aliud

303 4111 443 4211 rabidi
494 4138 704 4252 glossema,
734 4164 814 4220 non
830 4138 979 4240 valete,
1001 4137 1143 4241 idest,
1170 4165 1252 4220 non
1270 4162 1479 4253 congruere
1495 4137 1686 4249 potentiae
1711 4138 1811 4249 ejus,
1830 4138 1936 4223 inter·

494 4280 672 4366 pretatur.
704 4258 748 4337 ln
765 4253 980 4366 supradictis
994 4283 1088 4369 ergo
1115 4253 1234 4357 locis,
1257 4278 1297 4337 et
1321 4254 1350 4338 si
1378 4255 1516 4367 qubus
1535 4254 1571 4337 in
1588 4255 1662 4338 aliis
1684 4259 1790 4370 Papa
1808 4257 1850 4340 in
1887 4283 1936 4340 re·

494 4398 578 4454 rum
595 4369 826 4483 agendarum
842 4371 983 4487 legibus
1007 4374 1215 4486 dispensate
1235 4401 1340 4483 posse
1357 4397 1516 4488 negatur
1537 4432 1549 4477 ,
1568 4371 1861 4488 intelligendum
1876 4400 1935 4475 est,

494 4487 561 4570 nisi
593 4486 782 4570 necessitas
808 4513 875 4571 aut
904 4488 1064 4571 maxima
1087 4488 1336 4573 commoditas
1361 4489 1583 4575 adhortetur
1613 4517 1624 4570 ε
1655 4491 1739 4575 talis
1778 4492 1934 4606 denique

496 4605 613 4690 subsit
626 4632 764 4704 causa,
785 4622 840 4687 'ut
864 4605 914 4687 sic
942 4603 1019 4689 fieri
1049 4664 1063 4709 ,
1090 4636 1207 4721 quam
1235 4636 1280 4690 ex
1308 4609 1533 4721 praescripto
1548 4606 1665 4722 legis,
1681 4611 1845 4725 aequius
1871 4636 1937 4693 esse

305 4718 407 4826 „Vlfflfi
415 4720 482 4834 ¹15³}ss
497 4747 596 4806 recta
613 4723 707 4804 ratio
731 4719 922 4830 judicaret.
954 4721 1076 4816 Quod
1091 4725 1180 4838 quia
1198 4751 1395 4837 perquam
1429 4752 1515 4810 raro
1545 4725 1707 4831 accidit,
1743 4757 1835 4815 raro
1864 4729 1937 4811 licet

303 4837 377 4896 ΜΟ·
496 4839 534 4924 in
550 4839 682 4927 talibus
697 4837 837 4954 legibus
853 4838 1084 4952 dispensare:
1115 4840 1297 4957 siquidem
1320 4872 1390 4956 pro
1421 4842 1642 4931 conditione
1672 4875 1802 4933 rerum
1832 4876 1872 4934 et
1895 4847 1934 4930 li-

1889 4992 1936 5083 ἒς
