4050 5858
590 361 794 433 LIBER
844 359 893 430 11.
1423 380 1492 454 255

63 491 160 581 deus
187 483 339 577 heroicis
364 480 600 598 temporibus
626 477 695 566 luit
713 542 725 586 ,
743 479 907 567 carmine
937 507 1095 596 quoque
1121 480 1331 571 Homerico
1358 481 1517 570 celebra·¹

65 639 154 698 tus.
186 615 238 693 Et
264 602 447 722 quoniam
476 601 544 687 ribi
566 600 736 715 exempla
764 624 914 686 nostrae
938 598 1141 686 memoriae
1169 601 1316 715 placent
1333 663 1345 707 ‚
1363 602 1519 690 Bartho
1532 626 1712 737 ffimfflsslss’gj

66 731 234 817 lomaeus
251 723 430 812 Albianus
448 781 461 824 ,
477 725 607 804 Petrus
623 719 778 823 Pacius,
800 722 891 835 Ugo
910 721 1107 804 Moncada
1123 779 1135 823 ,
1153 746 1191 804 et
1206 748 1256 804 ne
1270 720 1433 837 singulos
1449 752 1522 808 me
1533 760 1586 796 rum
1624 746 1712 798 brevis

1533 820 1641 856 staturae
1665 817 1713 853 VC·

67 857 213 933 morem
232 908 244 951 ‚
260 839 477 930 Fernandus
507 838 649 924 Avalus
666 896 680 941 ‚
699 836 874 941 Marchio
899 836 1076 921 Piscarius
1093 897 1105 942 ,
1123 836 1259 953 inquo
1287 839 1383 924 duce
1415 870 1520 955 prae·
1532 880 1600 938 tera,
1616 879 1642 916 a
1668 878 1708 914 re-

65 965 177 1052 stanti
192 991 372 1078 magnam
389 984 507 1072 nuper
524 955 704 1068 jactumm
721 951 807 1039 fecit
829 955 1008 1041 exercitus
1024 955 1291 1040 Caesarianus.
1309 960 1404 1042 Non
1420 960 1520 1044 enim
1533 941 1657 979 ‘emm‘

65 1083 163 1169 tauri
186 1081 303 1167 robur
327 1102 394 1163 aut
418 1073 622 1188 elephantis
647 1074 698 1157 ad
722 1072 902 1182 obeunda
917 1068 1083 1158 facinora
1098 1071 1326 1160 desideratur
1344 1131 1358 1179 ,
1374 1074 1438 1160 sed
1453 1077 1522 1164 vir·

64 1225 146 1286 tute
163 1198 279 1284 animi
294 1226 350 1282 res
365 1193 570 1311 praeclarae
586 1215 769 1307 geruntur
785 1253 798 1295 ‚
814 1191 936 1278 adsint
957 1191 1079 1277 modo
1097 1192 1192 1278 vires
1208 1192 1415 1310 ingenuae,
1435 1196 1521 1311 qui·

64 1319 136 1405 bus
161 1317 282 1404 brevis
302 1338 463 1400 staturae
484 1309 657 1396 homines
679 1308 845 1426 plerique
872 1339 953 1394 non
970 1309 1252 1397 destituuntur.
1284 1318 1442 1427 Loquor
1459 1344 1520 1399 au·

63 1461 144 1524 tem
169 1437 217 1523 de
246 1431 458 1519 militaribus
483 1428 726 1533 muneribus,
742 1458 843 1543 quae
866 1458 984 1513 manu
1008 1453 1047 1515 er
1074 1430 1183 1514 armis
1199 1429 1418 1536 obeuntur,
1438 1461 1521 1519 non

65 1555 116 1641 de
142 1549 268 1638 officio
295 1547 528 1665 imperatoris
545 1608 558 1654 ‚
575 1546 687 1663 quod
712 1546 833 1631 nullas
856 1543 1047 1633 interdum
1082 1547 1177 1632 vires
1206 1549 1375 1664 corporis
1401 1551 1526 1665 requi·

63 1700 167 1777 rere,
183 1699 231 1757 ne
251 1669 401 1786 longius
418 1665 571 1767 abieris,
586 1665 687 1750 testis
703 1687 759 1748 est
776 1664 848 1750 hac
866 1689 988 1751 aetate
1005 1665 1314 1779 locupletissimus
1332 1670 1523 1754 Antonius
1536 1698 1640 1771 aaroni
1655 1699 1713 1772 aa.

65 1791 184 1877 Leiva
198 1819 209 1873 ι
224 1818 307 1904 quo
336 1787 436 1872 duce
467 1781 574 1868 tenui
605 1811 649 1866 ac
674 1779 775 1867 nulla
799 1782 926 1898 potius
947 1782 1165 1873 valetudine
1191 1784 1332 1868 inclitas
1348 1773 1716 1872 victoriasillii'iliil

51 1907 106 1993 in
123 1904 313 2022 Cisalpina
339 1901 464 1989 Gallia
494 1923 649 2014 propter
673 1898 787 1984 animi
802 1901 880 2015 ejus
906 1927 946 1987 et
973 1900 1115 1987 consilii
1140 1902 1438 2018 magnitudinem
1455 1892 1577 1992 rai-¹¹¹⁰
1593 1890 1714 1942 ΨΜ

63 2053 273 2140 spanorum
297 2050 414 2137 parva
440 2046 575 2101 manus
601 2018 652 2105 de
678 2017 803 2105 multo
830 2018 1036 2132 majoribus
1056 2020 1172 2136 copiis
1198 2021 1433 2135 reportavit.

123 2146 174 2229 V.
236 2145 417 2226 Ceterum
445 2134 548 2245 aliud
574 2159 630 2223 est
658 2135 707 2223 de
731 2135 860 2223 indole
885 2160 926 2223 et
950 2137 1115 2224 bellicosi
1140 2139 1209 2228 viri
1231 2139 1340 2256 signis
1357 2201 1369 2246 ,
1385 2169 1524 2255 quaea

65 2261 220 2378 regione
245 2283 284 2345 et
311 2252 479 2372 corporis
502 2253 723 2339 habitudine
753 2280 954 2341 sumuntur
970 2318 983 2361 ‚
999 2252 1101 2340 aliud
1131 2256 1180 2342 de
1201 2257 1341 2344 virtute
1373 2257 1524 2367 dissere·

65 2407 108 2464 re
127 2408 231 2493 ,qua
254 2399 426 2462 censetur
443 2370 569 2457 benus
592 2370 724 2478 miles,
743 2401 845 2489 quae
868 2401 957 2458 cum
982 2372 1132 2456 habitus
1156 2373 1310 2488 quidem
1332 2375 1447 2458 animi
1463 2376 1524 2484 sit,

64 2496 209 2581 nonin
236 2523 301 2610 spe
332 2489 502 2610 quadam
535 2489 658 2603 posita
680 2514 764 2595 est,
796 2492 862 2578 sed
892 2521 938 2577 ex
962 2489 1087 2576 multis
1114 2493 1285 2578 studiosis
1313 2492 1524 2580 actionibus

63 2613 329 2731 ingeneratur.
361 2614 476 2696 Hane
499 2635 575 2724 ego
600 2617 721 2723 quam
743 2608 899 2695 demum
930 2638 1008 2695 esse
1030 2633 1205 2723 putares,
1221 2610 1523 2729 interrogabam3

64 2756 110 2817 tu
137 2733 187 2819 de
221 2730 360 2816 indiciis
388 2724 551 2814 militaris
567 2806 568 2809 γ
582 2726 696 2811 animi
725 2726 972 2841 respondisti.
1024 2732 1112 2814 Aer.
1152 2732 1214 2813 De
1239 2729 1378 2815 virtute
1405 2758 1522 2816 nemo

67 2848 244 2936 dubitat.
279 2854 381 2933 Nam
406 2872 522 2962 quem
547 2839 684 2931 fortem
708 2870 747 2930 et
765 2847 1049 2962 magnanimum
1064 2870 1201 2958 putant
1218 2906 1230 2950 ,
1246 2847 1351 2932 hunc
1375 2848 1521 2932 bonum
1535 2882 1605 2946 Quae
1631 2884 1711 2936 vam.

65 2967 223 3053 militem
243 2989 283 3050 et
307 2966 429 3051 dicere
453 2991 587 3048 omnes
605 3023 618 3068 ,
634 2985 674 3046 ct
699 2962 834 3048 sentire
859 2962 1002 3049 solent.
1052 2968 1153 3048 Dru.
1183 2966 1382 3051 fortitudo
1407 2964 1520 3080 igitur
1533 2947 1712 3074 hirreh'ih'l

65 3098 120 3170 et'
139 3082 364 3201 magnitudo
380 3078 494 3166 animi
517 3105 573 3166 est
590 3141 603 3187 ,
620 3107 698 3194 qua
713 3081 838 3166 bonus
862 3081 964 3167 miles
979 3077 1162 3167 efficitur.
1193 3086 1282 3167 An.
1316 3084 1434 3169 Haud
1450 3085 1519 3171 du·
1530 3076 1663 3173 llllrl‘
1678 3069 1712 3116 ‘¹⁶

1533 3186 1704 3236 connexione.

65 3201 148 3287 bie.
200 3207 315 3292 Dan.
337 3199 420 3298 Qui
447 3224 560 3315 negat
591 3227 684 3315 ergo
702 3259 714 3304 ,
731 3200 880 3285 bonum
903 3198 1056 3286 militem
1087 3228 1195 3313 posse
1220 3200 1519 3291 Christianorum

63 3317 209 3436 legibus
236 3316 445 3405 satisfacere
462 3317 519 3421 ‚is
547 3313 806 3402 fortitudinem
834 3343 873 3404 et
895 3317 1193 3434 magnitudinem
1216 3319 1331 3404 animi
1360 3347 1384 3402 a
1410 3320 1519 3406 Chri·

63 3437 183 3522 stiana
207 3436 386 3555 religione
414 3434 503 3519 dicit
526 3434 752 3521 abhorrere.
778 3440 867 3521 An.
894 3436 994 3521 Mihi
1014 3434 1168 3552 quidem
1191 3436 1242 3521 ita
1257 3438 1406 3525 videtur
1422 3465 1434 3539 3
1451 3440 1517 3526 sed

64 3554 216 3640 mallem
240 3580 279 3642 te
303 3555 371 3641 ista
396 3582 486 3638 cum
511 3552 711 3667 leopoldo
737 3552 924 3669 disputare
942 3615 955 3661 ,
970 3582 1019 3639 ne
1042 3552 1119 3668 ipse
1134 3554 1195 3641 vel
1214 3556 1340 3669 inepte
1363 3584 1518 3667 respon·

67 3670 205 3757 dendo
228 3673 414 3760 terardem
438 3669 650 3757 orationem
673 3697 781 3757 tuam
798 3733 811 3779 ,
828 3673 889 3760 vel
913 3673 1015 3757 bona
1044 3699 1156 3759 causa
1178 3673 1307 3758 videar
1333 3673 1387 3757 ob
1410 3670 1516 3757 insci·

63 3788 158 3875 tiam
188 3790 380 3878 cecidisse.
414 3793 501 3904 Age
531 3789 642 3905 igitur
658 3850 671 3896 ‚
687 3791 881 3906 leopolde
898 3790 999 3904 ,jam
1023 3813 1067 3876 tu
1084 3820 1154 3906 pro
1169 3814 1336 3908 unoque
1361 3818 1517 3905 respon-

63 3907 115 3994 de
137 3939 146 3993 :
163 3937 297 3995 nonne
316 3907 386 3995 tibi
402 3905 451 3991 sic
467 3904 615 3992 videtur
633 3917 644 3992 ἓ
676 3913 787 3994 Leon.
811 3909 893 4006 Qui
909 3933 1033 4024 potest
1049 3938 1132 3993 non
1148 3907 1263 3996 videri
1283 3919 1294 3993 ἓ
1311 3939 1398 3993 cum
1415 3910 1516 4023 prio·

62 4053 105 4109 re
131 4028 223 4114 dato
242 4089 254 4133 ‚
272 4024 455 4142 posterius
475 4024 521 4109 sit
541 4053 687 4113 necesse
709 4025 900 4114 confiteri.
928 4034 1029 4112 Dan.
1047 4029 1088 4110 0
1112 4027 1280 4115 miseram
1303 4027 1413 4144 igitur
1429 4056 1515 4114 eon·

63 4140 246 4229 ditionem
274 4143 605 4248 Christianorum,
622 4144 651 4228 si
675 4169 863 4259 quatenus
893 4145 1058 4263 religioni
1087 4144 1253 4231 serviunt
1268 4205 1281 4250 ,
1297 4146 1443 4231 nullum
1459 4175 1515 4235 est

63 4256 118 4342 eis
139 4287 226 4344 cunr
250 4261 448 4349 virtutibus
476 4262 770 4347 commercium.
818 4270 930 4349 Laos.
958 4261 1238 4348 Commercium
1268 4287 1324 4349 est
1345 4263 1408 4351 vel
1435 4294 1513 4349 ma·

59 4373 206 4460 ximum
221 4406 308 4464 curn
324 4379 460 4493 justitia
476 4440 488 4485 ,
504 4380 731 4493 prudentia,
747 4380 961 4467 liberalitate
974 4441 986 4485 ‚
1001 4377 1256 4486 continentia,
1273 4406 1313 4467 et
1328 4380 1456 4468 ceteris
1470 4414 1509 4470 o

63 4493 213 4582 mnibus
241 4496 435 4584 virtutibus
451 4560 464 4602 ,
480 4526 580 4612 quae
601 4498 773 4584 homines
804 4499 899 4584 inter
925 4499 1023 4614 ipsos
1055 4497 1319 4587 benevolentia
1342 4501 1511 4618 quadam

62 4636 103 4696 et
127 4612 361 4701 humanitate
389 4615 614 4701 conciliant:
633 4611 893 4702 fortitudinem
922 4644 1015 4704 vero
1046 4641 1085 4702 et
1115 4618 1412 4748 magnitudinem
1437 4619 1512 4704 ani·

61 4728 114 4812 mi
131 4792 143 4835 ‚
161 4760 204 4818 ur
219 4732 437 4819 tumidiores
452 4732 585 4819 scilicet
600 4758 638 4818 et
656 4733 957 4819 intractabiliores
972 4734 1126 4820 virtutes
1142 4736 1332 4852 telugiunt
1349 4799 1360 4820 .
1404 4740 1505 4822 Dru.

59 4847 200 4961 Qualia
225 4846 351 4951 officia
375 4848 559 4940 ducantur
586 4847 846 4971 afortitudine
869 4875 909 4938 er
936 4853 1275 4972 magnarumtate,
1300 4879 1432 4973 postea
1450 4914 1462 4959 ,
1480 4852 1509 4987 si

1455 4999 1511 5057 vn
