4020 5864
1001 344 1234 425 INDEX.

447 484 528 578 532.
546 489 580 551 et
609 495 702 572 seqq.
726 469 870 549 Kalend.
896 469 989 572 Aug.
1013 494 1091 547 ann.
1142 475 1782 580 8108000078.Οοιιιίῐίςλζοςιιῐιις.

443 588 496 658 M.
529 584 576 651 D.
601 575 728 652 XXIV.
754 575 927 675 abrogavit
959 576 1090 650 cultum
1141 577 1389 654 Monachorum
1413 580 1481 650 vita
1505 581 1670 653 omnibus
1687 583 1847 684 vitaege·

306 732 308 736 2
444 683 613 754 divorum.
640 699 718 771 577.
1190 675 1322 748 neribus
1346 696 1501 774 praestat.
1522 701 1601 773 300.
1626 683 1792 753 Monaclri
1807 710 1845 760 ex

396 779 653 861 Matrimonium
687 773 856 847 delinitur.
895 775 981 864 416.
1012 773 1092 864 Ejus
1190 798 1252 846 suo
1268 777 1423 862 vivunt,
1459 800 1528 850 nnn
1552 796 1595 850 ex
1620 780 1746 850 alieno.
1774 805 1850 874 30⁰·

441 879 609 978 dignitas,
631 875 810 969 antiquitas
835 891 870 942 et
886 873 971 944 finis.
1003 876 1089 964 4ι6.
1190 869 1430 947 Defenduntur
1487 895 1608 949 contra
1656 882 1843 954 Erasmum.

439 1000 474 1051 et
500 1000 595 1073 seqq.
619 978 681 1046 Est
713 977 974 1044 Sacramentum.
1004 976 1090 1063 416.
1195 974 1274 1063 568.
1292 973 1420 1046 Eorum
1440 976 1581 1047 labores.
1599 1002 1682 1072 570·

440 1080 527 1173 418.
583 1072 793 1148 Matrimonii
841 1072 1090 1168 impedimenta.
1139 1072 1374 1145 Monarchiam
1423 1074 1572 1150 Romani
1622 1077 1847 1151 retinuerunt.

437 1179 522 1271 418.
545 1194 579 1247 et
604 1196 699 1268 seqq.
723 1171 803 1261 Ejus
831 1169 940 1242 forma
967 1192 1015 1244 est
1047 1172 1089 1242 li·
1196 1197 1279 1268 132.

413 1342 415 1347 .
437 1281 499 1351 ber
528 1296 714 1348 consensus.
733 1289 819 1362 419.
848 1272 929 1357 Ejus
960 1268 1088 1342 bonurn
1138 1274 1241 1346 Mons
1263 1272 1464 1345 Faliscorum
1479 1322 1490 1360 ‚
1505 1272 1695 1372 oppidum.
1714 1300 1774 1350 ιι.
1796 1300 1850 1372 ι4.

438 1377 571 1473 triplex.
588 1395 672 1465 420.
689 1369 972 1452 Matrimonium,
990 1368 1086 1463 quod
1189 1377 1243 1442 16.
1262 1391 1315 1458 19.
1333 1395 1390 1466 23.
1408 1395 1464 1467 34.

439 1495 578 1575 propter
594 1475 661 1544 vim
679 1470 805 1551 initur,
829 1488 938 1539 ratum
960 1467 1000 1540 fit
1024 1516 1035 1551 ‚
1059 1468 1085 1538 si
1134 1472 1237 1544 Mons
1254 1494 1386 1555 novus,
1409 1469 1588 1570 oppidum.
1606 1479 1675 1566 64.

441 1594 556 1673 postea
572 1573 655 1644 liber
681 1587 823 1640 assensus
846 1586 1082 1661 consequatur·
1134 1573 1236 1646 Mons
1259 1571 1428 1668 Regalis,
1454 1571 1622 1646 societatis
1645 1580 1841 1651 Germania

441 1693 527 1768 419.
543 1694 626 1764 420.
1191 1695 1268 1743 rurn
1293 1670 1377 1743 dux.
1398 1693 1453 1741 ιι.
1471 1693 1526 1740 12.
1539 1675 1693 1773 Aegidio
1712 1679 1839 1770 pollicc-

396 1774 629 1855 Mediolanum
650 1769 740 1841 venit
761 1764 934 1864 Aegidius.
959 1766 992 1835 8.
1013 1767 1091 1838 Me·
1190 1789 1275 1854 tur,
1310 1771 1500 1842 societatem
1530 1793 1564 1842 se
1594 1775 1640 1846 ab
1679 1775 1842 1847 inferenda

445 1872 571 1949 diolani
604 1868 796 1944 Ludovicus
828 1870 973 1937 Bararus
991 1889 1091 1938 coro·
1190 1866 1308 1957 injuria
1324 1868 1513 1942 civitatibus
1525 1874 1750 1948 ecclesiasticis
1765 1897 1840 1949 con·

446 1997 525 2048 nam
548 1969 689 2042 ferream
710 1964 849 2059 accepit.
870 1983 925 2056 35.
1102 2009 1104 2013 ι
1192 1986 1382 2039 tenturum.
1402 1992 1456 2062 r3.
1475 1993 1534 2039 22.

396 2068 653 2153 Mediolanensis
673 2065 878 2162 principatus
902 2062 996 2132 nullo
1023 2062 1095 2152 jure
1145 2070 1247 2143 Mons
1262 2069 1418 2164 Regalis,
1435 2071 1551 2141 Italiae
1569 2072 1672 2147 locus.
1688 2098 1748 2170 72.

447 2166 689 2246 successionisa
706 2159 889 2234 Benedicto
901 2166 980 2232 XII.
995 2160 1097 2264 datur
1147 2171 1250 2242 Mons
1264 2168 1399 2250 Velius,
1423 2169 1600 2266 oppidum.
1625 2197 1684 2266 47.
1701 2176 1763 2265 48.

447 2267 602 2345 Luchino
632 2283 666 2333 et
682 2261 802 2356 Jnanni
834 2260 1098 2356 Archiepiscopo
1147 2266 1359 2349 Morosium,
1388 2271 1561 2342 castellum
1578 2274 1841 2347 aGentileMo-

449 2372 516 2462 ejus
544 2364 649 2438 fratri.
681 2385 739 2452 51·
762 2364 907 2452 Joannes
928 2358 1100 2455 splendide
1197 2365 1288 2436 liano
1305 2362 1461 2436 traditur.
1475 2390 1532 2461 32.

449 2465 632 2567 Aegidium
649 2460 794 2554 hospitio
810 2457 949 2553 accepit.
960 2459 993 2529 8.
1006 2465 1099 2531 Cum
1149 2471 1245 2546 Mors
1266 2463 1403 2534 honesta
1424 2489 1521 2560 quae.
1549 2491 1629 2561 27⁰·
1652 2473 1741 2543 Viro
1767 2470 1844 2543 forti

449 2590 492 2640 eo
527 2566 684 2638 Clemens
708 2559 772 2629 VI.
801 2555 919 2628 foedus
941 2557 1015 2628 init.
1044 2577 1100 2648 59.
1199 2563 1311 2659 potius
1333 2565 1538 2659 expetenda,
1568 2592 1677 2662 quarn
1708 2572 1843 2666 turpiter

450 2673 560 2742 Arma
583 2658 753 2759 deponit,
789 2674 822 2726 et
852 2655 964 2751 copias
990 2655 1102 2728 dimit·
1198 2660 1402 2734 faciendum.
1442 2688 1523 2758 322.
1562 2669 1603 2738 In
1637 2673 1841 2749 certamine,

451 2769 506 2839 tit.
530 2768 585 2859 36.
609 2756 729 2854 Joanni
757 2772 894 2825 mortuo
917 2756 1102 2828 succedunt
1199 2759 1340 2853 quando
1357 2762 1453 2830 vitari
1474 2787 1543 2829 non
1564 2784 1702 2857 potest,
1718 2782 1844 2840 nonest

452 2866 489 2938 in
511 2862 699 2960 principatu
722 2854 892 2927 Barnabos
909 2901 921 2937 ,
941 2873 976 2923 et
1005 2855 1102 2943 hujus
1199 2853 1397 2955 expetenda·
1413 2879 1493 2950 324.
1509 2859 1606 2930 Mors
1628 2861 1774 2958 gloriose
1790 2885 1843 2958 ap·

454 2961 568 3038 frater.
590 2964 650 3050 46.
676 2956 723 3026 Hi
744 2953 907 3049 Principes
929 2955 1101 3027 Francisco
1201 2955 1356 3055 petenda.
1380 2960 1456 3039 196.
1475 2961 1614 3055 Duplex
1636 2980 1720 3048 est,
1749 2982 1844 3034 natus

461 3058 671 3157 Ordelaplrio
694 3053 820 3126 favent.
840 3074 896 3142 50·
916 3070 974 3140 51.
1201 3056 1275 3128 ralis
1297 3074 1331 3126 et
1348 3055 1608 3152 spiritalis431.

405 3160 624 3237 Mendacium
643 3174 690 3226 est
716 3149 794 3222 falsa
809 3149 1006 3248 significatio
1022 3174 1101 3225 cum
1152 3156 1296 3242 Motus,
1320 3153 1513 3250 oppidum,
1540 3159 1652 3251 ejecto
1669 3158 1844 3260 praesidio,

455 3257 642 3333 intentione
675 3248 819 3323 fallendi.
850 3250 930 3343 388.
958 3249 1104 3325 Menda-
1201 3276 1235 3326 se
1249 3252 1343 3323 dedit
1359 3257 1487 3327 Blasco.
1507 3279 1563 3351 34.

456 3360 549 3430 cium
570 3354 759 3427 officiosum
784 3348 902 3420 addito
919 3352 1104 3444 jurejuran·
1152 3348 1290 3427 Muffati
1330 3372 1365 3422 et
1401 3356 1580 3430 Marculini
1620 3355 1848 3432 utbaurans

457 3456 505 3529 dn
522 3455 561 3529 fit
578 3449 908 3551 perniciosum413.
1201 3472 1280 3526 rum
1305 3449 1475 3528 factiones.
1503 3477 1560 3550 15.
1587 3480 1651 3531 21.

407 3556 548 3633 Mentiri
575 3577 645 3624 non
674 3549 750 3620 licet
774 3548 827 3618 vel
853 3571 916 3643 pro
943 3547 1013 3619 vita
1040 3545 1105 3619 ho-

360 3700 363 3706 ·
459 3654 571 3726 minis.
592 3653 672 3746 382.
700 3666 778 3741 390.
797 3651 882 3739 406.
907 3649 967 3720 Est
984 3664 1104 3720 contra
1475 3659 1521 3745 N

460 3771 607 3826 mentem
626 3750 683 3820 ire.
703 3745 784 3841 388.
1446 3750 1447 3754 ’

408 3852 615 3928 Mercatores
642 3846 872 3944 magistratum
902 3865 945 3917 ne
973 3860 1125 3943 gerant.
1151 3833 1346 3910 Narnienses
1362 3859 1395 3911 se
1409 3837 1552 3914 dedunt.
1566 3863 1628 3936 27.

460 3972 541 4042 142.
1149 3941 1281 4011 Natura
1311 3937 1458 4013 humana
1484 3943 1605 4033 similis
1639 3964 1737 4042 agro.
1769 3941 1846 4014 281.
1935 4008 1936 4013 ,

403 4049 562 4124 Mevania
581 4096 593 4132 ,
620 4039 801 4142 oppidum.
816 4063 872 4113 ιι.
1197 4038 1328 4109 Natura
1343 4040 1539 4142 contingens
1556 4065 1629 4115 non
1649 4060 1699 4114 est
1715 4041 1849 4118 materia
1930 4125 1931 4128 4

403 4152 500 4227 Miles
517 4148 625 4242 qualis
646 4166 710 4214 essc
734 4156 900 4239 oporteat.
911 4153 1002 4236 ²53·
1028 4137 1102 4212 Mi·
1199 4133 1317 4207 laudis.
1333 4139 1414 4226 508.
1641 4143 1644 4148 ’

454 4250 518 4321 litis
545 4245 626 4317 boni
648 4243 798 4314 virtutes.
811 4261 896 4331 255.
914 4243 1011 4315 Miles
1028 4237 1103 4310 for·
1151 4236 1308 4331 Neapolis
1320 4238 1491 4336 regionem
1509 4235 1754 4314 fruticellorum
1777 4239 1851 4312 haed

455 4348 497 4417 tis
524 4345 557 4414 in
587 4339 768 4416 certamine
796 4359 932 4436 propter
961 4338 1103 4439 gloriam
1202 4334 1279 4405 tetis
1299 4357 1497 4431 pervaserat.
1528 4344 1584 4431 58.
1607 4344 1852 4438 Neapolitano*

458 4459 613 4537 suscepto
644 4489 656 4524 ,
692 4457 874 4533 antequam
907 4461 941 4510 se
979 4436 1104 4524 dedat,
1203 4455 1279 4504 rum
1304 4435 1464 4535 principes
1479 4461 1558 4512 cum
1574 4441 1708 4539 Regina
1724 4443 1848 4534 Joanna

462 4560 608 4613 mortem
624 4538 735 4635 eliget.
756 4560 835 4632 3²¹·
853 4557 887 4609 et
902 4561 996 4634 seqq.
1205 4533 1366 4631 Aegidius
1394 4536 1562 4610 conciliat.
1581 4540 1640 4629 58.

413 4639 608 4714 Moderatio
622 4652 681 4710 est·
698 4635 883 4709 adhibenda
900 4658 976 4736 post
999 4634 1108 4712 victua
1154 4633 1314 4706 Nicolaus
1337 4637 1495 4708 Azainlus
1518 4657 1665 4710 conatur
1678 4636 1769 4711 inter
1784 4641 1849 4710 Ae«

462 4740 554 4810 riam.
575 4761 652 4825 ¹51·
1200 4730 1329 4826 gidium
1356 4752 1390 4804 et
1406 4737 1595 4809 Malatestas
1619 4739 1753 4811 bellum
1779 4738 1844 4811 diri·

412 4836 597 4929 Modiana,
617 4831 794 4936 oppidum.
805 4853 864 4932 47.
874 4832 937 4930 48.
1201 4852 1300 4907 mere.
1336 4839 1390 4930 36.
1420 4841 1565 4935 Legatus
1593 4839 1750 4915 Caesaris
1773 4859 1841 4908 con·
1964 4911 1965 4914 .

1761 4956 1828 5008 ten·
1964 4993 1967 5002 2
