4050 5858
671 376 873 453 LIBER
921 378 967 448 11.
1362 448 1363 451 ,
1461 385 1529 477 285

98 498 203 593 'distis
229 526 466 589 autemnon
489 501 642 587 anobis
671 503 910 620 excogitata,
927 525 995 586 aut
1017 500 1213 620 ingeniosa
1238 503 1407 592 vanitate
1436 504 1552 618 ficta,

104 625 169 711 sed
185 652 282 739 quae
305 623 441 707 summi
465 645 549 706 tum
565 647 734 726 veteres,
751 646 834 707 tunt
858 619 971 706 etiam
996 619 1179 732 juniores,
1196 646 1235 707 et
1250 623 1449 711 Christiani
1475 629 1556 743 phi

101 742 247 859 losophi
263 770 406 858 magno
423 768 608 826 consensu
625 740 810 827 tradidere
829 803 839 824 .
872 740 1024 835 Quibus
1039 739 1237 827 virtutibus
1253 743 1411 859 cognitis
1427 806 1439 851 ,
1456 774 1556 863 quo-

103 861 203 945 niam
223 859 279 945 his
299 860 534 973 potissimum
554 883 703 946 constat
736 859 924 974 optimum
944 887 1025 943 non
1049 859 1171 944 modo
1191 858 1344 946 militem
1362 922 1375 967 ,
1390 865 1456 950 sed
1488 866 1555 954 du·

100 1006 184 1064 cern
210 978 325 1064 etiarn
351 977 518 1086 censeri,
535 974 676 1085 facilis,
693 1001 736 1062 ut
765 977 954 1084 arbitror,
980 975 1049 1062 erit
1079 977 1291 1092 propositae
1325 982 1553 1095 quaestionis

100 1095 270 1182 definitio
293 1118 333 1180 et
357 1122 668 1213 argumentorum
685 1157 697 1200 ,
714 1095 742 1180 si
772 1095 910 1211 quibus
935 1118 1180 1202 occurratur,
1207 1093 1442 1185 confutatio.
1476 1103 1552 1190 Sed

100 1215 202 1301 hanc
226 1238 371 1331 partem
389 1215 600 1330 ,quoniam
627 1214 704 1301 dics
724 1212 798 1324 jam
826 1213 989 1299 multum
1013 1215 1217 1329 processit,
1234 1215 1274 1300 in
1294 1219 1551 1329 postmeridia-

100 1361 197 1421 num
214 1394 226 1437 ,
244 1334 273 1419 si
296 1331 403 1420 vobis
417 1333 566 1421 videtur
583 1395 596 1436 ,
612 1328 825 1420 differamus
842 1364 850 1416 :
868 1326 1041 1418 Pontifex
1061 1332 1163 1418 enim
1192 1332 1232 1417 in
1257 1333 1312 1419 his
1332 1335 1448 1424 bortis
1472 1370 1550 1427 me·

98 1451 292 1537 ridiabitur
307 1510 320 1555 ,
338 1479 382 1536 ac
404 1452 514 1538 nobis
529 1453 679 1556 licebit,
695 1476 824 1537 sumto
846 1448 962 1558 cibo,
979 1450 1018 1535 in
1034 1451 1137 1536 hunc
1162 1449 1284 1566 ipsum
1306 1452 1435 1541 locum
1451 1518 1464 1563 ,
1481 1461 1550 1574 qui

97 1568 423 1656 commodissimus
438 1596 494 1656 est
511 1572 561 1657 ad
577 1569 928 1688 congrediendum,
945 1569 1171 1662 conuenite.
1194 1569 1241 1660 ld
1259 1599 1349 1660 cunt
1372 1575 1549 1666 omnibus

97 1685 295 1806 pbcuisset
308 1748 323 1797 ,
337 1689 601 1780 dbceoetum.
