4050 5858
720 461 783 532 LI
799 458 827 532 B
842 459 872 531 E
889 461 923 536 R
974 459 1005 528 I·
1196 470 1215 501 ⁶
1492 478 1560 554 243

123 610 320 690 ‘naturae,
341 580 393 670 sic
421 579 596 669 ordinem
622 576 777 667 vivendi
802 609 826 666 a
851 603 988 664 natura
1011 575 1277 695 praescriptum
1302 588 1447 696 semper
1462 577 1500 667 in
1516 584 1587 699 pri·

134 707 279 823 nisque
305 701 424 790 teneri
454 724 493 786 et
522 699 712 788 observari
738 693 849 786 vuit:
882 722 1034 785 tantum
1066 699 1172 784 abest
1187 761 1199 805 ,
1215 699 1486 815 nequidquam
1512 715 1591 790 sta·⁸

131 847 216 911 tuat
243 847 403 909 naturae
428 819 573 936 legibus
601 819 827 908 adversum.
859 816 1020 903 Nullum
1048 839 1104 903 est
1134 844 1264 904 autem
1290 819 1486 907 decretum
1514 849 1585 909 nec

127 939 285 1055 justius,
304 969 374 1027 nec
399 937 509 1054 quod
530 961 666 1023 natura
693 937 811 1052 magis
827 935 919 1022 velit
942 962 1021 1023 esse
1050 956 1203 1043 ratum,
1223 965 1342 1052 quam
1359 962 1404 1023 ut
1417 937 1582 1055 primum

128 1090 207 1149 sese
224 1089 269 1146 ac
292 1088 360 1145 sua
374 1057 566 1175 quisque3
588 1056 725 1143 deinde
748 1055 871 1140 socios
903 1053 1170 1171 sociorumque
1191 1053 1400 1143 libertatem
1425 1081 1465 1144 et
1479 1084 1581 1145 com·

21 1209 27 1218 ’
124 1181 244 1267 moda
275 1200 452 1266 tueatur.
483 1179 589 1259 Nam
604 1184 672 1283 qui
695 1201 845 1260 mmmm
859 1229 875 1279 ‚
891 1199 936 1261 ut
948 1172 1085 1260 Paulus
1103 1173 1155 1259 ait
1169 1230 1185 1280 ‚
1201 1201 1331 1260 ruram
1354 1201 1425 1262 nun
1451 1176 1577 1284 babet,
1592 1212 1613 1249 ι.
1630 1200 1692 1254 n..
1714 1211 1741 1262 a.

115 1296 238 1397 fidem
267 1306 449 1408 negavit,
465 1310 504 1378 et
520 1309 578 1378 est
601 1291 748 1394 infideli
765 1300 932 1378 deterior
948 1287 1025 1395 {ad
1045 1292 1156 1409 quod
1172 1295 1438 1407 praestandum
1454 1318 1494 1380 et
1508 1293 1577 1384 im·

121 1417 332 1530 proborum
355 1413 503 1531 injurias
529 1414 803 1529 propulsandas
833 1440 934 1529 quae
957 1410 1054 1498 bella
1081 1410 1329 1525 suscipiuntur
1347 1473 1360 1517 ‚
1376 1414 1469 1500 haec
1500 1444 1577 1501 ma·

121 1533 235 1649 gisna
259 1556 394 1620 namra
418 1537 584 1646 Deoque
607 1530 705 1617 duce
734 1553 906 1646 suscepta
927 1558 1006 1617 esse
1027 1557 1107 1615 non
1135 1554 1267 1645 putare
1283 1592 1296 1637 ‚
1312 1529 1402 1619 vide
1429 1560 1477 1617 ne
1501 1531 1572 1620 ho

118 1649 228 1739 minis
254 1667 333 1738 esse
357 1652 534 1741 videatur
565 1647 713 1763 abjecto
741 1649 979 1767 maximeque
1003 1647 1165 1735 demisso
1191 1651 1321 1735 animo
1338 1712 1350 1756 ,
1367 1674 1406 1736 et
1421 1678 1572 1766 prorsus

115 1766 156 1853 in
179 1771 220 1859 vi
253 1797 380 1856 rerum
403 1767 671 1883 cognoscenda
696 1765 915 1883 caligantis.
942 1769 1048 1849 Nam
1075 1773 1229 1876 rumare
1251 1770 1347 1851 bella
1363 1785 1571 1879 propterea
1582 1792 1676 1907 cgere
1706 1796 1764 1850 aa

14 1951 20 1962 .
117 1892 384 1994 quodquidam
406 1890 447 1968 in
471 1891 529 1968 eis
552 1892 755 1969 immatura
780 1901 897 1971 morte
910 1889 1077 1969 delentur
1094 1943 1109 1990 ‚
1125 1889 1213 1968 dum
1221 1907 1355 1997 pacem
1370 1905 1568 1997 anamma,
1583 1871 1624 1906 '¹‘
1639 1871 1685 1907 '⁶'

48 2108 52 2115 Ι
117 2012 185 2111 quui
211 2021 316 2092 certe
344 2007 542 2110 aliquando
568 2018 679 2088 eram
706 2011 881 2089 morituri
895 2061 910 2108 ‚
926 2007 1140 2089 timidorum
1154 2020 1213 2087 est
1228 2066 1241 2112 ,
1257 2004 1379 2121 inquit
1394 2009 1568 2123 Augusti

115 2148 189 2208 nus
205 2179 220 2228 ,
237 2148 308 2207 non
323 2128 581 2229 religiosorum
598 2151 606 2205 :
628 2125 781 2207 nocendi
794 2126 986 2232 cupiditas
1003 2180 1017 2228 ‚
1032 2127 1236 2207 ulciscendi
1249 2128 1456 2209 crudelitas
1471 2187 1483 2232 ,
1499 2135 1568 2211 im-

108 2247 295 2349 placatus
311 2247 456 2324 animus
470 2296 485 2345 ‚
498 2237 651 2344 feritas
672 2241 876 2325 rebellandi
890 2299 903 2344 ‚
921 2243 1035 2323 libido
1061 2245 1272 2325 dominandi
1289 2259 1356 2348 ,et
1371 2252 1410 2326 si
1423 2270 1497 2351 qua
1511 2251 1567 2328 si·

115 2365 220 2442 nritia
235 2416 251 2466 ,
267 2360 361 2443 iaec
382 2374 471 2442 snut
488 2415 502 2462 ‚
517 2357 669 2473 inquit,
691 2384 785 2464 quae
811 2365 852 2441 in
876 2359 984 2440 bellis
1004 2358 1098 2465 jure
1121 2367 1345 2469 culpantur.
1377 2363 1441 2446 Ad
1465 2391 1566 2479 quae

114 2470 194 2586 jure
218 2476 411 2591 punienda
438 2476 616 2564 adversus
640 2474 837 2563 violentias
866 2474 1140 2582 resistentium,
1166 2477 1244 2565 sive
1272 2483 1361 2563 Deo
1392 2478 1470 2566 sive
1501 2480 1564 2566 ali·

113 2619 197 2708 quo
221 2593 388 2712 legitimo
418 2593 576 2710 imperio
592 2592 744 2706 jubente
762 2654 775 2699 ,
795 2592 963 2711 gerenda
988 2592 1066 2707 ipsa
1088 2593 1186 2680 belia
1208 2594 1431 2712 plerumque
1455 2597 1565 2684 abo·

111 2708 170 2797 nis
197 2713 476 2828 suscipiuntur.
510 2711 628 2797 Unde
655 2713 863 2829 Gregorius
885 2711 924 2796 in
953 2711 1111 2826 epistola
1135 2714 1188 2801 ad
1211 2712 1343 2800 milites
1373 2714 1565 2829 Neapoli-

108 2848 249 2917 tanos:
274 2831 461 2937 Summa,
489 2830 640 2945 inquit,
669 2836 827 2914 militiae
848 2836 933 2914 mus
961 2837 1061 2914 inter
1083 2836 1161 2915 aia
1189 2832 1284 2916 bona
1314 2841 1451 2917 merita
1472 2833 1564 2919 iaec

109 2961 200 3053 est,
221 2949 464 3033 obeuiientiam
484 2951 712 3058 reipublicae
736 2950 965 3032 utilitatibus
988 2950 1168 3032 exhibere
1185 3011 1198 3056 ,
1216 2954 1402 3057 quidquid
1421 2952 1499 3034 sibi
1522 2977 1564 3035 uo

104 3071 235 3152 wtiliter
260 3073 484 3177 imperatum
502 3065 632 3174 fuerit
646 3126 660 3173 ,
676 3068 954 3176 obtemperare.
987 3071 1095 3200 Ergo
1119 3095 1199 3183 qua
1226 3067 1372 3155 ratione
1387 3067 1565 3155 Abraha-

107 3211 177 3271 mo
187 3243 206 3290 a,
230 3185 298 3301 qui
321 3185 464 3302 legibus
489 3210 646 3272 natutae
669 3182 822 3271 vivebat
838 3245 852 3289 ‚
868 3210 907 3270 et
922 3182 1073 3295 Judaets
1088 3244 1101 3288 ,
1116 3209 1270 3301 accepta
1292 3185 1405 3303 lege,
1422 3183 1476 3273 ias
1507 3187 1562 3300 ju·

107 3323 289 3418 numque
316 3300 386 3391 fuit
412 3301 627 3421 belligerare
648 3362 662 3409 ,
683 3303 819 3390 eadem
841 3301 1058 3388 Christianis
1084 3301 1226 3388 bellum
1255 3332 1383 3422 gerere
1412 3300 1468 3390 fas
1492 3328 1562 3390 est.
1603 3312 1611 3314 ff

105 3417 231 3527 Noli,
255 3420 309 3507 ait
331 3421 433 3509 idem
450 3423 683 3539 Augustinus
699 3429 979 3527 ‚existimare,
999 3427 1176 3505 neminem
1197 3424 1283 3508 Deo
1294 3429 1446 3533 placere
1465 3439 1559 3530 pos·
1571 3444 1614 3498 m
1635 3445 1721 3514 tunt

110 3562 185 3642 se,
205 3547 271 3645 qui
297 3547 339 3623 iu
365 3544 653 3625 armis’bellicis
683 3546 875 3623 ministrat
893 3571 903 3623 ι
920 3548 960 3622 in
987 3541 1048 3622 his
1078 3555 1165 3624 erat
1197 3538 1365 3624 Sanctus
1389 3541 1560 3649 Dauid,

107 3660 173 3737 cui
190 3658 374 3742 Dominus
399 3674 477 3743 tam
504 3683 674 3768 magum
695 3659 896 3768 perbibuit
916 3664 1191 3760 testimonium3
1208 3665 1248 3740 in
1265 3660 1327 3741 his
1348 3664 1464 3740 etiam
1472 3663 1559 3767 plu-

107 3777 202 3856 rimi
233 3780 336 3858 illius
360 3785 542 3887 temporis
557 3781 688 3888 justi3
712 3783 753 3859 in
783 3779 845 3861 his
876 3792 960 3860 erat
976 3777 1144 3862 Sanctus
1178 3780 1241 3860 iile
1269 3775 1446 3861 Centurio
1464 3835 1478 3883 ‚
1495 3785 1561 3885 qui

102 3890 271 3976 Domino
286 3897 412 3979 dimit:
434 3899 529 3980 Non
555 3925 639 3982 sum
655 3894 816 4012 dignus,
836 3918 881 3980 ut
902 3894 1015 3982 intres
1040 3896 1111 3982 sub
1135 3918 1279 3982 tectum
1302 3924 1430 3981 meum
1449 3925 1458 3980 ε
1480 3915 1558 4005 pa-
1571 3922 1664 3973 mm.
1678 3923 1703 3974 s.

103 4032 183 4092 cem
202 4070 215 4117 ‚
231 4008 385 4127 inquit,
404 4014 541 4098 habere
565 4020 772 4100 voluntatis
792 4028 850 4097 est
870 4015 1030 4120 ‚beilum
1049 4029 1171 4098 autem
1192 4040 1273 4097 esse
1295 4017 1403 4098 debet
1428 4039 1558 4097 neces-

106 4132 270 4232 sitatis,
292 4146 335 4215 ut
359 4132 493 4216 liberet
519 4128 630 4216 Deus
652 4160 679 4239 ᾳ
702 4139 955 4241 necessitate,
972 4147 1012 4216 et
1037 4146 1233 4217 conseruet
1255 4139 1296 4213 in
1318 4150 1437 4239 pace.
1462 4134 1557 4222 Sub·
1620 4223 1622 4227 ,

104 4269 184 4328 esse
208 4245 317 4361 igitur
341 4248 457 4334 debet
480 4248 575 4362 justa
588 4278 700 4336 causa
717 4279 730 4353 ·‚
745 4250 855 4366 quod
879 4249 930 4337 ita
954 4249 1110 4336 demum
1127 4247 1192 4335 fiet
1210 4310 1222 4355 ,
1238 4247 1268 4334 si
1283 4249 1384 4335 bello
1400 4248 1492 4336 nihil
1510 4283 1557 4337 a·
1623 4358 1626 4363 Ι

101 4356 185 4446 liud
199 4365 407 4476 quaesitum
423 4364 559 4481 fuerit,
573 4397 693 4485 quam
708 4398 807 4485 pax,
823 4369 983 4454 maxima
1009 4367 1203 4453 civitatum
1218 4393 1263 4452 ac
1285 4368 1469 4456 societatis
1487 4369 1556 4458 hu·

103 4506 245 4564 manae
271 4486 551 4593 conservatrix,
566 4515 605 4574 et
631 4488 670 4574 in
688 4515 767 4604 qua
786 4484 930 4573 tuenda
945 4486 1023 4571 vita
1044 4485 1157 4574 civilis
1171 4510 1257 4573 tota
1271 4487 1554 4602 propemodum

88 4621 159 4682 -est
181 4625 394 4717 occupata,
411 4605 585 4691 nimirum
610 4606 651 4690 in
673 4605 859 4723 republica
887 4628 988 4690 recte
1009 4633 1054 4691 ac
1076 4605 1259 4721 sapienter
1283 4605 1473 4692 instituta.
1583 4685 1604 4735 E
1640 4664 1672 4734 ¹„

164 4718 273 4805 XIX.
331 4724 456 4817 Quod
482 4754 575 4812 vero
604 4724 645 4810 in
672 4723 916 4841 castigatione
941 4726 1040 4810 Petri
1060 4723 1231 4840 injuriam
1263 4751 1287 4806 a
1314 4725 1468 4810 Christo
1490 4753 1547 4810 ar·
1560 4698 1747 4856 ptiiissgii'ii

96 4832 172 4920 mis
188 4838 407 4954 propuisare
431 4842 603 4954 conantis
629 4865 896 4960 argumentum
917 4870 994 4929 esse
1011 4869 1147 4961 putas,
1164 4870 1245 4927 non
1259 4839 1368 4929 licere
1384 4821 1607 4975 Chium-d}
1621 4822 1745 4974 buriiiri

100 4952 162 5042 nis
190 4957 370 5048 adversus
397 4958 600 5080 impiorum
631 4961 849 5054 violentiam
877 4962 988 5172 iihmis
1014 4993 1055 5052 se
1086 4957 1316 5071 defendere,
1334 4985 1374 5052 et
1402 4959 1481 5048 vim
1513 4961 1552 5049 vi
1561 4938 1746 5107 {ffgiffii

968 5112 994 5169 2
1498 5108 1556 5169 re·
