4192 5880
1227 92 1234 126 Ι
1350 86 1354 99 l

560 371 602 460 ,s
836 426 840 437 .
903 363 1164 442 :nexunt
1196 362 1566 440 cassanum

347 538 350 546 ·
373 512 518 596 marana
533 523 651 609 quarn
666 492 830 609 quisque
842 489 1211 604 oculispraenotarat
1225 497 1243 594 „
1253 487 1440 576 exstinctis
1449 488 1672 597 luminibus,
1692 491 1879 601 vitiasset,
1889 520 1988 586 tunc

343 600 399 699 2¹3¹
430 599 520 646 ’ΜΨ
536 615 693 699 demum
720 629 868 727 peracta
899 639 999 695 sacra
1022 608 1298 693 censebantur:
1316 624 1398 723 quo
1429 638 1641 723 compressu
1662 609 1770 726 ‘siqua
1797 618 1986 732 ccmcepiss

535 756 615 836 set,
634 731 821 844 deportari
841 729 890 813 ad
900 739 941 815 se
958 748 1109 844 partum
1124 727 1332 813 sacerdotes
1347 727 1549 840 jubebant,
1565 729 1633 845 qui
1651 731 1805 816 solemni
1822 764 1928 821 more
1943 738 1985 826 in

533 849 621 943 loco
640 848 815 935 sacrificiis
839 845 1272 953 dicatuconvenientes,
1287 840 1515 940 infantulum
1530 848 1696 961 subjecto
1720 850 1807 966 igne
1822 853 1874 939 ad
1888 854 1982 945 cine·

535 997 593 1055 res
617 998 734 1084 usque
748 968 1049 1072 comburebant,
1066 974 1164 1080 qubs
1188 974 1474 1081 urnaexceptos
1497 995 1568 1052 ceu
1594 996 1673 1055 rem
1701 998 1842 1059 sacram
1872 1001 1977 1090 repo

533 1087 712 1188 nebant:
740 1116 903 1203 curnquc
916 1077 1356 1202 ¹{etataliquiscollegio.
1372 1085 1610 1202 sacerdotum
1634 1089 1899 1203 cooptandus,
1917 1093 1985 1181 illis

532 1206 711 1293 cineribus
727 1234 814 1291 cum
843 1206 934 1292 vino
956 1205 1075 1321 epotis
1100 1203 1334 1308 initiabatur,
1351 1204 1487 1309 credo,
1507 1207 1840 1321 utpoenitentiae
1858 1212 1985 1301 nullus

535 1323 638 1412 locus
663 1327 951 1441 relinqueretur,
967 1350 1006 1423 ct
1023 1343 1138 1439 quem
1160 1323 1343 1441 religionis
1355 1323 1544 1439 persuasio
1561 1325 1754 1413 continere
1775 1357 1857 1413 non
1896 1362 1983 1446 pos-

531 1470 607 1549 set,
638 1445 794 1534 criminis
832 1444 951 1533 saltim
977 1444 1132 1528 societas
1161 1445 1357 1530 retineret.
1390 1443 1514 1539 Quod
1547 1444 1576 1533 si
1601 1442 1821 1543 Pontificem
1848 1477 1984 1537 eorum

530 1561 1100 1679 maximuminto'ricontigisset,
1119 1563 1308 1654 utrumuis
1322 1561 1475 1652 „abesset
1488 1562 1628 1665 invidia
1642 1625 1655 1668 ,
1670 1588 1782 1651 erres
1806 1593 1887 1653 non
1901 1569 1983 1681 ltuss

529 1712 645 1777 mano
657 1738 675 1789 ,·
685 1684 750 1774 sed
764 1683 894 1773 divino
906 1770 908 1772 ,
920 1678 1149 1797 consilioffagi
1162 1682 1355 1771 uideretur
1370 1681 1461 1786 ,bic
1477 1700 1557 1773 etat
1571 1683 1610 1768 in
1627 1682 1814 1772 demortui
1831 1684 1980 1774 alterius

340 1838 431 1913 naam
469 1840 514 1890 aa
529 1799 900 1919 locum-subrogandi
916 1813 1081 1921 statutus,
1104 1799 1264 1891 modus..
1288 1794 1475 1893 Infantem
1504 1800 1570 1889 illo
1594 1799 1980 1938 flagitiooonoeptum

338 1903 413 2031 ,llll
427 1901 514 2012 pilii,
529 1923 579 2007 ad
592 1922 721 2011 locum
746 1920 939 2011 sceleribus
957 1919 1182 2005 destinatum
1194 1921 1287 2035 jussa
1320 1934 1438 2006 mater
1463 1918 1568 2005 haud
1590 1920 1707 2009 inuata
1735 1923 1983 2039 deportabat,

338 2033 415 2083 ¹⁹⁸⁰*
529 2064 568 2125 et
584 2041 647 2127 ubi
666 2042 786 2158 vulgo
799 2064 946 2129 astante
961 2036 1169 2128 sacerdotes
1196 2039 1468 2144 consederant,
1487 2039 1648 2129 tamdiu
1667 2040 1769 2126 illum
1785 2070 1850 2156 per
1878 2071 1986 2130 corn·

529 2159 727 2275 primentcs
744 2171 887 2250 mallus.
903 2158 947 2248 in
959 2159 1092 2273 orbem
1106 2155 1332 2265 tradebant,
1350 2159 1473 2246 donec
1498 2157 1719 2262 miserrimus
1747 2156 1866 2246 infans
1904 2192 1984 2278 per,

529 2304 738 2384 necaretur,
751 2276 1153 2391 e'ocu'tusiomanibus
1163 2278 1337 2367 ,animam
1353 2277 1576 2381 exhalasset,
1590 2277 1619 2363 is
1634 2275 1805 2367 Pontifex
1819 2309 1919 2366 max.
1928 2282 1986 2368 di·

529 2395 620 2483 vino
635 2398 788 2483 numine
803 2393 920 2483 factus
935 2425 1012 2482 esse
1026 2396 1259 2482 censebatur,
1293 2397 1388 2490 Quo
1405 2395 1443 2479 in
1465 2395 1552 2481 loco
1578 2396 1753 2484 admitari
1781 2400 1982 2505 succurrit,

531 2544 612 2630 quo
628 2518 807 2629 procedat
827 2515 1059 2631 improbitas
1085 2513 1207 2601 cordis
1231 2515 1387 2599 humani
1411 2503 1563 2629 pudoris
1593 2515 1705 2600 semel
1735 2539 1849 2631 atque
1870 2518 1983 2604 hone·

531 2633 576 2722 sti
601 2632 692 2718 fines
708 2663 851 2752 egressa
861 2682 886 2717 .·
907 2639 1121 2720 Tantamne
1136 2629 1319 2721 feritatem
1334 2633 1372 2718 in
1388 2632 1562 2718 mortales
1580 2633 1749 2720 cecidisse
1763 2695 1776 2738 ,
1793 2659 1837 2720 ut
1850 2665 1986 2749 quent·

531 2751 809 2851 admodum'in
825 2751 1007 2848 ,homines
1035 2750 1242 2858 saevirent,
1259 2779 1342 2843 non
1365 2751 1485 2838 modo
1500 2750 1640 2866 peccati
1657 2813 1669 2857 ,
1688 2750 1755 2837 scd
1783 2751 1897 2838 etiam
1929 2755 1987 2840 in⁴

401 2942 406 2950 .
429 2928 433 2935 -
532 2869 880 2986 tellectusssexpertes
897 2932 910 2977 ,
926 2870 1196 2987 excogitarent?
1234 2869 1329 2959 Etsi
1348 2895 1496 2957 ceteros
1520 2869 1642 2960 nullus
1662 2869 1987 2988 humanigeneris

349 3002 351 3007 ’
447 3004 449 3007 ’
480 3014 481 3018 ‘
518 3015 646 3089 ¹amor*
653 2989 982 3106 ,tangebatmulla
993 2989 1203 3079 humanitas
1220 3019 1241 3072 a
1258 3011 1366 3095 tanta-
1396 2986 1545 3077 saevitia
1554 2988 1770 3078 retardabat
1783 3038 1797 3094 ,
1812 3017 1892 3075 non
1916 2991 1986 3076 sal·

533 3108 602 3205 tim
625 3133 759 3194 matres
786 3106 871 3221 (vel
896 3105 990 3193 feras
1019 3105 1140 3191 multo
1167 3109 1242 3221 iam
1265 3104 1427 3192 mitiores
1456 3105 1667 3221 imitantes)
1691 3107 1890 3196 visceribus
1911 3108 1986 3195 sans

535 3227 735 3340 pepercisse
745 3236 763 3310 l·
784 3247 946 3341 quarum
958 3225 1156 3340 'plerasque
1172 3255 1253 3312 non
1278 3224 1375 3310 siccis
1399 3248 1548 3311 tantum
1570 3225 1709 3331 oculis,
1725 3226 1790 3311 sed
1804 3224 1909 3311 hilari
1929 3250 1983 3314 et·

421 3444 424 3449 ,
479 3427 481 3431 s
534 3345 608 3439 iam
625 3344 755 3451 vultu,
771 3343 931 3436 filiorum
946 3343 1129 3430 cruciatus
1159 3371 1341 3457 necesque
1360 3367 1539 3457 spectasse
1552 3367 1720 3434 constat.
1803 3424 1806 3431 .

488 3502 490 3509 ’
595 3464 662 3548 Vl.
720 3464 792 3559 ,His
808 3492 901 3579 ergo
914 3512 927 3567 ,
942 3492 1041 3577 quae
1054 3489 1138 3550 non
1151 3461 1269 3553 dubio
1284 3459 1499 3551 multorum¹
1517 3489 1688 3553 sermone
1710 3461 1982 3568 afferebantur,

536 3608 751 3679 commotus
772 3580 955 3700 ¹aegidius
967 3579 1359 3698 ,cupiensque'tanta
1387 3573 1538 3671 infamia
1555 3609 1642 3667 wnon
1669 3580 1790 3667 modo
1811 3580 1984 3667 Christia-

385 3743 520 3818 napum
536 3728 625 3785 nam
656 3701 901 3817 religionem,
930 3700 1008 3785 sed‘
1027 3727 1145 3815 genus
1162 3700 1276 3788 etiam
1304 3697 1513 3784 humanum
1537 3698 1749 3804 vindicare,
1783 3699 1991 3813 Neapolim*

344 3806 523 3937 222?le
537 3846 624 3917 cum
648 3819 810 3904 exercitu
828 3814 1096 3932 proficiscitur,
1112 3847 1189 3933 qua
1209 3818 1248 3901 in
1278 3815 1431 3931 regione
1437 3815 1680 4017 fpotissimum
1705 3845 1751 3902 ea
1779 3817 1888 3931 pestis
1922 3818 1987 3903 ho

346 3937 522 4050 {illidium
539 3937 656 4037 mines
677 3937 847 4024 invasisse
862 3936 1126 4022 nuntiabatur.
1158 3936 1232 4022 Sed
1248 3959 1288 4020 et
1301 3963 1351 4019 eo
1367 3964 1436 4049 pro
1464 3934 1621 4020 ciscendi
1648 3935 1764 4020 causis
1798 3935 1859 4017 illa
1891 3965 1991 4049 quo·

344 4103 523 4174 „mmmm
538 4084 614 4170 que
630 4080 851 4161 accesserat,
867 4053 977 4171 quod
991 4053 1099 4138 multi
1113 4053 1181 4141 viri
1198 4051 1378 4169 principes
1395 4051 1472 4165 ejus
1504 4053 1609 4169 regni
1624 4052 1663 4136 in
1676 4054 1866 4162 Joannam
1880 4053 1988 4167 Regi

346 4168 523 4287 gildasii?
539 4203 628 4258 nam
646 4174 770 4289 palam
793 4173 1120 4290 conspiraverant,
1135 4195 1266 4258 contra
1281 4197 1380 4285 quos
1407 4172 1697 4288 cumReginaa
1715 4166 1896 4256 Pontifice
1929 4199 1993 4254 au·

348 4288 478 4338 ΝΜ·
539 4293 665 4377 uilium
696 4291 950 4406 implorasset,
967 4293 1102 4379 datum
1132 4315 1188 4376 est
1212 4290 1373 4407 Aegidio
1398 4289 1621 4407 negotium,
1645 4288 1705 4374 uti
1726 4315 1868 4402 ,pacem
1897 4286 1993 4373 inter

542 4413 642 4524 ipsos
663 4407 828 4519 faceret,
848 4414 1081 4528 gratiamque
1104 4407 1372 4496 reconciliaret.
1402 4411 1599 4504 Quocum
1613 4405 1860 4521 pervenisset,
1875 4405 1990 4519 preci·

541 4529 611 4614 bus
626 4530 805 4616 addendo
830 4533 974 4636 minas,
989 4527 1092 4613 facile
1109 4527 1288 4642 principes
1307 4529 1344 4612 in
1363 4529 1529 4643 Reginae
1551 4524 1773 4610 sententiam
1804 4523 1991 4629 traduxit,

347 4669 524 4757 maironnu-
540 4678 747 4763 pacemque
765 4647 948 4735 firmavit.
977 4653 1090 4732 Tunc
1104 4645 1318 4761 conquisitis
1333 4646 1472 4760 ubique
1488 4642 1681 4739 Fraticellis
1711 4643 1785 4757 (sic
1808 4640 1910 4727 enim
1941 4670 1995 4729 sas

347 4730 414 4783 um
432 4741 523 4792 ‘mm‘
538 4769 707 4854 cerdotes
726 4766 774 4851 illi
790 4763 918 4855 nefarii
940 4765 1057 4882 vulgo
1085 4764 1389 4880 appellabantur)
1421 4783 1632 4879 eorumque
1654 4759 1896 4876 complicibus
1913 4821 1925 4865 ,
1942 4756 1991 4844 fa·

536 4912 672 5006 eraque
689 4885 738 4973 de
753 4885 977 5004 quibusdam
994 4885 1227 5005 quaestione,
1240 4911 1286 4976 ac
1300 4882 1405 4976 sociis
1420 4881 1589 5002 proditis,
1606 4909 1747 4999 magna
1763 4881 1875 4969 turba
1888 4907 1989 4964 com·

1249 5023 1250 5026 ‘
1760 5082 1765 5093 ,
1840 5083 1844 5089 ,
1902 5025 1993 5112 pre·
