<?xml version="1.0" encoding="UTF-8"?>
<!DOCTYPE html PUBLIC "-//W3C//DTD XHTML 1.0 Transitional//EN"
    "http://www.w3.org/TR/xhtml1/DTD/xhtml1-transitional.dtd">
<html xmlns="http://www.w3.org/1999/xhtml" xml:lang="en" lang="en">
 <head>
  <title>
</title>
<meta http-equiv="Content-Type" content="text/html;charset=utf-8" />
  <meta name='ocr-system' content='tesseract 3.04.00' />
  <meta name='ocr-capabilities' content='ocr_page ocr_carea ocr_par ocr_line ocrx_word'/>
</head>
<body>
  <div class='ocr_page' id='page_1' title='image "./joannisgenesiis01sepgoog/joannisgenesiis01sepgoog_0514.png"; bbox 0 0 4020 5864; ppageno 0'>
   <div class='ocr_carea' id='block_1_1' title="bbox 475 331 1922 821">
    <p class='ocr_par' dir='ltr' id='par_1_1' title="bbox 503 331 1573 430">
     <span class='ocr_line' id='line_1_1' title="bbox 503 331 1573 430; baseline 0.004 -20"><span class='ocrx_word' id='word_1_1' title='bbox 503 357 571 430; x_wconf 79' lang='lat'>520</span> <span class='ocrx_word' id='word_1_2' title='bbox 666 331 668 335; x_wconf 77' lang='grc'>’</span> <span class='ocrx_word' id='word_1_3' title='bbox 792 341 859 412; x_wconf 74' lang='lat' dir='ltr'>or</span> <span class='ocrx_word' id='word_1_4' title='bbox 886 336 1020 415; x_wconf 78' lang='lat' dir='ltr'>rxro</span> <span class='ocrx_word' id='word_1_5' title='bbox 1045 337 1110 413; x_wconf 77' lang='lat' dir='ltr'>rr</span> <span class='ocrx_word' id='word_1_6' title='bbox 1134 337 1313 418; x_wconf 72' lang='lat' dir='ltr'>sturno</span> <span class='ocrx_word' id='word_1_7' title='bbox 1336 342 1573 420; x_wconf 81' lang='lat' dir='ltr'>xxarrxro</span> 
     </span>
    </p>

    <p class='ocr_par' dir='ltr' id='par_1_2' title="bbox 475 457 1922 821">
     <span class='ocr_line' id='line_1_2' title="bbox 475 457 1919 587; baseline -0.001 -30"><span class='ocrx_word' id='word_1_8' title='bbox 475 457 732 582; x_wconf 86' lang='lat' dir='ltr'>Respondisse</span> <span class='ocrx_word' id='word_1_9' title='bbox 747 461 863 551; x_wconf 87' lang='lat' dir='ltr'>fertur</span> <span class='ocrx_word' id='word_1_10' title='bbox 884 528 896 572; x_wconf 95' lang='lat'>,</span> <span class='ocrx_word' id='word_1_11' title='bbox 914 466 1002 582; x_wconf 90' lang='lat' dir='ltr'>quia</span> <span class='ocrx_word' id='word_1_12' title='bbox 1018 469 1207 554; x_wconf 89' lang='lat' dir='ltr'>neminem</span> <span class='ocrx_word' id='word_1_13' title='bbox 1223 497 1272 553; x_wconf 93' lang='lat' dir='ltr'>eo</span> <span class='ocrx_word' id='word_1_14' title='bbox 1296 468 1436 554; x_wconf 88' lang='lat' dir='ltr'>sceleris</span> <span class='ocrx_word' id='word_1_15' title='bbox 1458 472 1625 585; x_wconf 83' lang='lat' dir='ltr'>putasset</span> <span class='ocrx_word' id='word_1_16' title='bbox 1641 498 1919 587; x_wconf 85' lang='lat' dir='ltr'>processurum.</span> 
     </span>
     <span class='ocr_line' id='line_1_3' title="bbox 477 581 1922 701; baseline 0.003 -30"><span class='ocrx_word' id='word_1_17' title='bbox 477 586 595 698; x_wconf 75' lang='lat' dir='ltr'>Cuius</span> <span class='ocrx_word' id='word_1_18' title='bbox 611 584 672 670; x_wconf 90' lang='lat' dir='ltr'>vel</span> <span class='ocrx_word' id='word_1_19' title='bbox 690 581 776 668; x_wconf 84' lang='lat' dir='ltr'>facti</span> <span class='ocrx_word' id='word_1_20' title='bbox 798 584 857 670; x_wconf 93' lang='lat' dir='ltr'>vel</span> <span class='ocrx_word' id='word_1_21' title='bbox 890 585 978 669; x_wconf 92' lang='lat' dir='ltr'>dicti</span> <span class='ocrx_word' id='word_1_22' title='bbox 1017 615 1116 701; x_wconf 87' lang='lat' dir='ltr'>quae</span> <span class='ocrx_word' id='word_1_23' title='bbox 1135 611 1260 700; x_wconf 89' lang='lat' dir='ltr'>potest</span> <span class='ocrx_word' id='word_1_24' title='bbox 1285 586 1359 671; x_wconf 85' lang='lat' dir='ltr'>alia</span> <span class='ocrx_word' id='word_1_25' title='bbox 1377 616 1454 672; x_wconf 89' lang='lat' dir='ltr'>esse</span> <span class='ocrx_word' id='word_1_26' title='bbox 1478 617 1588 672; x_wconf 84' lang='lat' dir='ltr'>causa</span> <span class='ocrx_word' id='word_1_27' title='bbox 1611 589 1830 696; x_wconf 87' lang='lat' dir='ltr'>laudandi,</span> <span class='ocrx_word' id='word_1_28' title='bbox 1860 590 1922 676; x_wconf 84' lang='lat' dir='ltr'>nisi</span> 
     </span>
     <span class='ocr_line' id='line_1_4' title="bbox 478 702 1916 821; baseline 0.001 -33"><span class='ocrx_word' id='word_1_29' title='bbox 478 705 568 819; x_wconf 92' lang='lat' dir='ltr'>quia</span> <span class='ocrx_word' id='word_1_30' title='bbox 585 764 597 807; x_wconf 94' lang='lat'>,</span> <span class='ocrx_word' id='word_1_31' title='bbox 613 703 720 817; x_wconf 93' lang='lat' dir='ltr'>quod</span> <span class='ocrx_word' id='word_1_32' title='bbox 737 704 822 815; x_wconf 84' lang='lat' dir='ltr'>lege</span> <span class='ocrx_word' id='word_1_33' title='bbox 838 728 991 787; x_wconf 84' lang='lat' dir='ltr'>cavetur</span> <span class='ocrx_word' id='word_1_34' title='bbox 1015 764 1027 807; x_wconf 94' lang='lat'>,</span> <span class='ocrx_word' id='word_1_35' title='bbox 1049 704 1088 789; x_wconf 93' lang='lat' dir='ltr'>id</span> <span class='ocrx_word' id='word_1_36' title='bbox 1117 702 1195 789; x_wconf 86' lang='lat' dir='ltr'>fieti</span> <span class='ocrx_word' id='word_1_37' title='bbox 1210 703 1381 788; x_wconf 90' lang='lat' dir='ltr'>homines</span> <span class='ocrx_word' id='word_1_38' title='bbox 1405 709 1485 790; x_wconf 89' lang='lat' dir='ltr'>non</span> <span class='ocrx_word' id='word_1_39' title='bbox 1500 706 1621 790; x_wconf 91' lang='lat' dir='ltr'>solum</span> <span class='ocrx_word' id='word_1_40' title='bbox 1637 737 1751 821; x_wconf 88' lang='lat' dir='ltr'>posse</span> <span class='ocrx_word' id='word_1_41' title='bbox 1768 731 1916 819; x_wconf 86' lang='lat' dir='ltr'>putant,</span> 
     </span>
    </p>
   </div>
   <div class='ocr_carea' id='block_1_2' title="bbox 297 819 1930 2704">
    <p class='ocr_par' dir='ltr' id='par_1_3' title="bbox 297 819 1930 2704">
     <span class='ocr_line' id='line_1_5' title="bbox 479 819 1921 938; baseline 0.001 -31"><span class='ocrx_word' id='word_1_42' title='bbox 479 821 671 907; x_wconf 87' lang='lat' dir='ltr'>sedetiam</span> <span class='ocrx_word' id='word_1_43' title='bbox 687 820 804 904; x_wconf 93' lang='lat' dir='ltr'>solete</span> <span class='ocrx_word' id='word_1_44' title='bbox 820 819 841 901; x_wconf 70' lang='lat' dir='ltr'>‘i</span> <span class='ocrx_word' id='word_1_45' title='bbox 858 820 1017 904; x_wconf 84' lang='lat' dir='ltr'><strong>Valeant</strong></span> <span class='ocrx_word' id='word_1_46' title='bbox 1034 819 1146 936; x_wconf 89' lang='lat' dir='ltr'>igitur</span> <span class='ocrx_word' id='word_1_47' title='bbox 1173 821 1313 936; x_wconf 88' lang='lat' dir='ltr'>aliquid</span> <span class='ocrx_word' id='word_1_48' title='bbox 1346 821 1434 906; x_wconf 88' lang='lat' dir='ltr'>istae</span> <span class='ocrx_word' id='word_1_49' title='bbox 1450 850 1573 938; x_wconf 84' lang='lat' dir='ltr'>nugae</span> <span class='ocrx_word' id='word_1_50' title='bbox 1593 825 1636 907; x_wconf 86' lang='lat' dir='ltr'>in</span> <span class='ocrx_word' id='word_1_51' title='bbox 1662 824 1763 909; x_wconf 94' lang='lat' dir='ltr'>ludo</span> <span class='ocrx_word' id='word_1_52' title='bbox 1784 824 1921 908; x_wconf 86' lang='lat' dir='ltr'>littera·</span> 
     </span>
     <span class='ocr_line' id='line_1_6' title="bbox 479 937 1919 1056; baseline 0.001 -32"><span class='ocrx_word' id='word_1_53' title='bbox 479 938 565 1045; x_wconf 92' lang='lat' dir='ltr'>rio,</span> <span class='ocrx_word' id='word_1_54' title='bbox 588 962 627 1022; x_wconf 90' lang='lat' dir='ltr'>et</span> <span class='ocrx_word' id='word_1_55' title='bbox 642 937 928 1051; x_wconf 80' lang='lat' dir='ltr'>quaestiunculis</span> <span class='ocrx_word' id='word_1_56' title='bbox 943 962 983 1022; x_wconf 94' lang='lat' dir='ltr'>et</span> <span class='ocrx_word' id='word_1_57' title='bbox 1004 937 1371 1055; x_wconf 82' lang='lat' dir='ltr'>progymnasmaris,</span> <span class='ocrx_word' id='word_1_58' title='bbox 1394 939 1527 1053; x_wconf 90' lang='lat' dir='ltr'>quibus</span> <span class='ocrx_word' id='word_1_59' title='bbox 1549 939 1701 1056; x_wconf 91' lang='lat' dir='ltr'>ingenia</span> <span class='ocrx_word' id='word_1_60' title='bbox 1717 969 1919 1055; x_wconf 87' lang='lat' dir='ltr'>puerorum</span> 
     </span>
     <span class='ocr_line' id='line_1_7' title="bbox 480 1054 1919 1172; baseline -0.001 -30"><span class='ocrx_word' id='word_1_61' title='bbox 480 1079 696 1142; x_wconf 85' lang='lat' dir='ltr'>exercentur</span> <span class='ocrx_word' id='word_1_62' title='bbox 713 1056 791 1162; x_wconf 67' lang='lat' dir='ltr'>sab</span> <span class='ocrx_word' id='word_1_63' title='bbox 806 1054 944 1168; x_wconf 91' lang='lat' dir='ltr'>scriptis</span> <span class='ocrx_word' id='word_1_64' title='bbox 960 1083 1041 1140; x_wconf 93' lang='lat' dir='ltr'>non</span> <span class='ocrx_word' id='word_1_65' title='bbox 1061 1056 1147 1140; x_wconf 91' lang='lat' dir='ltr'>dico</span> <span class='ocrx_word' id='word_1_66' title='bbox 1163 1057 1299 1158; x_wconf 85' lang='lat' dir='ltr'>sactis,</span> <span class='ocrx_word' id='word_1_67' title='bbox 1319 1055 1510 1170; x_wconf 86' lang='lat' dir='ltr'>inquibus</span> <span class='ocrx_word' id='word_1_68' title='bbox 1530 1056 1624 1141; x_wconf 87' lang='lat' dir='ltr'>inest</span> <span class='ocrx_word' id='word_1_69' title='bbox 1641 1087 1799 1142; x_wconf 90' lang='lat' dir='ltr'>summa</span> <span class='ocrx_word' id='word_1_70' title='bbox 1814 1056 1919 1172; x_wconf 87' lang='lat' dir='ltr'>digni·</span> 
     </span>
     <span class='ocr_line' id='line_1_8' title="bbox 480 1169 1919 1289; baseline 0.001 -30"><span class='ocrx_word' id='word_1_71' title='bbox 480 1199 537 1259; x_wconf 89' lang='lat' dir='ltr'>tas</span> <span class='ocrx_word' id='word_1_72' title='bbox 564 1200 603 1258; x_wconf 92' lang='lat' dir='ltr'>et</span> <span class='ocrx_word' id='word_1_73' title='bbox 626 1174 811 1288; x_wconf 89' lang='lat' dir='ltr'>gravitas,</span> <span class='ocrx_word' id='word_1_74' title='bbox 837 1173 903 1257; x_wconf 90' lang='lat' dir='ltr'>sed</span> <span class='ocrx_word' id='word_1_75' title='bbox 928 1173 1087 1259; x_wconf 93' lang='lat' dir='ltr'>omnino</span> <span class='ocrx_word' id='word_1_76' title='bbox 1102 1173 1199 1258; x_wconf 90' lang='lat' dir='ltr'>seriis</span> <span class='ocrx_word' id='word_1_77' title='bbox 1226 1169 1434 1276; x_wconf 85' lang='lat' dir='ltr'>facessant,</span> <span class='ocrx_word' id='word_1_78' title='bbox 1464 1201 1563 1286; x_wconf 88' lang='lat' dir='ltr'>quae</span> <span class='ocrx_word' id='word_1_79' title='bbox 1587 1202 1670 1258; x_wconf 90' lang='lat' dir='ltr'>non</span> <span class='ocrx_word' id='word_1_80' title='bbox 1689 1174 1744 1259; x_wconf 88' lang='lat' dir='ltr'>ad</span> <span class='ocrx_word' id='word_1_81' title='bbox 1772 1174 1919 1289; x_wconf 82' lang='lat' dir='ltr'>laqueos</span> 
     </span>
     <span class='ocr_line' id='line_1_9' title="bbox 482 1289 1922 1404; baseline 0 -27"><span class='ocrx_word' id='word_1_82' title='bbox 482 1316 522 1377; x_wconf 91' lang='lat' dir='ltr'>et</span> <span class='ocrx_word' id='word_1_83' title='bbox 542 1291 726 1403; x_wconf 85' lang='lat' dir='ltr'>decipulas</span> <span class='ocrx_word' id='word_1_84' title='bbox 748 1290 996 1403; x_wconf 87' lang='lat' dir='ltr'>sophistarum</span> <span class='ocrx_word' id='word_1_85' title='bbox 1012 1290 1227 1394; x_wconf 85' lang='lat' dir='ltr'>revocanda</span> <span class='ocrx_word' id='word_1_86' title='bbox 1252 1315 1341 1373; x_wconf 91' lang='lat' dir='ltr'>sunt</span> <span class='ocrx_word' id='word_1_87' title='bbox 1361 1351 1373 1393; x_wconf 95' lang='lat'>,</span> <span class='ocrx_word' id='word_1_88' title='bbox 1398 1290 1533 1374; x_wconf 90' lang='lat' dir='ltr'>sedita</span> <span class='ocrx_word' id='word_1_89' title='bbox 1549 1289 1838 1404; x_wconf 84' lang='lat' dir='ltr'>interpretanda</span> <span class='ocrx_word' id='word_1_90' title='bbox 1854 1317 1922 1393; x_wconf 92' lang='lat' dir='ltr'>,ut</span> 
     </span>
     <span class='ocr_line' id='line_1_10' title="bbox 481 1405 1923 1524; baseline 0 -31"><span class='ocrx_word' id='word_1_91' title='bbox 481 1409 647 1524; x_wconf 89' lang='lat' dir='ltr'>postulat</span> <span class='ocrx_word' id='word_1_92' title='bbox 664 1437 742 1492; x_wconf 94' lang='lat' dir='ltr'>non</span> <span class='ocrx_word' id='word_1_93' title='bbox 760 1407 1017 1520; x_wconf 92' lang='lat' dir='ltr'>improborum</span> <span class='ocrx_word' id='word_1_94' title='bbox 1036 1408 1233 1492; x_wconf 89' lang='lat' dir='ltr'>hominum</span> <span class='ocrx_word' id='word_1_95' title='bbox 1264 1405 1430 1510; x_wconf 91' lang='lat' dir='ltr'>malitia,</span> <span class='ocrx_word' id='word_1_96' title='bbox 1457 1431 1524 1492; x_wconf 91' lang='lat' dir='ltr'>aut</span> <span class='ocrx_word' id='word_1_97' title='bbox 1556 1407 1814 1520; x_wconf 89' lang='lat' dir='ltr'>insipientium</span> <span class='ocrx_word' id='word_1_98' title='bbox 1840 1407 1923 1493; x_wconf 87' lang='lat' dir='ltr'>stul·</span> 
     </span>
     <span class='ocr_line' id='line_1_11' title="bbox 483 1521 1926 1639; baseline -0.001 -27"><span class='ocrx_word' id='word_1_99' title='bbox 483 1528 589 1632; x_wconf 87' lang='lat' dir='ltr'>titia,</span> <span class='ocrx_word' id='word_1_100' title='bbox 620 1526 684 1611; x_wconf 92' lang='lat' dir='ltr'>sed</span> <span class='ocrx_word' id='word_1_101' title='bbox 701 1555 875 1610; x_wconf 87' lang='lat' dir='ltr'>sanorum</span> <span class='ocrx_word' id='word_1_102' title='bbox 892 1554 936 1609; x_wconf 91' lang='lat' dir='ltr'>ac</span> <span class='ocrx_word' id='word_1_103' title='bbox 951 1525 1192 1638; x_wconf 90' lang='lat' dir='ltr'>prudentium</span> <span class='ocrx_word' id='word_1_104' title='bbox 1208 1523 1417 1607; x_wconf 90' lang='lat' dir='ltr'>communis</span> <span class='ocrx_word' id='word_1_105' title='bbox 1433 1521 1653 1608; x_wconf 88' lang='lat' dir='ltr'>intellectus.</span> <span class='ocrx_word' id='word_1_106' title='bbox 1687 1530 1727 1610; x_wconf 81' lang='lat' dir='ltr'>A</span> <span class='ocrx_word' id='word_1_107' title='bbox 1742 1555 1824 1639; x_wconf 92' lang='lat' dir='ltr'>quo</span> <span class='ocrx_word' id='word_1_108' title='bbox 1839 1552 1926 1611; x_wconf 87' lang='lat' dir='ltr'>cum</span> 
     </span>
     <span class='ocr_line' id='line_1_12' title="bbox 483 1639 1925 1759; baseline -0.001 -30"><span class='ocrx_word' id='word_1_109' title='bbox 483 1643 585 1730; x_wconf 85' lang='lat' dir='ltr'>istius</span> <span class='ocrx_word' id='word_1_110' title='bbox 612 1642 932 1759; x_wconf 85' lang='lat' dir='ltr'>interpretationes</span> <span class='ocrx_word' id='word_1_111' title='bbox 950 1667 1148 1756; x_wconf 88' lang='lat' dir='ltr'>tantopere</span> <span class='ocrx_word' id='word_1_112' title='bbox 1181 1639 1398 1726; x_wconf 88' lang='lat' dir='ltr'>dissentiant</span> <span class='ocrx_word' id='word_1_113' title='bbox 1425 1697 1439 1743; x_wconf 95' lang='lat'>,</span> <span class='ocrx_word' id='word_1_114' title='bbox 1466 1669 1596 1726; x_wconf 91' lang='lat' dir='ltr'>nonne</span> <span class='ocrx_word' id='word_1_115' title='bbox 1619 1641 1785 1727; x_wconf 90' lang='lat' dir='ltr'>stultum</span> <span class='ocrx_word' id='word_1_116' title='bbox 1812 1641 1925 1728; x_wconf 88' lang='lat' dir='ltr'>videti</span> 
     </span>
     <span class='ocr_line' id='line_1_13' title="bbox 484 1753 1924 1879; baseline -0.004 -29"><span class='ocrx_word' id='word_1_117' title='bbox 484 1788 640 1879; x_wconf 88' lang='lat' dir='ltr'>potest,</span> <span class='ocrx_word' id='word_1_118' title='bbox 665 1786 797 1846; x_wconf 91' lang='lat' dir='ltr'>contra</span> <span class='ocrx_word' id='word_1_119' title='bbox 813 1760 1024 1846; x_wconf 87' lang='lat' dir='ltr'>insanientis</span> <span class='ocrx_word' id='word_1_120' title='bbox 1039 1755 1200 1844; x_wconf 90' lang='lat' dir='ltr'>hominis</span> <span class='ocrx_word' id='word_1_121' title='bbox 1227 1753 1395 1842; x_wconf 84' lang='lat' dir='ltr'>furorem</span> <span class='ocrx_word' id='word_1_122' title='bbox 1411 1755 1583 1874; x_wconf 84' lang='lat' dir='ltr'>longiore</span> <span class='ocrx_word' id='word_1_123' title='bbox 1607 1787 1791 1844; x_wconf 87' lang='lat' dir='ltr'>sermone</span> <span class='ocrx_word' id='word_1_124' title='bbox 1812 1759 1924 1844; x_wconf 78' lang='lat' dir='ltr'>disse·</span> 
     </span>
     <span class='ocr_line' id='line_1_14' title="bbox 486 1873 1926 1990; baseline -0.002 -25"><span class='ocrx_word' id='word_1_125' title='bbox 486 1910 567 1967; x_wconf 90' lang='lat' dir='ltr'>tere</span> <span class='ocrx_word' id='word_1_126' title='bbox 595 1939 609 1985; x_wconf 95' lang='lat'>,</span> <span class='ocrx_word' id='word_1_127' title='bbox 636 1909 723 1965; x_wconf 91' lang='lat' dir='ltr'>cum</span> <span class='ocrx_word' id='word_1_128' title='bbox 749 1879 794 1964; x_wconf 93' lang='lat' dir='ltr'>sit</span> <span class='ocrx_word' id='word_1_129' title='bbox 819 1879 903 1963; x_wconf 87' lang='lat' dir='ltr'>satis</span> <span class='ocrx_word' id='word_1_130' title='bbox 926 1878 1054 1960; x_wconf 87' lang='lat' dir='ltr'>insana</span> <span class='ocrx_word' id='word_1_131' title='bbox 1075 1876 1183 1989; x_wconf 90' lang='lat' dir='ltr'>ipsius</span> <span class='ocrx_word' id='word_1_132' title='bbox 1199 1876 1315 1960; x_wconf 88' lang='lat' dir='ltr'>verba</span> <span class='ocrx_word' id='word_1_133' title='bbox 1343 1932 1358 1979; x_wconf 93' lang='lat'>,</span> <span class='ocrx_word' id='word_1_134' title='bbox 1386 1873 1553 1960; x_wconf 89' lang='lat' dir='ltr'>adhibita</span> <span class='ocrx_word' id='word_1_135' title='bbox 1577 1876 1926 1990; x_wconf 82' lang='lat' dir='ltr'>quantulacumque</span> 
     </span>
     <span class='ocr_line' id='line_1_15' title="bbox 484 1991 1926 2113; baseline -0.003 -29"><span class='ocrx_word' id='word_1_136' title='bbox 484 1998 755 2113; x_wconf 86' lang='lat' dir='ltr'>explicatione,</span> <span class='ocrx_word' id='word_1_137' title='bbox 776 2021 1075 2081; x_wconf 88' lang='lat' dir='ltr'>commemorate</span> <span class='ocrx_word' id='word_1_138' title='bbox 1089 2001 1100 2078; x_wconf 84' lang='lat' dir='ltr'>i</span> <span class='ocrx_word' id='word_1_139' title='bbox 1116 1992 1190 2079; x_wconf 86' lang='lat' dir='ltr'>Sed</span> <span class='ocrx_word' id='word_1_140' title='bbox 1202 1991 1295 2099; x_wconf 83' lang='lat' dir='ltr'>audi</span> <span class='ocrx_word' id='word_1_141' title='bbox 1323 2015 1501 2107; x_wconf 89' lang='lat' dir='ltr'>portenta</span> <span class='ocrx_word' id='word_1_142' title='bbox 1526 1993 1789 2108; x_wconf 83' lang='lat' dir='ltr'>superioribus</span> <span class='ocrx_word' id='word_1_143' title='bbox 1804 1992 1926 2080; x_wconf 84' lang='lat' dir='ltr'>etiam·</span> 
     </span>
     <span class='ocr_line' id='line_1_16' title="bbox 422 2115 1720 2202; baseline 0.004 -8"><span class='ocrx_word' id='word_1_144' title='bbox 422 2186 426 2194; x_wconf 88' lang='lat'>.</span> <span class='ocrx_word' id='word_1_145' title='bbox 486 2144 581 2201; x_wconf 91' lang='lat' dir='ltr'>num</span> <span class='ocrx_word' id='word_1_146' title='bbox 604 2115 832 2202; x_wconf 89' lang='lat' dir='ltr'>absurdiora.</span> <span class='ocrx_word' id='word_1_147' title='bbox 1215 2182 1217 2186; x_wconf 66' lang='lat'>,</span> <span class='ocrx_word' id='word_1_148' title='bbox 1448 2178 1450 2183; x_wconf 24' lang='grc' dir='ltr'><strong><em>ι</em></strong></span> <span class='ocrx_word' id='word_1_149' title='bbox 1716 2126 1720 2134; x_wconf 87' lang='grc'>’</span> 
     </span>
     <span class='ocr_line' id='line_1_17' title="bbox 495 2228 1924 2348; baseline 0.004 -31"><span class='ocrx_word' id='word_1_150' title='bbox 495 2272 497 2283; x_wconf 92' lang='grc'><em>·</em></span> <span class='ocrx_word' id='word_1_151' title='bbox 523 2237 614 2318; x_wconf 80' lang='lat' dir='ltr'>.x1.</span> <span class='ocrx_word' id='word_1_152' title='bbox 673 2228 774 2317; x_wconf 91' lang='lat' dir='ltr'>Cum</span> <span class='ocrx_word' id='word_1_153' title='bbox 790 2232 1014 2345; x_wconf 86' lang='lat' dir='ltr'>objiciuntur</span> <span class='ocrx_word' id='word_1_154' title='bbox 1030 2235 1199 2321; x_wconf 90' lang='lat' dir='ltr'>Lutheto</span> <span class='ocrx_word' id='word_1_155' title='bbox 1218 2255 1280 2321; x_wconf 93' lang='lat' dir='ltr'>tot</span> <span class='ocrx_word' id='word_1_156' title='bbox 1305 2255 1531 2348; x_wconf 84' lang='lat' dir='ltr'>praecepta,</span> <span class='ocrx_word' id='word_1_157' title='bbox 1555 2257 1616 2320; x_wconf 92' lang='lat' dir='ltr'>tot</span> <span class='ocrx_word' id='word_1_158' title='bbox 1631 2233 1924 2337; x_wconf 66' lang='lat' dir='ltr'>meliorationes,</span> 
     </span>
     <span class='ocr_line' id='line_1_18' title="bbox 486 2351 1930 2468; baseline 0.002 -30"><span class='ocrx_word' id='word_1_159' title='bbox 486 2351 667 2457; x_wconf 90' lang='lat' dir='ltr'>consilia,</span> <span class='ocrx_word' id='word_1_160' title='bbox 684 2353 1017 2466; x_wconf 86' lang='lat' dir='ltr'>exprobrationes,</span> <span class='ocrx_word' id='word_1_161' title='bbox 1046 2353 1183 2468; x_wconf 89' lang='lat' dir='ltr'>quibus</span> <span class='ocrx_word' id='word_1_162' title='bbox 1211 2375 1325 2438; x_wconf 87' lang='lat' dir='ltr'>scatet</span> <span class='ocrx_word' id='word_1_163' title='bbox 1349 2377 1457 2438; x_wconf 91' lang='lat' dir='ltr'>vetus</span> <span class='ocrx_word' id='word_1_164' title='bbox 1472 2377 1512 2437; x_wconf 91' lang='lat' dir='ltr'>et</span> <span class='ocrx_word' id='word_1_165' title='bbox 1544 2380 1696 2440; x_wconf 89' lang='lat' dir='ltr'>novum</span> <span class='ocrx_word' id='word_1_166' title='bbox 1732 2379 1930 2441; x_wconf 85' lang='lat' dir='ltr'>testamen·</span> 
     </span>
     <span class='ocr_line' id='line_1_19' title="bbox 488 2466 1928 2586; baseline 0.001 -30"><span class='ocrx_word' id='word_1_167' title='bbox 488 2498 572 2556; x_wconf 89' lang='lat' dir='ltr'>rum</span> <span class='ocrx_word' id='word_1_168' title='bbox 590 2527 603 2572; x_wconf 94' lang='lat'>,</span> <span class='ocrx_word' id='word_1_169' title='bbox 624 2499 722 2585; x_wconf 90' lang='lat' dir='ltr'>quae</span> <span class='ocrx_word' id='word_1_170' title='bbox 738 2469 880 2553; x_wconf 90' lang='lat' dir='ltr'>inutilia</span> <span class='ocrx_word' id='word_1_171' title='bbox 905 2500 1054 2584; x_wconf 90' lang='lat' dir='ltr'>prorsus</span> <span class='ocrx_word' id='word_1_172' title='bbox 1069 2470 1142 2555; x_wconf 93' lang='lat' dir='ltr'>sint</span> <span class='ocrx_word' id='word_1_173' title='bbox 1172 2494 1213 2555; x_wconf 92' lang='lat' dir='ltr'>et</span> <span class='ocrx_word' id='word_1_174' title='bbox 1243 2496 1546 2583; x_wconf 85' lang='lat' dir='ltr'>supervacanea,</span> <span class='ocrx_word' id='word_1_175' title='bbox 1572 2469 1602 2553; x_wconf 90' lang='lat' dir='ltr'>si</span> <span class='ocrx_word' id='word_1_176' title='bbox 1630 2470 1727 2554; x_wconf 91' lang='lat' dir='ltr'>nihil</span> <span class='ocrx_word' id='word_1_177' title='bbox 1756 2466 1928 2586; x_wconf 80' lang='lat' dir='ltr'>potestati</span> 
     </span>
     <span class='ocr_line' id='line_1_20' title="bbox 297 2586 1929 2704; baseline -0.001 -31"><span class='ocrx_word' id='word_1_178' title='bbox 297 2599 403 2655; x_wconf 58' lang='lat' dir='ltr'>tumr*</span> <span class='ocrx_word' id='word_1_179' title='bbox 421 2598 477 2693; x_wconf 70' lang='lat'>¹⁰²3</span> <span class='ocrx_word' id='word_1_180' title='bbox 489 2588 651 2673; x_wconf 91' lang='lat' dir='ltr'>hominis</span> <span class='ocrx_word' id='word_1_181' title='bbox 666 2588 925 2701; x_wconf 88' lang='lat' dir='ltr'>permittatur:</span> <span class='ocrx_word' id='word_1_182' title='bbox 956 2615 1033 2672; x_wconf 86' lang='lat' dir='ltr'>una</span> <span class='ocrx_word' id='word_1_183' title='bbox 1050 2611 1108 2672; x_wconf 94' lang='lat' dir='ltr'>est</span> <span class='ocrx_word' id='word_1_184' title='bbox 1122 2587 1232 2700; x_wconf 92' lang='lat' dir='ltr'>ipsius</span> <span class='ocrx_word' id='word_1_185' title='bbox 1247 2611 1288 2670; x_wconf 88' lang='lat' dir='ltr'>et</span> <span class='ocrx_word' id='word_1_186' title='bbox 1312 2615 1357 2670; x_wconf 84' lang='lat' dir='ltr'>ea</span> <span class='ocrx_word' id='word_1_187' title='bbox 1371 2586 1494 2673; x_wconf 87' lang='lat' dir='ltr'>brevis</span> <span class='ocrx_word' id='word_1_188' title='bbox 1508 2587 1559 2673; x_wconf 89' lang='lat' dir='ltr'>ad</span> <span class='ocrx_word' id='word_1_189' title='bbox 1574 2587 1708 2671; x_wconf 88' lang='lat' dir='ltr'>omnia</span> <span class='ocrx_word' id='word_1_190' title='bbox 1725 2588 1929 2704; x_wconf 84' lang='lat' dir='ltr'>responsio,</span> 
     </span>
    </p>
   </div>
   <div class='ocr_carea' id='block_1_3' title="bbox 297 2673 463 2726">
    <p class='ocr_par' dir='ltr' id='par_1_4' title="bbox 297 2673 463 2726">
     <span class='ocr_line' id='line_1_21' title="bbox 297 2673 463 2726; baseline -0.036 -14"><span class='ocrx_word' id='word_1_191' title='bbox 297 2678 343 2726; x_wconf 82' lang='lat' dir='ltr'>pta</span> <span class='ocrx_word' id='word_1_192' title='bbox 372 2673 463 2718; x_wconf 80' lang='lat' dir='ltr'>respon</span> 
     </span>
    </p>
   </div>
   <div class='ocr_carea' id='block_1_4' title="bbox 298 2702 1950 5024">
    <p class='ocr_par' dir='ltr' id='par_1_5' title="bbox 298 2702 1935 3165">
     <span class='ocr_line' id='line_1_22' title="bbox 299 2702 1933 2832; baseline -0.001 -42"><span class='ocrx_word' id='word_1_193' title='bbox 299 2725 341 2832; x_wconf 71' lang='lat' dir='ltr'>{il</span> <span class='ocrx_word' id='word_1_194' title='bbox 359 2732 479 2828; x_wconf 44' lang='lat' dir='ltr'>giiii.</span> <span class='ocrx_word' id='word_1_195' title='bbox 491 2709 630 2803; x_wconf 72' lang='lat' dir='ltr'>talibus</span> <span class='ocrx_word' id='word_1_196' title='bbox 651 2710 768 2788; x_wconf 83' lang='lat' dir='ltr'>dictis</span> <span class='ocrx_word' id='word_1_197' title='bbox 783 2709 926 2788; x_wconf 83' lang='lat' dir='ltr'>ostendi</span> <span class='ocrx_word' id='word_1_198' title='bbox 941 2706 1077 2788; x_wconf 84' lang='lat' dir='ltr'>homini</span> <span class='ocrx_word' id='word_1_199' title='bbox 1093 2762 1109 2811; x_wconf 96' lang='lat'>,</span> <span class='ocrx_word' id='word_1_200' title='bbox 1128 2707 1219 2810; x_wconf 83' lang='lat' dir='ltr'>quid</span> <span class='ocrx_word' id='word_1_201' title='bbox 1226 2702 1363 2809; x_wconf 79' lang='lat' dir='ltr'>fincere</span> <span class='ocrx_word' id='word_1_202' title='bbox 1375 2705 1535 2808; x_wconf 71' lang='lat' dir='ltr'>decem,</span> <span class='ocrx_word' id='word_1_203' title='bbox 1564 2730 1634 2787; x_wconf 89' lang='lat' dir='ltr'>non</span> <span class='ocrx_word' id='word_1_204' title='bbox 1643 2715 1833 2816; x_wconf 79' lang='lat' dir='ltr'>praecipi</span> <span class='ocrx_word' id='word_1_205' title='bbox 1848 2728 1933 2814; x_wconf 82' lang='lat' dir='ltr'>quae</span> 
     </span>
     <span class='ocr_line' id='line_1_23' title="bbox 298 2820 1935 2938; baseline -0.001 -32"><span class='ocrx_word' id='word_1_206' title='bbox 298 2839 419 2892; x_wconf 64' lang='lat' dir='ltr'>tonuit</span> <span class='ocrx_word' id='word_1_207' title='bbox 429 2840 479 2888; x_wconf 59' lang='lat' dir='ltr'>St·</span> <span class='ocrx_word' id='word_1_208' title='bbox 487 2831 614 2938; x_wconf 88' lang='lat' dir='ltr'>possit</span> <span class='ocrx_word' id='word_1_209' title='bbox 628 2820 783 2928; x_wconf 83' lang='lat' dir='ltr'>efficere</span> <span class='ocrx_word' id='word_1_210' title='bbox 800 2880 814 2926; x_wconf 95' lang='lat'>,</span> <span class='ocrx_word' id='word_1_211' title='bbox 842 2837 885 2904; x_wconf 83' lang='lat' dir='ltr'>at</span> <span class='ocrx_word' id='word_1_212' title='bbox 899 2826 1063 2925; x_wconf 85' lang='lat' dir='ltr'>videat,</span> <span class='ocrx_word' id='word_1_213' title='bbox 1083 2821 1232 2936; x_wconf 91' lang='lat' dir='ltr'>inquit,</span> <span class='ocrx_word' id='word_1_214' title='bbox 1248 2843 1357 2926; x_wconf 79' lang='lat' dir='ltr'>qnam</span> <span class='ocrx_word' id='word_1_215' title='bbox 1379 2825 1480 2903; x_wconf 84' lang='lat' dir='ltr'>nulla</span> <span class='ocrx_word' id='word_1_216' title='bbox 1496 2828 1551 2904; x_wconf 87' lang='lat' dir='ltr'>sit</span> <span class='ocrx_word' id='word_1_217' title='bbox 1566 2849 1635 2904; x_wconf 84' lang='lat' dir='ltr'>sna</span> <span class='ocrx_word' id='word_1_218' title='bbox 1651 2829 1725 2906; x_wconf 77' lang='lat' dir='ltr'>lam</span> <span class='ocrx_word' id='word_1_219' title='bbox 1748 2882 1762 2928; x_wconf 92' lang='lat'>,</span> <span class='ocrx_word' id='word_1_220' title='bbox 1788 2842 1826 2907; x_wconf 90' lang='lat' dir='ltr'>et</span> <span class='ocrx_word' id='word_1_221' title='bbox 1842 2826 1935 2904; x_wconf 78' lang='lat' dir='ltr'>nuda</span> 
     </span>
     <span class='ocr_line' id='line_1_24' title="bbox 470 2943 1934 3048; baseline -0.005 -20"><span class='ocrx_word' id='word_1_222' title='bbox 470 3002 472 3007; x_wconf 85' lang='lat'>-</span> <span class='ocrx_word' id='word_1_223' title='bbox 493 2945 698 3030; x_wconf 73' lang='lat' dir='ltr'>memoratis</span> <span class='ocrx_word' id='word_1_224' title='bbox 713 2948 870 3043; x_wconf 84' lang='lat' dir='ltr'>virtus,</span> <span class='ocrx_word' id='word_1_225' title='bbox 899 2953 941 3023; x_wconf 84' lang='lat' dir='ltr'>nt</span> <span class='ocrx_word' id='word_1_226' title='bbox 959 2955 1156 3048; x_wconf 86' lang='lat' dir='ltr'>cognoscat</span> <span class='ocrx_word' id='word_1_227' title='bbox 1166 2951 1363 3046; x_wconf 86' lang='lat' dir='ltr'>peccatum</span> <span class='ocrx_word' id='word_1_228' title='bbox 1379 2997 1392 3042; x_wconf 97' lang='lat'>,</span> <span class='ocrx_word' id='word_1_229' title='bbox 1407 2964 1476 3020; x_wconf 89' lang='lat' dir='ltr'>non</span> <span class='ocrx_word' id='word_1_230' title='bbox 1502 2959 1545 3024; x_wconf 86' lang='lat' dir='ltr'>at</span> <span class='ocrx_word' id='word_1_231' title='bbox 1563 2943 1695 3023; x_wconf 81' lang='lat' dir='ltr'>medat</span> <span class='ocrx_word' id='word_1_232' title='bbox 1724 2943 1804 3024; x_wconf 82' lang='lat' dir='ltr'>siti</span> <span class='ocrx_word' id='word_1_233' title='bbox 1819 2951 1934 3024; x_wconf 80' lang='lat' dir='ltr'>inesse</span> 
     </span>
     <span class='ocr_line' id='line_1_25' title="bbox 494 3053 1933 3165; baseline -0.003 -19"><span class='ocrx_word' id='word_1_234' title='bbox 494 3063 656 3165; x_wconf 81' lang='lat' dir='ltr'>aliqttom</span> <span class='ocrx_word' id='word_1_235' title='bbox 670 3064 750 3142; x_wconf 88' lang='lat' dir='ltr'>vim</span> <span class='ocrx_word' id='word_1_236' title='bbox 766 3053 960 3161; x_wconf 78' lang='lat' dir='ltr'>efficiendi</span> <span class='ocrx_word' id='word_1_237' title='bbox 972 3086 981 3141; x_wconf 93' lang='lat'>:</span> <span class='ocrx_word' id='word_1_238' title='bbox 1008 3059 1192 3159; x_wconf 82' lang='lat' dir='ltr'>breviter,</span> <span class='ocrx_word' id='word_1_239' title='bbox 1210 3059 1337 3138; x_wconf 78' lang='lat' dir='ltr'>attali</span> <span class='ocrx_word' id='word_1_240' title='bbox 1362 3061 1566 3163; x_wconf 78' lang='lat' dir='ltr'>cognitione</span> <span class='ocrx_word' id='word_1_241' title='bbox 1592 3061 1748 3140; x_wconf 81' lang='lat' dir='ltr'>nostrae</span> <span class='ocrx_word' id='word_1_242' title='bbox 1774 3061 1933 3142; x_wconf 82' lang='lat' dir='ltr'>imbecil-</span> 
     </span>
    </p>

    <p class='ocr_par' dir='ltr' id='par_1_6' title="bbox 496 3174 1933 3282">
     <span class='ocr_line' id='line_1_26' title="bbox 496 3174 1933 3282; baseline -0.003 -22"><span class='ocrx_word' id='word_1_243' title='bbox 496 3183 621 3263; x_wconf 79' lang='lat' dir='ltr'>litatis</span> <span class='ocrx_word' id='word_1_244' title='bbox 634 3177 878 3258; x_wconf 82' lang='lat' dir='ltr'>humiliemur.</span> <span class='ocrx_word' id='word_1_245' title='bbox 912 3174 1185 3255; x_wconf 82' lang='lat' dir='ltr'>Minasautem</span> <span class='ocrx_word' id='word_1_246' title='bbox 1200 3185 1237 3253; x_wconf 84' lang='lat' dir='ltr'>et</span> <span class='ocrx_word' id='word_1_247' title='bbox 1255 3179 1522 3280; x_wconf 76' lang='lat' dir='ltr'>promissiones</span> <span class='ocrx_word' id='word_1_248' title='bbox 1536 3174 1821 3282; x_wconf 75' lang='lat' dir='ltr'>impertinere</span> <span class='ocrx_word' id='word_1_249' title='bbox 1848 3233 1863 3281; x_wconf 90' lang='lat'>,</span> <span class='ocrx_word' id='word_1_250' title='bbox 1893 3186 1933 3255; x_wconf 75' lang='lat' dir='ltr'>ra</span> 
     </span>
    </p>

    <p class='ocr_par' dir='ltr' id='par_1_7' title="bbox 494 3291 1937 3394">
     <span class='ocr_line' id='line_1_27' title="bbox 494 3291 1937 3394; baseline -0.003 -15"><span class='ocrx_word' id='word_1_251' title='bbox 494 3296 658 3388; x_wconf 72' lang='lat' dir='ltr'>homines</span> <span class='ocrx_word' id='word_1_252' title='bbox 684 3295 933 3393; x_wconf 78' lang='lat' dir='ltr'>emdiantur,</span> <span class='ocrx_word' id='word_1_253' title='bbox 962 3305 1211 3393; x_wconf 83' lang='lat' dir='ltr'>moveantar,</span> <span class='ocrx_word' id='word_1_254' title='bbox 1233 3295 1450 3372; x_wconf 74' lang='lat' dir='ltr'>excitentur</span> <span class='ocrx_word' id='word_1_255' title='bbox 1464 3304 1575 3394; x_wconf 81' lang='lat' dir='ltr'>atque</span> <span class='ocrx_word' id='word_1_256' title='bbox 1602 3305 1839 3385; x_wconf 73' lang='lat' dir='ltr'>terreantur.</span> <span class='ocrx_word' id='word_1_257' title='bbox 1869 3291 1937 3375; x_wconf 84' lang='lat' dir='ltr'>Hic</span> 
     </span>
    </p>

    <p class='ocr_par' dir='ltr' id='par_1_8' title="bbox 457 3403 1938 3641">
     <span class='ocr_line' id='line_1_28' title="bbox 457 3403 1938 3527; baseline -0.001 -31"><span class='ocrx_word' id='word_1_258' title='bbox 457 3477 461 3482; x_wconf 80' lang='lat'><em>-</em></span> <span class='ocrx_word' id='word_1_259' title='bbox 499 3441 575 3527; x_wconf 89' lang='lat' dir='ltr'>ego</span> <span class='ocrx_word' id='word_1_260' title='bbox 588 3409 682 3525; x_wconf 92' lang='lat' dir='ltr'>quid</span> <span class='ocrx_word' id='word_1_261' title='bbox 696 3410 845 3494; x_wconf 80' lang='lat' dir='ltr'>dicam?</span> <span class='ocrx_word' id='word_1_262' title='bbox 880 3411 960 3493; x_wconf 83' lang='lat' dir='ltr'>Aut</span> <span class='ocrx_word' id='word_1_263' title='bbox 980 3406 1076 3524; x_wconf 88' lang='lat' dir='ltr'>quid</span> <span class='ocrx_word' id='word_1_264' title='bbox 1102 3407 1257 3492; x_wconf 88' lang='lat' dir='ltr'>insecter</span> <span class='ocrx_word' id='word_1_265' title='bbox 1273 3428 1354 3490; x_wconf 86' lang='lat' dir='ltr'>tam</span> <span class='ocrx_word' id='word_1_266' title='bbox 1369 3403 1607 3521; x_wconf 81' lang='lat' dir='ltr'>profligatam</span> <span class='ocrx_word' id='word_1_267' title='bbox 1633 3408 1798 3495; x_wconf 85' lang='lat' dir='ltr'>hominis</span> <span class='ocrx_word' id='word_1_268' title='bbox 1822 3409 1938 3523; x_wconf 84' lang='lat' dir='ltr'>impu·</span> 
     </span>
     <span class='ocr_line' id='line_1_29' title="bbox 501 3518 1936 3641; baseline -0.004 -27"><span class='ocrx_word' id='word_1_269' title='bbox 501 3529 693 3615; x_wconf 86' lang='lat' dir='ltr'>dentiam?</span> <span class='ocrx_word' id='word_1_270' title='bbox 725 3524 806 3621; x_wconf 93' lang='lat' dir='ltr'>Qui</span> <span class='ocrx_word' id='word_1_271' title='bbox 821 3522 989 3636; x_wconf 77' lang='lat' dir='ltr'>injuriam</span> <span class='ocrx_word' id='word_1_272' title='bbox 1018 3518 1189 3636; x_wconf 87' lang='lat' dir='ltr'>profecto</span> <span class='ocrx_word' id='word_1_273' title='bbox 1211 3520 1302 3606; x_wconf 90' lang='lat' dir='ltr'>mihi</span> <span class='ocrx_word' id='word_1_274' title='bbox 1330 3523 1462 3608; x_wconf 91' lang='lat' dir='ltr'>videor</span> <span class='ocrx_word' id='word_1_275' title='bbox 1484 3551 1561 3607; x_wconf 87' lang='lat' dir='ltr'>esse</span> <span class='ocrx_word' id='word_1_276' title='bbox 1585 3519 1758 3610; x_wconf 81' lang='lat' dir='ltr'>factumn</span> <span class='ocrx_word' id='word_1_277' title='bbox 1773 3527 1936 3641; x_wconf 85' lang='lat' dir='ltr'>pruden-</span> 
     </span>
    </p>

    <p class='ocr_par' dir='ltr' id='par_1_9' title="bbox 490 3638 1939 3753">
     <span class='ocr_line' id='line_1_30' title="bbox 490 3638 1939 3753; baseline -0.001 -21"><span class='ocrx_word' id='word_1_278' title='bbox 490 3647 597 3732; x_wconf 86' lang='lat' dir='ltr'>tibus</span> <span class='ocrx_word' id='word_1_279' title='bbox 614 3643 854 3744; x_wconf 91' lang='lat' dir='ltr'>hominibus,</span> <span class='ocrx_word' id='word_1_280' title='bbox 881 3641 909 3725; x_wconf 90' lang='lat' dir='ltr'>si</span> <span class='ocrx_word' id='word_1_281' title='bbox 935 3663 1016 3724; x_wconf 95' lang='lat' dir='ltr'>tam</span> <span class='ocrx_word' id='word_1_282' title='bbox 1044 3639 1186 3740; x_wconf 86' lang='lat' dir='ltr'>cunctis</span> <span class='ocrx_word' id='word_1_283' title='bbox 1215 3663 1344 3753; x_wconf 88' lang='lat' dir='ltr'>aperta</span> <span class='ocrx_word' id='word_1_284' title='bbox 1369 3638 1563 3723; x_wconf 87' lang='lat' dir='ltr'>mendacia</span> <span class='ocrx_word' id='word_1_285' title='bbox 1578 3640 1817 3729; x_wconf 83' lang='lat' dir='ltr'>sutltissimae</span> <span class='ocrx_word' id='word_1_286' title='bbox 1833 3643 1939 3730; x_wconf 70' lang='lat' dir='ltr'>imer-</span> 
     </span>
    </p>

    <p class='ocr_par' dir='ltr' id='par_1_10' title="bbox 310 3755 1945 4114">
     <span class='ocr_line' id='line_1_31' title="bbox 310 3755 1942 3877; baseline -0.013 -15"><span class='ocrx_word' id='word_1_287' title='bbox 310 3811 351 3861; x_wconf 66' lang='grc' dir='ltr'>ιι</span> <span class='ocrx_word' id='word_1_288' title='bbox 365 3809 487 3867; x_wconf 56' lang='lat' dir='ltr'>nomen.</span> <span class='ocrx_word' id='word_1_289' title='bbox 503 3761 717 3877; x_wconf 90' lang='lat' dir='ltr'>pretationis</span> <span class='ocrx_word' id='word_1_290' title='bbox 741 3758 835 3844; x_wconf 89' lang='lat' dir='ltr'>nitar</span> <span class='ocrx_word' id='word_1_291' title='bbox 850 3756 932 3871; x_wconf 87' lang='lat' dir='ltr'>ipsis</span> <span class='ocrx_word' id='word_1_292' title='bbox 947 3757 1151 3841; x_wconf 90' lang='lat' dir='ltr'>accuratius</span> <span class='ocrx_word' id='word_1_293' title='bbox 1177 3755 1380 3868; x_wconf 85' lang='lat' dir='ltr'>explicare.</span> <span class='ocrx_word' id='word_1_294' title='bbox 1413 3757 1630 3840; x_wconf 80' lang='lat' dir='ltr'>AtPaulrts</span> <span class='ocrx_word' id='word_1_295' title='bbox 1639 3777 1717 3867; x_wconf 85' lang='lat' dir='ltr'>per</span> <span class='ocrx_word' id='word_1_296' title='bbox 1740 3767 1860 3870; x_wconf 83' lang='lat' dir='ltr'>legem</span> <span class='ocrx_word' id='word_1_297' title='bbox 1887 3764 1942 3841; x_wconf 86' lang='lat' dir='ltr'>di·</span> 
     </span>
     <span class='ocr_line' id='line_1_32' title="bbox 492 3872 1938 3992; baseline -0.002 -29"><span class='ocrx_word' id='word_1_298' title='bbox 492 3889 559 3964; x_wconf 86' lang='lat' dir='ltr'>cit</span> <span class='ocrx_word' id='word_1_299' title='bbox 586 3885 755 3986; x_wconf 81' lang='lat' dir='ltr'>cognosci</span> <span class='ocrx_word' id='word_1_300' title='bbox 780 3891 988 3984; x_wconf 83' lang='lat' dir='ltr'>peccatam.</span> <span class='ocrx_word' id='word_1_301' title='bbox 1022 3873 1131 3967; x_wconf 91' lang='lat' dir='ltr'>Quid</span> <span class='ocrx_word' id='word_1_302' title='bbox 1160 3873 1199 3956; x_wconf 92' lang='lat' dir='ltr'>ni</span> <span class='ocrx_word' id='word_1_303' title='bbox 1226 3872 1350 3958; x_wconf 82' lang='lat' dir='ltr'>dicati</span> <span class='ocrx_word' id='word_1_304' title='bbox 1376 3901 1464 3960; x_wconf 91' lang='lat' dir='ltr'>cum</span> <span class='ocrx_word' id='word_1_305' title='bbox 1493 3872 1540 3958; x_wconf 91' lang='lat' dir='ltr'>sit</span> <span class='ocrx_word' id='word_1_306' title='bbox 1565 3873 1655 3959; x_wconf 87' lang='lat' dir='ltr'>hoe.</span> <span class='ocrx_word' id='word_1_307' title='bbox 1673 3874 1768 3992; x_wconf 84' lang='lat' dir='ltr'>legis</span> <span class='ocrx_word' id='word_1_308' title='bbox 1782 3878 1938 3963; x_wconf 84' lang='lat' dir='ltr'>maxime</span> 
     </span>
     <span class='ocr_line' id='line_1_33' title="bbox 492 3989 1945 4114; baseline -0.003 -33"><span class='ocrx_word' id='word_1_309' title='bbox 492 3994 696 4114; x_wconf 62' lang='lat' dir='ltr'>«proprium</span> <span class='ocrx_word' id='word_1_310' title='bbox 713 4054 725 4096; x_wconf 96' lang='lat'>,</span> <span class='ocrx_word' id='word_1_311' title='bbox 754 4018 835 4077; x_wconf 93' lang='lat' dir='ltr'>non</span> <span class='ocrx_word' id='word_1_312' title='bbox 851 3992 973 4076; x_wconf 93' lang='lat' dir='ltr'>solum</span> <span class='ocrx_word' id='word_1_313' title='bbox 989 3989 1137 4076; x_wconf 85' lang='lat' dir='ltr'>divinae</span> <span class='ocrx_word' id='word_1_314' title='bbox 1154 4046 1169 4092; x_wconf 91' lang='lat'>,</span> <span class='ocrx_word' id='word_1_315' title='bbox 1191 3990 1256 4073; x_wconf 91' lang='lat' dir='ltr'>sed</span> <span class='ocrx_word' id='word_1_316' title='bbox 1273 3989 1384 4075; x_wconf 87' lang='lat' dir='ltr'>etiam</span> <span class='ocrx_word' id='word_1_317' title='bbox 1401 3992 1626 4098; x_wconf 89' lang='lat' dir='ltr'>humanae,</span> <span class='ocrx_word' id='word_1_318' title='bbox 1644 4018 1688 4077; x_wconf 93' lang='lat' dir='ltr'>ut</span> <span class='ocrx_word' id='word_1_319' title='bbox 1719 3995 1872 4112; x_wconf 80' lang='lat' dir='ltr'>agenda</span> <span class='ocrx_word' id='word_1_320' title='bbox 1900 3992 1945 4077; x_wconf 91' lang='lat' dir='ltr'>si·</span> 
     </span>
    </p>

    <p class='ocr_par' dir='ltr' id='par_1_11' title="bbox 495 4106 1948 4347">
     <span class='ocr_line' id='line_1_34' title="bbox 495 4106 1946 4229; baseline -0.002 -29"><span class='ocrx_word' id='word_1_321' title='bbox 495 4113 584 4202; x_wconf 85' lang='lat' dir='ltr'>-mul</span> <span class='ocrx_word' id='word_1_322' title='bbox 599 4113 765 4216; x_wconf 87' lang='lat' dir='ltr'>doceat,</span> <span class='ocrx_word' id='word_1_323' title='bbox 778 4107 905 4196; x_wconf 74' lang='lat' dir='ltr'>simul·</span> <span class='ocrx_word' id='word_1_324' title='bbox 929 4136 1041 4226; x_wconf 87' lang='lat' dir='ltr'>agere</span> <span class='ocrx_word' id='word_1_325' title='bbox 1063 4106 1296 4221; x_wconf 84' lang='lat' dir='ltr'>praecipiat:</span> <span class='ocrx_word' id='word_1_326' title='bbox 1327 4135 1394 4220; x_wconf 91' lang='lat' dir='ltr'>per</span> <span class='ocrx_word' id='word_1_327' title='bbox 1423 4107 1545 4225; x_wconf 91' lang='lat' dir='ltr'>legem</span> <span class='ocrx_word' id='word_1_328' title='bbox 1576 4109 1686 4226; x_wconf 87' lang='lat' dir='ltr'>igitur</span> <span class='ocrx_word' id='word_1_329' title='bbox 1703 4112 1946 4229; x_wconf 86' lang='lat' dir='ltr'>cognoscitur</span> 
     </span>
     <span class='ocr_line' id='line_1_35' title="bbox 505 4223 1948 4347; baseline -0.003 -29"><span class='ocrx_word' id='word_1_330' title='bbox 505 4254 730 4347; x_wconf 86' lang='lat' dir='ltr'>peccatum,</span> <span class='ocrx_word' id='word_1_331' title='bbox 756 4226 938 4342; x_wconf 85' lang='lat' dir='ltr'>quoniam</span> <span class='ocrx_word' id='word_1_332' title='bbox 955 4226 1020 4310; x_wconf 93' lang='lat' dir='ltr'>nisi</span> <span class='ocrx_word' id='word_1_333' title='bbox 1034 4224 1093 4309; x_wconf 93' lang='lat' dir='ltr'>lex</span> <span class='ocrx_word' id='word_1_334' title='bbox 1108 4224 1182 4327; x_wconf 89' lang='lat' dir='ltr'>sit,</span> <span class='ocrx_word' id='word_1_335' title='bbox 1210 4223 1374 4338; x_wconf 85' lang='lat' dir='ltr'>ignorari</span> <span class='ocrx_word' id='word_1_336' title='bbox 1390 4252 1538 4311; x_wconf 89' lang='lat' dir='ltr'>necesse</span> <span class='ocrx_word' id='word_1_337' title='bbox 1555 4250 1636 4332; x_wconf 87' lang='lat' dir='ltr'>est,</span> <span class='ocrx_word' id='word_1_338' title='bbox 1659 4228 1757 4340; x_wconf 91' lang='lat' dir='ltr'>quid</span> <span class='ocrx_word' id='word_1_339' title='bbox 1788 4229 1841 4317; x_wconf 90' lang='lat' dir='ltr'>sit</span> <span class='ocrx_word' id='word_1_340' title='bbox 1867 4257 1948 4345; x_wconf 86' lang='lat' dir='ltr'>poc·</span> 
     </span>
    </p>

    <p class='ocr_par' dir='ltr' id='par_1_12' title="bbox 506 4337 1945 4461">
     <span class='ocr_line' id='line_1_36' title="bbox 506 4337 1945 4461; baseline 0.002 -28"><span class='ocrx_word' id='word_1_341' title='bbox 506 4374 661 4453; x_wconf 71' lang='lat' dir='ltr'>murm,</span> <span class='ocrx_word' id='word_1_342' title='bbox 685 4341 778 4461; x_wconf 90' lang='lat' dir='ltr'>quid</span> <span class='ocrx_word' id='word_1_343' title='bbox 795 4345 939 4448; x_wconf 88' lang='lat' dir='ltr'>virtus,</span> <span class='ocrx_word' id='word_1_344' title='bbox 968 4339 1063 4458; x_wconf 92' lang='lat' dir='ltr'>quid</span> <span class='ocrx_word' id='word_1_345' title='bbox 1077 4337 1269 4427; x_wconf 86' lang='lat' dir='ltr'>olliciunt:</span> <span class='ocrx_word' id='word_1_346' title='bbox 1297 4341 1407 4455; x_wconf 92' lang='lat' dir='ltr'>quod</span> <span class='ocrx_word' id='word_1_347' title='bbox 1422 4341 1461 4426; x_wconf 92' lang='lat' dir='ltr'>in</span> <span class='ocrx_word' id='word_1_348' title='bbox 1476 4342 1609 4429; x_wconf 87' lang='lat' dir='ltr'>eadem</span> <span class='ocrx_word' id='word_1_349' title='bbox 1639 4342 1802 4458; x_wconf 79' lang='lat' dir='ltr'>epistola</span> <span class='ocrx_word' id='word_1_350' title='bbox 1835 4347 1945 4436; x_wconf 87' lang='lat' dir='ltr'>docet</span> 
     </span>
    </p>

    <p class='ocr_par' dir='ltr' id='par_1_13' title="bbox 358 4460 1947 4571">
     <span class='ocr_line' id='line_1_37' title="bbox 358 4460 1947 4571; baseline -0.001 -18"><span class='ocrx_word' id='word_1_351' title='bbox 358 4468 418 4530; x_wconf 69' lang='lat'>⁶⁴⁹·</span> <span class='ocrx_word' id='word_1_352' title='bbox 433 4472 459 4528; x_wconf 83' lang='lat'>⁷·</span> <span class='ocrx_word' id='word_1_353' title='bbox 491 4507 494 4512; x_wconf 92' lang='grc'><strong><em>·</em></strong></span> <span class='ocrx_word' id='word_1_354' title='bbox 509 4465 644 4553; x_wconf 88' lang='lat' dir='ltr'>Paulus</span> <span class='ocrx_word' id='word_1_355' title='bbox 660 4464 714 4549; x_wconf 92' lang='lat' dir='ltr'>his</span> <span class='ocrx_word' id='word_1_356' title='bbox 728 4461 848 4550; x_wconf 86' lang='lat' dir='ltr'>verbis</span> <span class='ocrx_word' id='word_1_357' title='bbox 864 4523 876 4566; x_wconf 93' lang='lat'>,</span> <span class='ocrx_word' id='word_1_358' title='bbox 893 4465 1223 4571; x_wconf 84' lang='lat' dir='ltr'>concupiscentiam</span> <span class='ocrx_word' id='word_1_359' title='bbox 1238 4460 1441 4542; x_wconf 83' lang='lat' dir='ltr'>nesciebam</span> <span class='ocrx_word' id='word_1_360' title='bbox 1456 4485 1537 4543; x_wconf 86' lang='lat' dir='ltr'>esse</span> <span class='ocrx_word' id='word_1_361' title='bbox 1548 4477 1746 4570; x_wconf 83' lang='lat' dir='ltr'>peccatam</span> <span class='ocrx_word' id='word_1_362' title='bbox 1762 4525 1775 4570; x_wconf 91' lang='lat'>,</span> <span class='ocrx_word' id='word_1_363' title='bbox 1792 4473 1877 4550; x_wconf 86' lang='lat' dir='ltr'>nisi</span> <span class='ocrx_word' id='word_1_364' title='bbox 1891 4461 1947 4550; x_wconf 78' lang='lat' dir='ltr'>tes</span> 
     </span>
    </p>

    <p class='ocr_par' dir='ltr' id='par_1_14' title="bbox 489 4575 1945 4692">
     <span class='ocr_line' id='line_1_38' title="bbox 489 4575 1945 4692; baseline -0.008 -22"><span class='ocrx_word' id='word_1_365' title='bbox 489 4609 492 4615; x_wconf 85' lang='lat'><em>·</em></span> <span class='ocrx_word' id='word_1_366' title='bbox 510 4589 653 4671; x_wconf 83' lang='lat' dir='ltr'>diceret</span> <span class='ocrx_word' id='word_1_367' title='bbox 669 4605 760 4687; x_wconf 86' lang='lat' dir='ltr'>,non</span> <span class='ocrx_word' id='word_1_368' title='bbox 775 4587 1021 4687; x_wconf 75' lang='lat' dir='ltr'>concupisces.</span> <span class='ocrx_word' id='word_1_369' title='bbox 1050 4580 1173 4661; x_wconf 89' lang='lat' dir='ltr'>Immo</span> <span class='ocrx_word' id='word_1_370' title='bbox 1189 4603 1282 4662; x_wconf 88' lang='lat' dir='ltr'>vcro</span> <span class='ocrx_word' id='word_1_371' title='bbox 1295 4575 1363 4661; x_wconf 90' lang='lat' dir='ltr'>nisi</span> <span class='ocrx_word' id='word_1_372' title='bbox 1376 4575 1436 4661; x_wconf 89' lang='lat' dir='ltr'>lex</span> <span class='ocrx_word' id='word_1_373' title='bbox 1450 4576 1525 4682; x_wconf 91' lang='lat' dir='ltr'>sit,</span> <span class='ocrx_word' id='word_1_374' title='bbox 1543 4604 1741 4692; x_wconf 84' lang='lat' dir='ltr'>peccattun</span> <span class='ocrx_word' id='word_1_375' title='bbox 1757 4609 1850 4670; x_wconf 60' lang='lat' dir='ltr'>„esse</span> <span class='ocrx_word' id='word_1_376' title='bbox 1874 4610 1945 4667; x_wconf 85' lang='lat' dir='ltr'>non</span> 
     </span>
    </p>

    <p class='ocr_par' dir='ltr' id='par_1_15' title="bbox 322 4692 1950 5024">
     <span class='ocr_line' id='line_1_39' title="bbox 336 4692 1947 4823; baseline -0.004 -33"><span class='ocrx_word' id='word_1_377' title='bbox 336 4759 498 4823; x_wconf 53' lang='lat' dir='ltr'>mm,</span> <span class='ocrx_word' id='word_1_378' title='bbox 511 4725 661 4820; x_wconf 86' lang='lat' dir='ltr'>potest:</span> <span class='ocrx_word' id='word_1_379' title='bbox 687 4720 742 4783; x_wconf 88' lang='lat' dir='ltr'>est</span> <span class='ocrx_word' id='word_1_380' title='bbox 757 4695 858 4780; x_wconf 91' lang='lat' dir='ltr'>enim</span> <span class='ocrx_word' id='word_1_381' title='bbox 875 4696 1073 4809; x_wconf 86' lang='lat' dir='ltr'>peccatum</span> <span class='ocrx_word' id='word_1_382' title='bbox 1086 4692 1175 4809; x_wconf 87' lang='lat' dir='ltr'>legis</span> <span class='ocrx_word' id='word_1_383' title='bbox 1190 4694 1454 4809; x_wconf 81' lang='lat' dir='ltr'>transgressio,</span> <span class='ocrx_word' id='word_1_384' title='bbox 1479 4694 1519 4778; x_wconf 92' lang='lat' dir='ltr'>in</span> <span class='ocrx_word' id='word_1_385' title='bbox 1543 4726 1624 4811; x_wconf 92' lang='lat' dir='ltr'>quo</span> <span class='ocrx_word' id='word_1_386' title='bbox 1639 4697 1827 4786; x_wconf 85' lang='lat' dir='ltr'>eumdem</span> <span class='ocrx_word' id='word_1_387' title='bbox 1858 4704 1947 4784; x_wconf 81' lang='lat' dir='ltr'>Pau·</span> 
     </span>
     <span class='ocr_line' id='line_1_40' title="bbox 322 4812 1949 4931; baseline 0.009 -44"><span class='ocrx_word' id='word_1_388' title='bbox 322 4828 388 4878; x_wconf 73' lang='lat' dir='ltr'>stota</span> <span class='ocrx_word' id='word_1_389' title='bbox 401 4828 485 4888; x_wconf 70' lang='lat' dir='ltr'>car-⁴·</span> <span class='ocrx_word' id='word_1_390' title='bbox 511 4826 589 4916; x_wconf 72' lang='lat' dir='ltr'>[um</span> <span class='ocrx_word' id='word_1_391' title='bbox 606 4818 787 4919; x_wconf 65' lang='lat' dir='ltr'>habemus</span> <span class='ocrx_word' id='word_1_392' title='bbox 805 4837 1031 4923; x_wconf 70' lang='lat' dir='ltr'>auctorem,</span> <span class='ocrx_word' id='word_1_393' title='bbox 1056 4818 1121 4922; x_wconf 76' lang='lat' dir='ltr'>qui</span> <span class='ocrx_word' id='word_1_394' title='bbox 1134 4812 1199 4899; x_wconf 83' lang='lat' dir='ltr'>ubi</span> <span class='ocrx_word' id='word_1_395' title='bbox 1213 4835 1282 4899; x_wconf 84' lang='lat' dir='ltr'>non</span> <span class='ocrx_word' id='word_1_396' title='bbox 1298 4826 1356 4899; x_wconf 85' lang='lat' dir='ltr'>est</span> <span class='ocrx_word' id='word_1_397' title='bbox 1370 4817 1463 4920; x_wconf 81' lang='lat' dir='ltr'>len,</span> <span class='ocrx_word' id='word_1_398' title='bbox 1491 4812 1643 4931; x_wconf 91' lang='lat' dir='ltr'>inquit,</span> <span class='ocrx_word' id='word_1_399' title='bbox 1669 4841 1716 4902; x_wconf 84' lang='lat' dir='ltr'>ne</span> <span class='ocrx_word' id='word_1_400' title='bbox 1738 4823 1949 4930; x_wconf 81' lang='lat' dir='ltr'>praevari-</span> 
     </span>
     <span class='ocr_line' id='line_1_41' title="bbox 491 4961 1950 5024; baseline -0.005 3"><span class='ocrx_word' id='word_1_401' title='bbox 491 4980 494 4988; x_wconf 93' lang='lat'>·</span> <span class='ocrx_word' id='word_1_402' title='bbox 1894 4961 1950 5024; x_wconf 76' lang='lat' dir='ltr'>ca</span> 
     </span>
    </p>
   </div>
   <div class='ocr_carea' id='block_1_5' title="bbox 0 0 2040 5864">
    <p class='ocr_par' dir='ltr' id='par_1_16' title="bbox 0 0 2040 5864">
     <span class='ocr_line' id='line_1_42' title="bbox 0 0 2040 5864; baseline 0 0"><span class='ocrx_word' id='word_1_403' title='bbox 0 0 2040 5864; x_wconf 95' lang='lat' dir='ltr'> </span> 
     </span>
    </p>
   </div>
  </div>
 </body>
</html>
