<?xml version="1.0" encoding="UTF-8"?>
<!DOCTYPE html PUBLIC "-//W3C//DTD XHTML 1.0 Transitional//EN"
    "http://www.w3.org/TR/xhtml1/DTD/xhtml1-transitional.dtd">
<html xmlns="http://www.w3.org/1999/xhtml" xml:lang="en" lang="en">
 <head>
  <title>
</title>
<meta http-equiv="Content-Type" content="text/html;charset=utf-8" />
  <meta name='ocr-system' content='tesseract 3.04.00' />
  <meta name='ocr-capabilities' content='ocr_page ocr_carea ocr_par ocr_line ocrx_word'/>
</head>
<body>
  <div class='ocr_page' id='page_1' title='image "./joannisgenesiis01sepgoog/joannisgenesiis01sepgoog_0389.png"; bbox 0 0 4034 5858; ppageno 0'>
   <div class='ocr_carea' id='block_1_1' title="bbox 515 392 1553 492">
    <p class='ocr_par' dir='ltr' id='par_1_1' title="bbox 515 392 1553 492">
     <span class='ocr_line' id='line_1_1' title="bbox 515 392 1553 492; baseline 0.012 -22"><span class='ocrx_word' id='word_1_1' title='bbox 515 395 737 470; x_wconf 74' lang='lat' dir='ltr'>lucrosis</span> <span class='ocrx_word' id='word_1_2' title='bbox 763 392 975 466; x_wconf 79' lang='lat' dir='ltr'>occurr.</span> <span class='ocrx_word' id='word_1_3' title='bbox 993 393 1182 470; x_wconf 77' lang='lat' dir='ltr'>carum.</span> <span class='ocrx_word' id='word_1_4' title='bbox 1214 404 1219 409; x_wconf 76' lang='grc'>’</span> <span class='ocrx_word' id='word_1_5' title='bbox 1470 417 1553 492; x_wconf 79' lang='lat'>395.</span> 
     </span>
    </p>
   </div>
   <div class='ocr_carea' id='block_1_2' title="bbox 82 512 1707 2176">
    <p class='ocr_par' dir='ltr' id='par_1_2' title="bbox 103 512 1557 643">
     <span class='ocr_line' id='line_1_2' title="bbox 103 512 1557 643; baseline -0.004 -32"><span class='ocrx_word' id='word_1_6' title='bbox 103 525 214 642; x_wconf 93' lang='lat' dir='ltr'>quod</span> <span class='ocrx_word' id='word_1_7' title='bbox 230 550 351 643; x_wconf 89' lang='lat' dir='ltr'>genus</span> <span class='ocrx_word' id='word_1_8' title='bbox 390 521 533 639; x_wconf 84' lang='lat' dir='ltr'>peccati</span> <span class='ocrx_word' id='word_1_9' title='bbox 558 521 783 609; x_wconf 85' lang='lat' dir='ltr'>levissimum</span> <span class='ocrx_word' id='word_1_10' title='bbox 812 516 841 602; x_wconf 90' lang='lat' dir='ltr'>si</span> <span class='ocrx_word' id='word_1_11' title='bbox 871 545 950 603; x_wconf 94' lang='lat' dir='ltr'>non</span> <span class='ocrx_word' id='word_1_12' title='bbox 976 541 1032 603; x_wconf 88' lang='lat' dir='ltr'>est</span> <span class='ocrx_word' id='word_1_13' title='bbox 1048 512 1395 624; x_wconf 85' lang='lat' dir='ltr'>committendum,</span> <span class='ocrx_word' id='word_1_14' title='bbox 1428 544 1557 605; x_wconf 88' lang='lat' dir='ltr'>aucto·</span> 
     </span>
    </p>

    <p class='ocr_par' dir='ltr' id='par_1_3' title="bbox 82 635 1556 761">
     <span class='ocr_line' id='line_1_3' title="bbox 82 635 1556 761; baseline -0.005 -32"><span class='ocrx_word' id='word_1_15' title='bbox 82 656 135 729; x_wconf 73' lang='lat' dir='ltr'>‚r‘e</span> <span class='ocrx_word' id='word_1_16' title='bbox 161 644 379 761; x_wconf 87' lang='lat' dir='ltr'>Augustino</span> <span class='ocrx_word' id='word_1_17' title='bbox 405 668 518 746; x_wconf 91' lang='lat' dir='ltr'>,non</span> <span class='ocrx_word' id='word_1_18' title='bbox 541 639 627 728; x_wconf 93' lang='lat' dir='ltr'>dico</span> <span class='ocrx_word' id='word_1_19' title='bbox 652 663 699 724; x_wconf 95' lang='lat' dir='ltr'>ut</span> <span class='ocrx_word' id='word_1_20' title='bbox 712 637 858 724; x_wconf 88' lang='lat' dir='ltr'>alterius</span> <span class='ocrx_word' id='word_1_21' title='bbox 875 635 1036 721; x_wconf 90' lang='lat' dir='ltr'>hominis</span> <span class='ocrx_word' id='word_1_22' title='bbox 1051 635 1159 722; x_wconf 88' lang='lat' dir='ltr'>saluti</span> <span class='ocrx_word' id='word_1_23' title='bbox 1180 662 1221 723; x_wconf 89' lang='lat' dir='ltr'>et</span> <span class='ocrx_word' id='word_1_24' title='bbox 1247 636 1370 722; x_wconf 87' lang='lat' dir='ltr'>famae</span> <span class='ocrx_word' id='word_1_25' title='bbox 1385 636 1556 723; x_wconf 87' lang='lat' dir='ltr'>consula·</span> 
     </span>
    </p>

    <p class='ocr_par' dir='ltr' id='par_1_4' title="bbox 92 748 1707 990">
     <span class='ocr_line' id='line_1_4' title="bbox 92 748 1707 876; baseline -0.006 -30"><span class='ocrx_word' id='word_1_26' title='bbox 92 787 156 846; x_wconf 91' lang='lat' dir='ltr'>tur</span> <span class='ocrx_word' id='word_1_27' title='bbox 174 823 187 867; x_wconf 91' lang='lat'>,</span> <span class='ocrx_word' id='word_1_28' title='bbox 214 763 280 849; x_wconf 88' lang='lat' dir='ltr'>sed</span> <span class='ocrx_word' id='word_1_29' title='bbox 299 789 369 846; x_wconf 90' lang='lat' dir='ltr'>nec</span> <span class='ocrx_word' id='word_1_30' title='bbox 389 783 433 845; x_wconf 94' lang='lat' dir='ltr'>ut</span> <span class='ocrx_word' id='word_1_31' title='bbox 450 787 540 843; x_wconf 88' lang='lat' dir='ltr'>suae</span> <span class='ocrx_word' id='word_1_32' title='bbox 555 758 719 876; x_wconf 89' lang='lat' dir='ltr'>quisque</span> <span class='ocrx_word' id='word_1_33' title='bbox 734 755 934 870; x_wconf 86' lang='lat' dir='ltr'>prospiciat</span> <span class='ocrx_word' id='word_1_34' title='bbox 951 770 966 858; x_wconf 91' lang='lat'>(</span> <span class='ocrx_word' id='word_1_35' title='bbox 983 781 1053 838; x_wconf 82' lang='lat' dir='ltr'>mon</span> <span class='ocrx_word' id='word_1_36' title='bbox 1067 769 1154 837; x_wconf 82' lang='lat' dir='ltr'>sunt</span> <span class='ocrx_word' id='word_1_37' title='bbox 1170 763 1265 839; x_wconf 88' lang='lat' dir='ltr'>enim</span> <span class='ocrx_word' id='word_1_38' title='bbox 1275 754 1461 860; x_wconf 75' lang='lat' dir='ltr'>fhcienda</span> <span class='ocrx_word' id='word_1_39' title='bbox 1477 783 1556 840; x_wconf 87' lang='lat' dir='ltr'>ma·</span> <span class='ocrx_word' id='word_1_40' title='bbox 1602 748 1673 799; x_wconf 59' lang='grc' dir='ltr'>Μ</span> <span class='ocrx_word' id='word_1_41' title='bbox 1683 759 1707 810; x_wconf 77' lang='lat'>¹·</span> 
     </span>
     <span class='ocr_line' id='line_1_5' title="bbox 92 873 1555 990; baseline -0.001 -28"><span class='ocrx_word' id='word_1_42' title='bbox 92 885 162 985; x_wconf 87' lang='lat' dir='ltr'>la,</span> <span class='ocrx_word' id='word_1_43' title='bbox 184 896 228 963; x_wconf 88' lang='lat' dir='ltr'>ut</span> <span class='ocrx_word' id='word_1_44' title='bbox 245 887 423 964; x_wconf 81' lang='lat' dir='ltr'>eveniant</span> <span class='ocrx_word' id='word_1_45' title='bbox 440 880 559 982; x_wconf 85' lang='lat' dir='ltr'>bona,</span> <span class='ocrx_word' id='word_1_46' title='bbox 583 902 628 963; x_wconf 94' lang='lat' dir='ltr'>ut</span> <span class='ocrx_word' id='word_1_47' title='bbox 643 874 781 962; x_wconf 87' lang='lat' dir='ltr'>Paulus</span> <span class='ocrx_word' id='word_1_48' title='bbox 813 876 976 960; x_wconf 91' lang='lat' dir='ltr'>docebat</span> <span class='ocrx_word' id='word_1_49' title='bbox 991 873 1217 988; x_wconf 87' lang='lat' dir='ltr'>Romanos)</span> <span class='ocrx_word' id='word_1_50' title='bbox 1239 898 1389 990; x_wconf 89' lang='lat' dir='ltr'>quanto</span> <span class='ocrx_word' id='word_1_51' title='bbox 1410 876 1555 989; x_wconf 80' lang='lat' dir='ltr'>turpius</span> 
     </span>
    </p>

    <p class='ocr_par' dir='ltr' id='par_1_5' title="bbox 94 990 1553 1227">
     <span class='ocr_line' id='line_1_6' title="bbox 94 990 1552 1112; baseline -0.003 -30"><span class='ocrx_word' id='word_1_52' title='bbox 94 998 166 1083; x_wconf 86' lang='lat' dir='ltr'>erit</span> <span class='ocrx_word' id='word_1_53' title='bbox 196 997 236 1082; x_wconf 94' lang='lat' dir='ltr'>in</span> <span class='ocrx_word' id='word_1_54' title='bbox 259 998 532 1112; x_wconf 83' lang='lat' dir='ltr'>qualicumque</span> <span class='ocrx_word' id='word_1_55' title='bbox 548 1024 659 1080; x_wconf 88' lang='lat' dir='ltr'>causa</span> <span class='ocrx_word' id='word_1_56' title='bbox 676 1056 689 1100; x_wconf 92' lang='lat'>,</span> <span class='ocrx_word' id='word_1_57' title='bbox 707 1018 751 1078; x_wconf 92' lang='lat' dir='ltr'>ut</span> <span class='ocrx_word' id='word_1_58' title='bbox 770 992 863 1080; x_wconf 90' lang='lat' dir='ltr'>vitet</span> <span class='ocrx_word' id='word_1_59' title='bbox 879 992 962 1108; x_wconf 90' lang='lat' dir='ltr'>quis</span> <span class='ocrx_word' id='word_1_60' title='bbox 988 990 1135 1077; x_wconf 85' lang='lat' dir='ltr'>alterius</span> <span class='ocrx_word' id='word_1_61' title='bbox 1164 992 1368 1107; x_wconf 83' lang='lat' dir='ltr'>cujuspiam</span> <span class='ocrx_word' id='word_1_62' title='bbox 1398 993 1552 1099; x_wconf 89' lang='lat' dir='ltr'>damna,</span> 
     </span>
     <span class='ocr_line' id='line_1_7' title="bbox 95 1105 1553 1227; baseline -0.002 -26"><span class='ocrx_word' id='word_1_63' title='bbox 95 1112 231 1202; x_wconf 83' lang='lat' dir='ltr'>falsum</span> <span class='ocrx_word' id='word_1_64' title='bbox 250 1114 360 1227; x_wconf 76' lang='lat' dir='ltr'>judici</span> <span class='ocrx_word' id='word_1_65' title='bbox 385 1114 625 1226; x_wconf 73' lang='lat' dir='ltr'>jurejurando</span> <span class='ocrx_word' id='word_1_66' title='bbox 650 1110 901 1199; x_wconf 83' lang='lat' dir='ltr'>confirmare?</span> <span class='ocrx_word' id='word_1_67' title='bbox 937 1110 1048 1226; x_wconf 86' lang='lat' dir='ltr'>quod</span> <span class='ocrx_word' id='word_1_68' title='bbox 1074 1105 1231 1195; x_wconf 87' lang='lat' dir='ltr'>efficitur</span> <span class='ocrx_word' id='word_1_69' title='bbox 1261 1111 1375 1197; x_wconf 87' lang='lat' dir='ltr'>etiam</span> <span class='ocrx_word' id='word_1_70' title='bbox 1407 1112 1553 1226; x_wconf 82' lang='lat' dir='ltr'>turpius</span> 
     </span>
    </p>

    <p class='ocr_par' dir='ltr' id='par_1_6' title="bbox 95 1227 1647 1939">
     <span class='ocr_line' id='line_1_8' title="bbox 95 1227 1552 1351; baseline -0.002 -32"><span class='ocrx_word' id='word_1_71' title='bbox 95 1260 137 1321; x_wconf 88' lang='lat' dir='ltr'>ct</span> <span class='ocrx_word' id='word_1_72' title='bbox 152 1233 332 1351; x_wconf 88' lang='lat' dir='ltr'>gravius,</span> <span class='ocrx_word' id='word_1_73' title='bbox 362 1232 391 1317; x_wconf 90' lang='lat' dir='ltr'>si</span> <span class='ocrx_word' id='word_1_74' title='bbox 419 1260 537 1348; x_wconf 90' lang='lat' dir='ltr'>quam</span> <span class='ocrx_word' id='word_1_75' title='bbox 561 1231 674 1343; x_wconf 80' lang='lat' dir='ltr'>judex</span> <span class='ocrx_word' id='word_1_76' title='bbox 689 1230 827 1317; x_wconf 87' lang='lat' dir='ltr'>habeat</span> <span class='ocrx_word' id='word_1_77' title='bbox 851 1227 1083 1345; x_wconf 82' lang='lat' dir='ltr'>probabilem</span> <span class='ocrx_word' id='word_1_78' title='bbox 1107 1255 1257 1314; x_wconf 87' lang='lat' dir='ltr'>causam</span> <span class='ocrx_word' id='word_1_79' title='bbox 1289 1230 1428 1316; x_wconf 88' lang='lat' dir='ltr'>crimen</span> <span class='ocrx_word' id='word_1_80' title='bbox 1446 1229 1552 1316; x_wconf 90' lang='lat' dir='ltr'>inve-</span> 
     </span>
     <span class='ocr_line' id='line_1_9' title="bbox 97 1346 1551 1485; baseline -0.003 -46"><span class='ocrx_word' id='word_1_81' title='bbox 97 1351 260 1485; x_wconf 88' lang='lat' dir='ltr'>stigandi</span> <span class='ocrx_word' id='word_1_82' title='bbox 285 1378 436 1437; x_wconf 87' lang='lat' dir='ltr'>rumore</span> <span class='ocrx_word' id='word_1_83' title='bbox 461 1377 529 1436; x_wconf 91' lang='lat' dir='ltr'>aut</span> <span class='ocrx_word' id='word_1_84' title='bbox 556 1349 826 1464; x_wconf 85' lang='lat' dir='ltr'>suspicionibus</span> <span class='ocrx_word' id='word_1_85' title='bbox 851 1346 1096 1465; x_wconf 84' lang='lat' dir='ltr'>antegressis:</span> <span class='ocrx_word' id='word_1_86' title='bbox 1125 1371 1222 1432; x_wconf 93' lang='lat' dir='ltr'>tunc</span> <span class='ocrx_word' id='word_1_87' title='bbox 1240 1349 1341 1433; x_wconf 92' lang='lat' dir='ltr'>enim</span> <span class='ocrx_word' id='word_1_88' title='bbox 1366 1348 1427 1436; x_wconf 87' lang='lat' dir='ltr'>vel</span> <span class='ocrx_word' id='word_1_89' title='bbox 1458 1350 1551 1436; x_wconf 85' lang='lat' dir='ltr'>citra</span> 
     </span>
     <span class='ocr_line' id='line_1_10' title="bbox 97 1464 1550 1585; baseline -0.001 -30"><span class='ocrx_word' id='word_1_90' title='bbox 97 1468 351 1583; x_wconf 64' lang='lat' dir='ltr'>jusjurandum</span> <span class='ocrx_word' id='word_1_91' title='bbox 367 1468 524 1584; x_wconf 89' lang='lat' dir='ltr'>turpiter</span> <span class='ocrx_word' id='word_1_92' title='bbox 547 1497 592 1552; x_wconf 90' lang='lat' dir='ltr'>ac</span> <span class='ocrx_word' id='word_1_93' title='bbox 623 1467 830 1585; x_wconf 88' lang='lat' dir='ltr'>perniciose</span> <span class='ocrx_word' id='word_1_94' title='bbox 858 1466 1085 1569; x_wconf 87' lang='lat' dir='ltr'>mentiatur,</span> <span class='ocrx_word' id='word_1_95' title='bbox 1119 1466 1186 1581; x_wconf 93' lang='lat' dir='ltr'>qui</span> <span class='ocrx_word' id='word_1_96' title='bbox 1213 1464 1339 1579; x_wconf 79' lang='lat' dir='ltr'>judicis</span> <span class='ocrx_word' id='word_1_97' title='bbox 1362 1466 1441 1579; x_wconf 78' lang='lat' dir='ltr'>jure</span> <span class='ocrx_word' id='word_1_98' title='bbox 1472 1500 1550 1554; x_wconf 92' lang='lat' dir='ltr'>sus·</span> 
     </span>
     <span class='ocr_line' id='line_1_11' title="bbox 96 1583 1647 1705; baseline -0.001 -32"><span class='ocrx_word' id='word_1_99' title='bbox 96 1614 245 1704; x_wconf 89' lang='lat' dir='ltr'>ceptam</span> <span class='ocrx_word' id='word_1_100' title='bbox 260 1618 417 1705; x_wconf 88' lang='lat' dir='ltr'>operam</span> <span class='ocrx_word' id='word_1_101' title='bbox 432 1583 628 1672; x_wconf 86' lang='lat' dir='ltr'>frustretur</span> <span class='ocrx_word' id='word_1_102' title='bbox 645 1616 712 1672; x_wconf 89' lang='lat' dir='ltr'>sua</span> <span class='ocrx_word' id='word_1_103' title='bbox 728 1586 908 1673; x_wconf 90' lang='lat' dir='ltr'>vanitate.</span> <span class='ocrx_word' id='word_1_104' title='bbox 937 1585 1040 1668; x_wconf 78' lang='lat' dir='ltr'>Prru.</span> <span class='ocrx_word' id='word_1_105' title='bbox 1071 1584 1180 1677; x_wconf 92' lang='lat' dir='ltr'>Quid</span> <span class='ocrx_word' id='word_1_106' title='bbox 1197 1583 1309 1701; x_wconf 87' lang='lat' dir='ltr'>igitur</span> <span class='ocrx_word' id='word_1_107' title='bbox 1336 1586 1392 1674; x_wconf 92' lang='lat' dir='ltr'>vir</span> <span class='ocrx_word' id='word_1_108' title='bbox 1420 1587 1548 1672; x_wconf 92' lang='lat' dir='ltr'>bonus</span> <span class='ocrx_word' id='word_1_109' title='bbox 1639 1682 1647 1697; x_wconf 92' lang='lat'><strong>.</strong></span> 
     </span>
     <span class='ocr_line' id='line_1_12' title="bbox 98 1701 1552 1821; baseline 0.001 -32"><span class='ocrx_word' id='word_1_110' title='bbox 98 1702 210 1793; x_wconf 88' lang='lat' dir='ltr'>faciet</span> <span class='ocrx_word' id='word_1_111' title='bbox 227 1768 240 1811; x_wconf 94' lang='lat'>,</span> <span class='ocrx_word' id='word_1_112' title='bbox 257 1707 284 1790; x_wconf 88' lang='lat' dir='ltr'>si</span> <span class='ocrx_word' id='word_1_113' title='bbox 307 1707 346 1792; x_wconf 94' lang='lat' dir='ltr'>in</span> <span class='ocrx_word' id='word_1_114' title='bbox 369 1705 444 1810; x_wconf 86' lang='lat' dir='ltr'>tale</span> <span class='ocrx_word' id='word_1_115' title='bbox 468 1730 617 1818; x_wconf 86' lang='lat' dir='ltr'>tempus</span> <span class='ocrx_word' id='word_1_116' title='bbox 640 1705 838 1809; x_wconf 87' lang='lat' dir='ltr'>inciderit,</span> <span class='ocrx_word' id='word_1_117' title='bbox 871 1732 987 1820; x_wconf 87' lang='lat' dir='ltr'>quem</span> <span class='ocrx_word' id='word_1_118' title='bbox 1012 1701 1128 1789; x_wconf 87' lang='lat' dir='ltr'>video</span> <span class='ocrx_word' id='word_1_119' title='bbox 1145 1730 1211 1816; x_wconf 91' lang='lat' dir='ltr'>per</span> <span class='ocrx_word' id='word_1_120' title='bbox 1243 1728 1282 1789; x_wconf 90' lang='lat' dir='ltr'>te</span> <span class='ocrx_word' id='word_1_121' title='bbox 1310 1703 1351 1789; x_wconf 91' lang='lat' dir='ltr'>iis</span> <span class='ocrx_word' id='word_1_122' title='bbox 1375 1705 1552 1821; x_wconf 88' lang='lat' dir='ltr'>angustiis</span> 
     </span>
     <span class='ocr_line' id='line_1_13' title="bbox 99 1820 1554 1939; baseline -0.001 -30"><span class='ocrx_word' id='word_1_123' title='bbox 99 1823 369 1929; x_wconf 87' lang='lat' dir='ltr'>interclusum,</span> <span class='ocrx_word' id='word_1_124' title='bbox 386 1849 430 1910; x_wconf 95' lang='lat' dir='ltr'>ut</span> <span class='ocrx_word' id='word_1_125' title='bbox 446 1850 693 1939; x_wconf 90' lang='lat' dir='ltr'>quocumque</span> <span class='ocrx_word' id='word_1_126' title='bbox 708 1851 747 1908; x_wconf 89' lang='lat' dir='ltr'>se</span> <span class='ocrx_word' id='word_1_127' title='bbox 763 1847 916 1928; x_wconf 88' lang='lat' dir='ltr'>vertat,</span> <span class='ocrx_word' id='word_1_128' title='bbox 945 1821 990 1906; x_wconf 93' lang='lat' dir='ltr'>sit</span> <span class='ocrx_word' id='word_1_129' title='bbox 1008 1849 1187 1935; x_wconf 87' lang='lat' dir='ltr'>magnam</span> <span class='ocrx_word' id='word_1_130' title='bbox 1206 1820 1357 1938; x_wconf 89' lang='lat' dir='ltr'>plagam</span> <span class='ocrx_word' id='word_1_131' title='bbox 1372 1846 1554 1936; x_wconf 88' lang='lat' dir='ltr'>acceptu-</span> 
     </span>
    </p>

    <p class='ocr_par' dir='ltr' id='par_1_7' title="bbox 101 1938 1551 2058">
     <span class='ocr_line' id='line_1_14' title="bbox 101 1938 1551 2058; baseline 0 -30"><span class='ocrx_word' id='word_1_132' title='bbox 101 1971 163 2028; x_wconf 90' lang='lat' dir='ltr'>tus</span> <span class='ocrx_word' id='word_1_133' title='bbox 178 1952 190 2026; x_wconf 79' lang='lat' dir='ltr'>i</span> <span class='ocrx_word' id='word_1_134' title='bbox 208 1968 276 2028; x_wconf 89' lang='lat' dir='ltr'>aut</span> <span class='ocrx_word' id='word_1_135' title='bbox 290 1944 391 2028; x_wconf 93' lang='lat' dir='ltr'>enim</span> <span class='ocrx_word' id='word_1_136' title='bbox 406 1970 444 2027; x_wconf 89' lang='lat' dir='ltr'>se</span> <span class='ocrx_word' id='word_1_137' title='bbox 475 1941 683 2058; x_wconf 86' lang='lat' dir='ltr'>obstringet</span> <span class='ocrx_word' id='word_1_138' title='bbox 701 1940 928 2048; x_wconf 87' lang='lat' dir='ltr'>mendacio,</span> <span class='ocrx_word' id='word_1_139' title='bbox 954 1966 999 2023; x_wconf 89' lang='lat' dir='ltr'>ac</span> <span class='ocrx_word' id='word_1_140' title='bbox 1033 1938 1157 2053; x_wconf 89' lang='lat' dir='ltr'>potius</span> <span class='ocrx_word' id='word_1_141' title='bbox 1186 1939 1377 2051; x_wconf 82' lang='lat' dir='ltr'>perjurio,</span> <span class='ocrx_word' id='word_1_142' title='bbox 1405 1940 1468 2029; x_wconf 89' lang='lat' dir='ltr'>vel</span> <span class='ocrx_word' id='word_1_143' title='bbox 1492 1972 1551 2028; x_wconf 90' lang='lat' dir='ltr'>so·</span> 
     </span>
    </p>

    <p class='ocr_par' dir='ltr' id='par_1_8' title="bbox 102 2055 1680 2176">
     <span class='ocr_line' id='line_1_15' title="bbox 102 2055 1680 2176; baseline 0.001 -31"><span class='ocrx_word' id='word_1_144' title='bbox 102 2061 203 2146; x_wconf 91' lang='lat' dir='ltr'>cium</span> <span class='ocrx_word' id='word_1_145' title='bbox 232 2063 368 2176; x_wconf 89' lang='lat' dir='ltr'>prodet</span> <span class='ocrx_word' id='word_1_146' title='bbox 411 2084 450 2146; x_wconf 88' lang='lat' dir='ltr'>et</span> <span class='ocrx_word' id='word_1_147' title='bbox 496 2055 718 2166; x_wconf 86' lang='lat' dir='ltr'>infamabit,</span> <span class='ocrx_word' id='word_1_148' title='bbox 741 2088 908 2175; x_wconf 90' lang='lat' dir='ltr'>quorum</span> <span class='ocrx_word' id='word_1_149' title='bbox 935 2082 1143 2172; x_wconf 90' lang='lat' dir='ltr'>utrumque</span> <span class='ocrx_word' id='word_1_150' title='bbox 1170 2082 1226 2143; x_wconf 88' lang='lat' dir='ltr'>est</span> <span class='ocrx_word' id='word_1_151' title='bbox 1260 2059 1416 2174; x_wconf 92' lang='lat' dir='ltr'>impium</span> <span class='ocrx_word' id='word_1_152' title='bbox 1435 2082 1554 2174; x_wconf 87' lang='lat' dir='ltr'>atque</span> <span class='ocrx_word' id='word_1_153' title='bbox 1674 2080 1680 2105; x_wconf 55' lang='lat' dir='ltr'><em>s</em></span> 
     </span>
    </p>
   </div>
   <div class='ocr_carea' id='block_1_3' title="bbox 78 2157 1555 2411">
    <p class='ocr_par' dir='ltr' id='par_1_9' title="bbox 78 2157 1555 2411">
     <span class='ocr_line' id='line_1_16' title="bbox 78 2157 1555 2293; baseline 0.001 -30"><span class='ocrx_word' id='word_1_154' title='bbox 78 2176 285 2276; x_wconf 75' lang='lat' dir='ltr'>,nefarium</span> <span class='ocrx_word' id='word_1_155' title='bbox 315 2204 355 2266; x_wconf 90' lang='lat' dir='ltr'>et</span> <span class='ocrx_word' id='word_1_156' title='bbox 382 2202 516 2265; x_wconf 89' lang='lat' dir='ltr'>contra</span> <span class='ocrx_word' id='word_1_157' title='bbox 538 2177 640 2293; x_wconf 85' lang='lat' dir='ltr'>leges</span> <span class='ocrx_word' id='word_1_158' title='bbox 670 2177 816 2265; x_wconf 87' lang='lat' dir='ltr'>divinas</span> <span class='ocrx_word' id='word_1_159' title='bbox 844 2202 884 2264; x_wconf 90' lang='lat' dir='ltr'>et</span> <span class='ocrx_word' id='word_1_160' title='bbox 900 2157 1102 2264; x_wconf 70' lang='lat' dir='ltr'>naturalis.</span> <span class='ocrx_word' id='word_1_161' title='bbox 1141 2175 1251 2291; x_wconf 85' lang='lat' dir='ltr'>Quid</span> <span class='ocrx_word' id='word_1_162' title='bbox 1280 2177 1421 2265; x_wconf 89' lang='lat' dir='ltr'>consilii</span> <span class='ocrx_word' id='word_1_163' title='bbox 1446 2175 1555 2267; x_wconf 85' lang='lat' dir='ltr'>dabis</span> 
     </span>
     <span class='ocr_line' id='line_1_17' title="bbox 105 2292 711 2411; baseline -0.003 -29"><span class='ocrx_word' id='word_1_164' title='bbox 105 2296 161 2382; x_wconf 84' lang='lat' dir='ltr'>his</span> <span class='ocrx_word' id='word_1_165' title='bbox 183 2292 460 2384; x_wconf 87' lang='lat' dir='ltr'>difficultatibus</span> <span class='ocrx_word' id='word_1_166' title='bbox 485 2296 711 2411; x_wconf 73' lang='lat' dir='ltr'>implicato‘i</span> 
     </span>
    </p>
   </div>
   <div class='ocr_carea' id='block_1_4' title="bbox 608 2534 1037 2621">
    <p class='ocr_par' dir='ltr' id='par_1_10' title="bbox 608 2534 1037 2621">
     <span class='ocr_line' id='line_1_18' title="bbox 608 2534 1037 2621; baseline 0.005 -3"><span class='ocrx_word' id='word_1_167' title='bbox 608 2534 851 2621; x_wconf 87' lang='lat' dir='ltr'>CAPUT</span> <span class='ocrx_word' id='word_1_168' title='bbox 910 2536 1037 2620; x_wconf 89' lang='lat' dir='ltr'>V111.</span> 
     </span>
    </p>
   </div>
   <div class='ocr_carea' id='block_1_5' title="bbox 700 2771 965 2857">
    <p class='ocr_par' dir='ltr' id='par_1_11' title="bbox 700 2771 965 2857">
     <span class='ocr_line' id='line_1_19' title="bbox 700 2771 965 2857; baseline 0.004 -1"><span class='ocrx_word' id='word_1_169' title='bbox 700 2771 965 2857; x_wconf 69' lang='lat' dir='ltr'>Summarium&#39;.</span> 
     </span>
    </p>
   </div>
   <div class='ocr_carea' id='block_1_6' title="bbox 170 2965 1356 3128">
    <p class='ocr_par' dir='ltr' id='par_1_12' title="bbox 170 2965 1356 3128">
     <span class='ocr_line' id='line_1_20' title="bbox 170 2965 1356 3050; baseline 0 -21"><span class='ocrx_word' id='word_1_170' title='bbox 170 2969 199 3029; x_wconf 87' lang='lat'>1.</span> <span class='ocrx_word' id='word_1_171' title='bbox 239 2967 311 3028; x_wconf 84' lang='lat' dir='ltr'>Non</span> <span class='ocrx_word' id='word_1_172' title='bbox 321 2974 418 3041; x_wconf 82' lang='lat' dir='ltr'>potest</span> <span class='ocrx_word' id='word_1_173' title='bbox 430 2975 540 3042; x_wconf 81' lang='lat' dir='ltr'>tempus</span> <span class='ocrx_word' id='word_1_174' title='bbox 552 2965 685 3029; x_wconf 83' lang='lat' dir='ltr'>incidere</span> <span class='ocrx_word' id='word_1_175' title='bbox 692 3008 704 3042; x_wconf 95' lang='lat'>,</span> <span class='ocrx_word' id='word_1_176' title='bbox 716 2985 771 3046; x_wconf 80' lang='lat' dir='ltr'>quo</span> <span class='ocrx_word' id='word_1_177' title='bbox 783 2970 826 3027; x_wconf 84' lang='lat' dir='ltr'>rit</span> <span class='ocrx_word' id='word_1_178' title='bbox 838 2986 953 3029; x_wconf 82' lang='lat' dir='ltr'>necesse</span> <span class='ocrx_word' id='word_1_179' title='bbox 965 2967 1092 3044; x_wconf 83' lang='lat' dir='ltr'>cuipiam</span> <span class='ocrx_word' id='word_1_180' title='bbox 1106 2969 1240 3043; x_wconf 76' lang='lat' dir='ltr'>turpiter</span> <span class='ocrx_word' id='word_1_181' title='bbox 1254 2984 1356 3050; x_wconf 83' lang='lat' dir='ltr'>agere.</span> 
     </span>
     <span class='ocr_line' id='line_1_21' title="bbox 170 3045 1250 3128; baseline 0.001 -21"><span class='ocrx_word' id='word_1_182' title='bbox 170 3048 216 3108; x_wconf 87' lang='lat'>11.</span> <span class='ocrx_word' id='word_1_183' title='bbox 237 3046 365 3107; x_wconf 78' lang='lat' dir='ltr'>Omnium</span> <span class='ocrx_word' id='word_1_184' title='bbox 385 3045 481 3128; x_wconf 81' lang='lat' dir='ltr'>legum</span> <span class='ocrx_word' id='word_1_185' title='bbox 493 3048 642 3124; x_wconf 77' lang='lat' dir='ltr'>interpres</span> <span class='ocrx_word' id='word_1_186' title='bbox 654 3059 700 3110; x_wconf 83' lang='lat' dir='ltr'>est</span> <span class='ocrx_word' id='word_1_187' title='bbox 717 3060 748 3110; x_wconf 86' lang='lat' dir='ltr'>et</span> <span class='ocrx_word' id='word_1_188' title='bbox 760 3051 850 3126; x_wconf 64' lang='lat' dir='ltr'>,quasi</span> <span class='ocrx_word' id='word_1_189' title='bbox 861 3051 1043 3110; x_wconf 79' lang='lat' dir='ltr'>moderatrix</span> <span class='ocrx_word' id='word_1_190' title='bbox 1056 3060 1142 3119; x_wconf 79' lang='lat' dir='ltr'>recto</span> <span class='ocrx_word' id='word_1_191' title='bbox 1159 3051 1250 3108; x_wconf 85' lang='lat' dir='ltr'>ratio.</span> 
     </span>
    </p>
   </div>
   <div class='ocr_carea' id='block_1_7' title="bbox 46 3173 1557 5113">
    <p class='ocr_par' dir='ltr' id='par_1_13' title="bbox 141 3173 1549 3368">
     <span class='ocr_line' id='line_1_22' title="bbox 141 3173 1549 3368; baseline 0.004 -36"><span class='ocrx_word' id='word_1_192' title='bbox 141 3249 172 3332; x_wconf 92' lang='lat'>1.</span> <span class='ocrx_word' id='word_1_193' title='bbox 202 3173 549 3343; x_wconf 79' lang='lat' dir='ltr'>Tmom.l)icam</span> <span class='ocrx_word' id='word_1_194' title='bbox 566 3249 743 3368; x_wconf 87' lang='lat' dir='ltr'>equidem</span> <span class='ocrx_word' id='word_1_195' title='bbox 757 3249 867 3367; x_wconf 92' lang='lat' dir='ltr'>quod</span> <span class='ocrx_word' id='word_1_196' title='bbox 886 3247 1020 3354; x_wconf 88' lang='lat' dir='ltr'>sentio,</span> <span class='ocrx_word' id='word_1_197' title='bbox 1040 3273 1080 3336; x_wconf 90' lang='lat' dir='ltr'>ct</span> <span class='ocrx_word' id='word_1_198' title='bbox 1096 3246 1204 3367; x_wconf 90' lang='lat' dir='ltr'>quod</span> <span class='ocrx_word' id='word_1_199' title='bbox 1217 3277 1278 3335; x_wconf 88' lang='lat' dir='ltr'>me</span> <span class='ocrx_word' id='word_1_200' title='bbox 1296 3248 1390 3338; x_wconf 89' lang='lat' dir='ltr'>ratio</span> <span class='ocrx_word' id='word_1_201' title='bbox 1403 3250 1549 3357; x_wconf 89' lang='lat' dir='ltr'>docuit,</span> 
     </span>
    </p>

    <p class='ocr_par' dir='ltr' id='par_1_14' title="bbox 46 3366 1557 5113">
     <span class='ocr_line' id='line_1_23' title="bbox 46 3366 1548 3503; baseline -0.004 -45"><span class='ocrx_word' id='word_1_202' title='bbox 46 3456 48 3458; x_wconf 82' lang='grc'><strong>,</strong></span> <span class='ocrx_word' id='word_1_203' title='bbox 110 3366 388 3503; x_wconf 85' lang='lat' dir='ltr'>praeceptisque</span> <span class='ocrx_word' id='word_1_204' title='bbox 404 3395 632 3484; x_wconf 91' lang='lat' dir='ltr'>magnorum</span> <span class='ocrx_word' id='word_1_205' title='bbox 648 3368 816 3456; x_wconf 88' lang='lat' dir='ltr'>virorum</span> <span class='ocrx_word' id='word_1_206' title='bbox 833 3368 987 3454; x_wconf 87' lang='lat' dir='ltr'>arbitror</span> <span class='ocrx_word' id='word_1_207' title='bbox 1010 3396 1086 3455; x_wconf 87' lang='lat' dir='ltr'>esse</span> <span class='ocrx_word' id='word_1_208' title='bbox 1118 3395 1433 3456; x_wconf 89' lang='lat' dir='ltr'>consentaneum.</span> <span class='ocrx_word' id='word_1_209' title='bbox 1464 3370 1548 3453; x_wconf 89' lang='lat' dir='ltr'>Pri-</span> 
     </span>
     <span class='ocr_line' id='line_1_24' title="bbox 110 3484 1547 3603; baseline 0.001 -35"><span class='ocrx_word' id='word_1_210' title='bbox 110 3513 218 3569; x_wconf 91' lang='lat' dir='ltr'>mum</span> <span class='ocrx_word' id='word_1_211' title='bbox 233 3484 405 3571; x_wconf 81' lang='lat' dir='ltr'>omnium</span> <span class='ocrx_word' id='word_1_212' title='bbox 422 3487 627 3574; x_wconf 90' lang='lat' dir='ltr'>meminisse</span> <span class='ocrx_word' id='word_1_213' title='bbox 656 3487 770 3575; x_wconf 88' lang='lat' dir='ltr'>debes</span> <span class='ocrx_word' id='word_1_214' title='bbox 794 3487 858 3591; x_wconf 91' lang='lat' dir='ltr'>id,</span> <span class='ocrx_word' id='word_1_215' title='bbox 884 3487 924 3571; x_wconf 95' lang='lat' dir='ltr'>in</span> <span class='ocrx_word' id='word_1_216' title='bbox 946 3516 1028 3600; x_wconf 92' lang='lat' dir='ltr'>quo</span> <span class='ocrx_word' id='word_1_217' title='bbox 1057 3518 1215 3591; x_wconf 88' lang='lat' dir='ltr'>omnes,</span> <span class='ocrx_word' id='word_1_218' title='bbox 1244 3488 1311 3603; x_wconf 92' lang='lat' dir='ltr'>qui</span> <span class='ocrx_word' id='word_1_219' title='bbox 1336 3488 1397 3575; x_wconf 89' lang='lat' dir='ltr'>via</span> <span class='ocrx_word' id='word_1_220' title='bbox 1428 3512 1467 3572; x_wconf 91' lang='lat' dir='ltr'>ct</span> <span class='ocrx_word' id='word_1_221' title='bbox 1489 3516 1547 3571; x_wconf 93' lang='lat' dir='ltr'>ra·</span> 
     </span>
     <span class='ocr_line' id='line_1_25' title="bbox 110 3600 1546 3722; baseline 0.003 -36"><span class='ocrx_word' id='word_1_222' title='bbox 110 3600 215 3687; x_wconf 91' lang='lat' dir='ltr'>tione</span> <span class='ocrx_word' id='word_1_223' title='bbox 245 3602 594 3719; x_wconf 85' lang='lat' dir='ltr'>philosophantur,</span> <span class='ocrx_word' id='word_1_224' title='bbox 634 3633 844 3721; x_wconf 89' lang='lat' dir='ltr'>omnesque</span> <span class='ocrx_word' id='word_1_225' title='bbox 875 3604 1045 3722; x_wconf 83' lang='lat' dir='ltr'>theologi</span> <span class='ocrx_word' id='word_1_226' title='bbox 1068 3606 1309 3692; x_wconf 88' lang='lat' dir='ltr'>consentiunt</span> <span class='ocrx_word' id='word_1_227' title='bbox 1339 3668 1353 3713; x_wconf 93' lang='lat'>,</span> <span class='ocrx_word' id='word_1_228' title='bbox 1399 3604 1546 3690; x_wconf 91' lang='lat' dir='ltr'>nullum</span> 
     </span>
     <span class='ocr_line' id='line_1_26' title="bbox 111 3721 1547 3840; baseline 0.004 -35"><span class='ocrx_word' id='word_1_229' title='bbox 111 3744 259 3835; x_wconf 89' lang='lat' dir='ltr'>tempus</span> <span class='ocrx_word' id='word_1_230' title='bbox 273 3721 432 3809; x_wconf 85' lang='lat' dir='ltr'>incidere</span> <span class='ocrx_word' id='word_1_231' title='bbox 446 3752 584 3838; x_wconf 88' lang='lat' dir='ltr'>posse,</span> <span class='ocrx_word' id='word_1_232' title='bbox 609 3752 691 3839; x_wconf 92' lang='lat' dir='ltr'>quo</span> <span class='ocrx_word' id='word_1_233' title='bbox 707 3722 753 3809; x_wconf 91' lang='lat' dir='ltr'>sit</span> <span class='ocrx_word' id='word_1_234' title='bbox 780 3751 927 3809; x_wconf 90' lang='lat' dir='ltr'>necesse</span> <span class='ocrx_word' id='word_1_235' title='bbox 940 3722 1102 3838; x_wconf 87' lang='lat' dir='ltr'>cuipiam</span> <span class='ocrx_word' id='word_1_236' title='bbox 1117 3722 1274 3838; x_wconf 90' lang='lat' dir='ltr'>turpiter</span> <span class='ocrx_word' id='word_1_237' title='bbox 1301 3751 1442 3840; x_wconf 85' lang='lat' dir='ltr'>agere,</span> <span class='ocrx_word' id='word_1_238' title='bbox 1458 3751 1547 3811; x_wconf 85' lang='lat' dir='ltr'>seve</span> 
     </span>
     <span class='ocr_line' id='line_1_27' title="bbox 110 3838 1548 3958; baseline 0.003 -34"><span class='ocrx_word' id='word_1_239' title='bbox 110 3839 341 3958; x_wconf 88' lang='lat' dir='ltr'>obstringere</span> <span class='ocrx_word' id='word_1_240' title='bbox 356 3864 525 3958; x_wconf 87' lang='lat' dir='ltr'>peccato.</span> <span class='ocrx_word' id='word_1_241' title='bbox 555 3846 659 3926; x_wconf 88' lang='lat' dir='ltr'>Nam</span> <span class='ocrx_word' id='word_1_242' title='bbox 674 3841 784 3958; x_wconf 92' lang='lat' dir='ltr'>quod</span> <span class='ocrx_word' id='word_1_243' title='bbox 799 3841 916 3928; x_wconf 88' lang='lat' dir='ltr'>vitare</span> <span class='ocrx_word' id='word_1_244' title='bbox 939 3842 1052 3957; x_wconf 93' lang='lat' dir='ltr'>quis,</span> <span class='ocrx_word' id='word_1_245' title='bbox 1081 3867 1149 3928; x_wconf 89' lang='lat' dir='ltr'>aut</span> <span class='ocrx_word' id='word_1_246' title='bbox 1179 3838 1333 3929; x_wconf 87' lang='lat' dir='ltr'>vicissim</span> <span class='ocrx_word' id='word_1_247' title='bbox 1363 3866 1548 3956; x_wconf 85' lang='lat' dir='ltr'>praestate</span> 
     </span>
     <span class='ocr_line' id='line_1_28' title="bbox 110 3956 1547 4076; baseline 0.001 -32"><span class='ocrx_word' id='word_1_248' title='bbox 110 3985 192 4045; x_wconf 92' lang='lat' dir='ltr'>non</span> <span class='ocrx_word' id='word_1_249' title='bbox 208 3984 333 4076; x_wconf 86' lang='lat' dir='ltr'>potest</span> <span class='ocrx_word' id='word_1_250' title='bbox 349 4020 363 4066; x_wconf 91' lang='lat'>,</span> <span class='ocrx_word' id='word_1_251' title='bbox 381 3959 455 4044; x_wconf 94' lang='lat' dir='ltr'>hoc</span> <span class='ocrx_word' id='word_1_252' title='bbox 471 3983 514 4045; x_wconf 93' lang='lat' dir='ltr'>ut</span> <span class='ocrx_word' id='word_1_253' title='bbox 529 3956 621 4046; x_wconf 91' lang='lat' dir='ltr'>vitet</span> <span class='ocrx_word' id='word_1_254' title='bbox 635 3985 702 4046; x_wconf 89' lang='lat' dir='ltr'>aut</span> <span class='ocrx_word' id='word_1_255' title='bbox 717 3984 905 4076; x_wconf 86' lang='lat' dir='ltr'>praestet,</span> <span class='ocrx_word' id='word_1_256' title='bbox 939 3989 1055 4046; x_wconf 92' lang='lat' dir='ltr'>nemo</span> <span class='ocrx_word' id='word_1_257' title='bbox 1071 3984 1196 4076; x_wconf 88' lang='lat' dir='ltr'>potest</span> <span class='ocrx_word' id='word_1_258' title='bbox 1209 3958 1292 4076; x_wconf 88' lang='lat' dir='ltr'>lege</span> <span class='ocrx_word' id='word_1_259' title='bbox 1308 3960 1433 4048; x_wconf 90' lang='lat' dir='ltr'>divina</span> <span class='ocrx_word' id='word_1_260' title='bbox 1448 3960 1547 4046; x_wconf 90' lang='lat' dir='ltr'>obli·</span> 
     </span>
     <span class='ocr_line' id='line_1_29' title="bbox 112 4074 1549 4197; baseline 0.001 -34"><span class='ocrx_word' id='word_1_261' title='bbox 112 4078 215 4190; x_wconf 88' lang='lat' dir='ltr'>gari:</span> <span class='ocrx_word' id='word_1_262' title='bbox 244 4079 312 4196; x_wconf 92' lang='lat' dir='ltr'>qui</span> <span class='ocrx_word' id='word_1_263' title='bbox 332 4104 460 4167; x_wconf 87' lang='lat' dir='ltr'>autem</span> <span class='ocrx_word' id='word_1_264' title='bbox 476 4104 609 4165; x_wconf 89' lang='lat' dir='ltr'>contra</span> <span class='ocrx_word' id='word_1_265' title='bbox 624 4077 747 4197; x_wconf 87' lang='lat' dir='ltr'>legem</span> <span class='ocrx_word' id='word_1_266' title='bbox 759 4079 834 4165; x_wconf 91' lang='lat' dir='ltr'>Dei</span> <span class='ocrx_word' id='word_1_267' title='bbox 849 4107 929 4164; x_wconf 93' lang='lat' dir='ltr'>non</span> <span class='ocrx_word' id='word_1_268' title='bbox 954 4074 1069 4183; x_wconf 85' lang='lat' dir='ltr'>facit,</span> <span class='ocrx_word' id='word_1_269' title='bbox 1098 4077 1215 4184; x_wconf 90' lang='lat' dir='ltr'>dicit,</span> <span class='ocrx_word' id='word_1_270' title='bbox 1237 4106 1305 4164; x_wconf 89' lang='lat' dir='ltr'>aut</span> <span class='ocrx_word' id='word_1_271' title='bbox 1319 4079 1461 4196; x_wconf 89' lang='lat' dir='ltr'>cogitat</span> <span class='ocrx_word' id='word_1_272' title='bbox 1477 4139 1490 4184; x_wconf 91' lang='lat'>,</span> <span class='ocrx_word' id='word_1_273' title='bbox 1504 4102 1549 4166; x_wconf 93' lang='lat' dir='ltr'>ut</span> 
     </span>
     <span class='ocr_line' id='line_1_30' title="bbox 89 4194 1549 4314; baseline 0.004 -37"><span class='ocrx_word' id='word_1_274' title='bbox 89 4254 94 4260; x_wconf 86' lang='lat'>-</span> <span class='ocrx_word' id='word_1_275' title='bbox 111 4217 233 4281; x_wconf 87' lang='lat' dir='ltr'>totam</span> <span class='ocrx_word' id='word_1_276' title='bbox 249 4197 389 4314; x_wconf 90' lang='lat' dir='ltr'>peccati</span> <span class='ocrx_word' id='word_1_277' title='bbox 413 4194 670 4285; x_wconf 85' lang='lat' dir='ltr'>definitionem</span> <span class='ocrx_word' id='word_1_278' title='bbox 687 4199 1010 4313; x_wconf 89' lang='lat' dir='ltr'>complectamur,</span> <span class='ocrx_word' id='word_1_279' title='bbox 1031 4197 1134 4280; x_wconf 93' lang='lat' dir='ltr'>hunc</span> <span class='ocrx_word' id='word_1_280' title='bbox 1160 4221 1305 4282; x_wconf 87' lang='lat' dir='ltr'>certum</span> <span class='ocrx_word' id='word_1_281' title='bbox 1321 4222 1376 4283; x_wconf 89' lang='lat' dir='ltr'>cst</span> <span class='ocrx_word' id='word_1_282' title='bbox 1393 4227 1473 4283; x_wconf 93' lang='lat' dir='ltr'>non</span> <span class='ocrx_word' id='word_1_283' title='bbox 1489 4221 1549 4283; x_wconf 92' lang='lat' dir='ltr'>te-</span> 
     </span>
     <span class='ocr_line' id='line_1_31' title="bbox 112 4312 1548 4432; baseline 0.006 -39"><span class='ocrx_word' id='word_1_284' title='bbox 112 4312 194 4396; x_wconf 90' lang='lat' dir='ltr'>neri</span> <span class='ocrx_word' id='word_1_285' title='bbox 211 4341 281 4400; x_wconf 90' lang='lat' dir='ltr'>nec</span> <span class='ocrx_word' id='word_1_286' title='bbox 305 4315 477 4430; x_wconf 89' lang='lat' dir='ltr'>peccati,</span> <span class='ocrx_word' id='word_1_287' title='bbox 504 4344 575 4402; x_wconf 87' lang='lat' dir='ltr'>nec</span> <span class='ocrx_word' id='word_1_288' title='bbox 590 4315 841 4432; x_wconf 88' lang='lat' dir='ltr'>turpitudinis.</span> <span class='ocrx_word' id='word_1_289' title='bbox 874 4320 934 4400; x_wconf 83' lang='lat' dir='ltr'>Ex</span> <span class='ocrx_word' id='word_1_290' title='bbox 949 4344 1030 4430; x_wconf 93' lang='lat' dir='ltr'>quo</span> <span class='ocrx_word' id='word_1_291' title='bbox 1056 4313 1268 4432; x_wconf 89' lang='lat' dir='ltr'>intelligitur</span> <span class='ocrx_word' id='word_1_292' title='bbox 1298 4313 1548 4422; x_wconf 88' lang='lat' dir='ltr'>hauddubie,</span> 
     </span>
     <span class='ocr_line' id='line_1_32' title="bbox 111 4427 1550 4549; baseline 0.004 -37"><span class='ocrx_word' id='word_1_293' title='bbox 111 4427 232 4515; x_wconf 84' lang='lat' dir='ltr'>nullas</span> <span class='ocrx_word' id='word_1_294' title='bbox 249 4431 391 4522; x_wconf 89' lang='lat' dir='ltr'>divinas</span> <span class='ocrx_word' id='word_1_295' title='bbox 405 4432 507 4549; x_wconf 88' lang='lat' dir='ltr'>leges</span> <span class='ocrx_word' id='word_1_296' title='bbox 529 4496 542 4540; x_wconf 94' lang='lat'>,</span> <span class='ocrx_word' id='word_1_297' title='bbox 568 4435 629 4523; x_wconf 91' lang='lat' dir='ltr'>vel</span> <span class='ocrx_word' id='word_1_298' title='bbox 643 4435 754 4520; x_wconf 90' lang='lat' dir='ltr'>etiam</span> <span class='ocrx_word' id='word_1_299' title='bbox 772 4432 957 4519; x_wconf 89' lang='lat' dir='ltr'>naturales</span> <span class='ocrx_word' id='word_1_300' title='bbox 972 4431 987 4546; x_wconf 73' lang='lat' dir='ltr'>l</span> <span class='ocrx_word' id='word_1_301' title='bbox 1002 4461 1134 4517; x_wconf 91' lang='lat' dir='ltr'>omnes</span> <span class='ocrx_word' id='word_1_302' title='bbox 1157 4434 1259 4518; x_wconf 89' lang='lat' dir='ltr'>cuim</span> <span class='ocrx_word' id='word_1_303' title='bbox 1280 4434 1465 4521; x_wconf 90' lang='lat' dir='ltr'>naturales</span> <span class='ocrx_word' id='word_1_304' title='bbox 1489 4435 1550 4520; x_wconf 91' lang='lat' dir='ltr'>di-</span> 
     </span>
     <span class='ocr_line' id='line_1_33' title="bbox 111 4546 1549 4669; baseline 0.001 -34"><span class='ocrx_word' id='word_1_305' title='bbox 111 4546 223 4635; x_wconf 87' lang='lat' dir='ltr'>vinae</span> <span class='ocrx_word' id='word_1_306' title='bbox 239 4575 355 4656; x_wconf 88' lang='lat' dir='ltr'>sunt,</span> <span class='ocrx_word' id='word_1_307' title='bbox 382 4551 467 4637; x_wconf 90' lang='lat' dir='ltr'>licet</span> <span class='ocrx_word' id='word_1_308' title='bbox 481 4581 562 4637; x_wconf 93' lang='lat' dir='ltr'>non</span> <span class='ocrx_word' id='word_1_309' title='bbox 592 4553 869 4669; x_wconf 84' lang='lat' dir='ltr'>reciprocetur)</span> <span class='ocrx_word' id='word_1_310' title='bbox 894 4579 972 4637; x_wconf 87' lang='lat' dir='ltr'>esse</span> <span class='ocrx_word' id='word_1_311' title='bbox 997 4550 1092 4636; x_wconf 87' lang='lat' dir='ltr'>inter</span> <span class='ocrx_word' id='word_1_312' title='bbox 1107 4580 1146 4636; x_wconf 88' lang='lat' dir='ltr'>se</span> <span class='ocrx_word' id='word_1_313' title='bbox 1161 4552 1309 4666; x_wconf 88' lang='lat' dir='ltr'>penitus</span> <span class='ocrx_word' id='word_1_314' title='bbox 1333 4552 1549 4660; x_wconf 89' lang='lat' dir='ltr'>contrarias,</span> 
     </span>
     <span class='ocr_line' id='line_1_34' title="bbox 92 4668 1552 4784; baseline 0.001 -33"><span class='ocrx_word' id='word_1_315' title='bbox 92 4668 286 4781; x_wconf 87' lang='lat' dir='ltr'>quamvis</span> <span class='ocrx_word' id='word_1_316' title='bbox 309 4668 497 4755; x_wconf 87' lang='lat' dir='ltr'>interdum</span> <span class='ocrx_word' id='word_1_317' title='bbox 513 4669 603 4756; x_wconf 87' lang='lat' dir='ltr'>tales</span> <span class='ocrx_word' id='word_1_318' title='bbox 617 4700 696 4756; x_wconf 87' lang='lat' dir='ltr'>esse</span> <span class='ocrx_word' id='word_1_319' title='bbox 711 4670 936 4775; x_wconf 87' lang='lat' dir='ltr'>videantur,</span> <span class='ocrx_word' id='word_1_320' title='bbox 961 4698 1041 4754; x_wconf 96' lang='lat' dir='ltr'>non</span> <span class='ocrx_word' id='word_1_321' title='bbox 1057 4668 1144 4755; x_wconf 92' lang='lat' dir='ltr'>dico</span> <span class='ocrx_word' id='word_1_322' title='bbox 1164 4669 1393 4784; x_wconf 90' lang='lat' dir='ltr'>simpliciter,</span> <span class='ocrx_word' id='word_1_323' title='bbox 1416 4695 1461 4756; x_wconf 94' lang='lat' dir='ltr'>ut</span> <span class='ocrx_word' id='word_1_324' title='bbox 1493 4670 1552 4755; x_wconf 89' lang='lat' dir='ltr'>al-</span> 
     </span>
     <span class='ocr_line' id='line_1_35' title="bbox 110 4784 1553 4905; baseline 0.003 -37"><span class='ocrx_word' id='word_1_325' title='bbox 110 4808 192 4869; x_wconf 87' lang='lat' dir='ltr'>tera</span> <span class='ocrx_word' id='word_1_326' title='bbox 213 4784 482 4883; x_wconf 85' lang='lat' dir='ltr'>inuniversum</span> <span class='ocrx_word' id='word_1_327' title='bbox 497 4786 646 4899; x_wconf 75' lang='lat' dir='ltr'>iubeat,</span> <span class='ocrx_word' id='word_1_328' title='bbox 667 4789 782 4876; x_wconf 87' lang='lat' dir='ltr'>altera</span> <span class='ocrx_word' id='word_1_329' title='bbox 801 4812 931 4893; x_wconf 86' lang='lat' dir='ltr'>vetet,</span> <span class='ocrx_word' id='word_1_330' title='bbox 954 4787 1113 4904; x_wconf 83' lang='lat' dir='ltr'>exempli</span> <span class='ocrx_word' id='word_1_331' title='bbox 1131 4789 1279 4905; x_wconf 91' lang='lat' dir='ltr'>gratia,</span> <span class='ocrx_word' id='word_1_332' title='bbox 1316 4789 1462 4873; x_wconf 90' lang='lat' dir='ltr'>mentiri</span> <span class='ocrx_word' id='word_1_333' title='bbox 1489 4786 1553 4875; x_wconf 90' lang='lat' dir='ltr'>vel</span> 
     </span>
     <span class='ocr_line' id='line_1_36' title="bbox 111 4897 1555 5024; baseline 0.001 -36"><span class='ocrx_word' id='word_1_334' title='bbox 111 4897 253 5012; x_wconf 83' lang='lat' dir='ltr'>furari,</span> <span class='ocrx_word' id='word_1_335' title='bbox 282 4903 323 4992; x_wconf 91' lang='lat' dir='ltr'>in</span> <span class='ocrx_word' id='word_1_336' title='bbox 351 4933 433 5024; x_wconf 94' lang='lat' dir='ltr'>quo</span> <span class='ocrx_word' id='word_1_337' title='bbox 450 4931 545 4994; x_wconf 86' lang='lat' dir='ltr'>esset</span> <span class='ocrx_word' id='word_1_338' title='bbox 561 4931 689 5024; x_wconf 88' lang='lat' dir='ltr'>aperta</span> <span class='ocrx_word' id='word_1_339' title='bbox 710 4907 838 5024; x_wconf 86' lang='lat' dir='ltr'>legum</span> <span class='ocrx_word' id='word_1_340' title='bbox 863 4906 1059 5011; x_wconf 85' lang='lat' dir='ltr'>dissensio,</span> <span class='ocrx_word' id='word_1_341' title='bbox 1076 4932 1115 4992; x_wconf 89' lang='lat' dir='ltr'>et</span> <span class='ocrx_word' id='word_1_342' title='bbox 1129 4906 1257 4993; x_wconf 87' lang='lat' dir='ltr'>latoris</span> <span class='ocrx_word' id='word_1_343' title='bbox 1282 4907 1555 5011; x_wconf 87' lang='lat' dir='ltr'>inconstantia;</span> 
     </span>
     <span class='ocr_line' id='line_1_37' title="bbox 1008 5023 1557 5113; baseline 0.005 -3"><span class='ocrx_word' id='word_1_344' title='bbox 1008 5023 1099 5110; x_wconf 86' lang='lat' dir='ltr'>Ddd</span> <span class='ocrx_word' id='word_1_345' title='bbox 1117 5056 1141 5110; x_wconf 85' lang='lat'><em>2</em></span> <span class='ocrx_word' id='word_1_346' title='bbox 1490 5023 1557 5113; x_wconf 88' lang='lat' dir='ltr'>sed</span> 
     </span>
    </p>
   </div>
   <div class='ocr_carea' id='block_1_8' title="bbox 0 0 2041 5858">
    <p class='ocr_par' dir='ltr' id='par_1_15' title="bbox 0 0 2041 5858">
     <span class='ocr_line' id='line_1_38' title="bbox 0 0 2041 5858; baseline 0 0"><span class='ocrx_word' id='word_1_347' title='bbox 0 0 2041 5858; x_wconf 95' lang='lat' dir='ltr'> </span> 
     </span>
    </p>
   </div>
  </div>
 </body>
</html>
