4140 5872
267 407 592 488 nanneno
624 404 701 476 tr
733 390 1395 474 n'rorsorr1c10t1a.1.
1479 426 1546 494 ηρ

111 568 227 633 extra
248 541 416 644 bellum,
446 536 619 623 multum
640 529 870 615 abhorrent.
905 521 1058 623 Quibus
1101 523 1295 627 sceleribus
1333 527 1499 648 plerique
1533 537 1573 623 in

122 671 306 777 Europa,
326 687 408 747 non
442 649 725 772 suppetentibus
757 645 920 762 opibus,
947 641 1013 727 ubi
1047 671 1087 730 se
1121 642 1281 730 desidiae
1317 648 1572 762 dediderunt,

121 784 230 900 gulae
253 804 293 868 et
321 776 486 866 lautitiae
515 772 740 873 servientes,
768 763 1031 880 implicantur:
1059 761 1126 877 qui
1152 787 1197 848 ut
1218 793 1358 877 poenas
1391 768 1574 888 legitimas

119 895 331 1018 effiagiant,
360 924 459 983 neve
482 891 532 978 ad
562 889 738 1006 justitiam
757 880 1059 998 compellantur,
1093 878 1143 965 ad
1168 882 1413 1005 calumniosas
1443 888 1573 976 defen·

118 1020 242 1106 siones
265 1019 453 1131 dolosque
467 1006 692 1127 confugiunt
708 1069 721 1112 ,
738 1029 780 1092 et
794 1000 976 1114 ducendis
1000 998 1146 1107 litibus,
1160 1027 1325 1118 quoquo
1349 1007 1468 1092 modo
1485 1040 1570 1124 pos.
1622 1072 1768 1125 ,mmm

118 1163 239 1243 sunt,
268 1135 584 1252 tergiversantur.
626 1126 700 1213 Sed
734 1123 874 1212 horum
901 1117 1089 1204 malorum
1126 1120 1287 1223 maxima
1320 1123 1451 1239 culpae
1486 1135 1571 1243 pars
1585 1129 1769 1251 {flssss‘gg'gffi‘

116 1281 176 1343 est
203 1257 243 1342 in
265 1250 519 1371 quorumdam
541 1245 832 1363 jurisperitorum
857 1237 1000 1326 nullam
1023 1236 1231 1353 quamlibet
1256 1264 1406 1356 turpem
1422 1272 1573 1336 causam
1587 1266 1636 1303 w*

114 1372 400 1490 repudiantium
427 1367 665 1485 perversitate
682 1392 696 1468 ·,
718 1361 806 1478 qui,
822 1388 910 1446 cum
931 1355 1181 1443 eosscelerari
1209 1383 1249 1444 et
1264 1354 1489 1450 fraudulenti
1506 1368 1574 1454 ad

115 1518 282 1582 vocatos
307 1490 487 1579 adhibent
508 1516 521 1591 3
545 1485 631 1602 juris
665 1480 846 1588 scientia,
877 1504 917 1565 re
949 1505 1016 1562 sua
1051 1498 1187 1591 sponte
1219 1477 1440 1593 reipublicae
1477 1485 1574 1574 salu.

117 1611 190 1697 tari
208 1674 220 1717 ,
237 1633 276 1697 et
306 1610 358 1697 ad
389 1610 583 1695 bonorum
613 1599 835 1719 praesidum
867 1617 991 1700 nata,
1008 1593 1058 1681 ad
1088 1594 1276 1684 malorum
1307 1598 1572 1716 impunitatem

119 1755 161 1815 ct
188 1728 334 1842 injurias
360 1726 540 1829 alendas,
562 1719 885 1832 extrahendasque
916 1713 996 1801 lites
1023 1715 1239 1829 compendii
1284 1719 1339 1804 sui
1369 1747 1479 1806 causa
1509 1751 1577 1838 pet

117 1847 327 1933 calumnias
351 1869 391 1930 et
415 1841 613 1928 malitiosas
639 1838 725 1953 jutis
754 1832 1078 1951 interpretationes
1107 1833 1185 1919 sine
1214 1835 1323 1950 cadpa
1349 1836 1477 1954 legum
1501 1867 1574 1928 tur.

116 1968 220 2080 pitet
263 1965 502 2064 abutuntur,
527 1958 697 2074 ipsasque
726 1956 828 2071 leges
858 1950 1053 2058 frustrari,
1082 1976 1121 2037 et
1149 1951 1286 2065 judices
1318 1954 1470 2042 eludere
1510 1987 1578 2046 ca·

120 2082 315 2196 ptionibus
342 2075 617 2196 praestigiisque
644 2073 818 2158 nituntur
835 2134 844 2156 .
863 2070 1014 2169 Quibus
1034 2067 1225 2157 calumniis
1252 2097 1291 2159 et
1319 2070 1511 2163 fraudibus
1533 2083 1684 2194 offlg?
1709 2096 1770 2199 {³531
1896 2092 1899 2097 ·

119 2199 202 2283 mni
224 2199 400 2303 ratione,
424 2219 611 2313 quatenus
634 2189 714 2278 fieti
738 2190 890 2306 possit,
912 2215 1109 2292 occurrere
1136 2190 1221 2302 justi
1253 2215 1292 2276 ct
1322 2194 1494 2308 sapientis
1525 2194 1577 2309 ju·
1589 2204 1667 2255 um.

121 2317 214 2404 dicis
245 2343 332 2403 est.
367 2321 411 2400 ln
438 2342 516 2431 qua
539 2340 629 2397 cura
651 2333 690 2396 et
719 2305 848 2395 officio
879 2305 1215 2422 praetermittendo
1242 2370 1254 2414 ,
1288 2312 1398 2423 quod
1432 2314 1577 2403 utinam

120 2436 248 2548 paucis
274 2432 454 2548 judicibus
481 2431 696 2536 accideret,
730 2455 812 2512 non
841 2425 965 2510 minor
995 2423 1106 2538 ctdpa
1131 2424 1263 2531 inest,
1294 2455 1411 2541 quam
1439 2430 1479 2514 in
1505 2433 1574 2519 do·

122 2552 164 2638 lis
180 2553 485 2640 advocatorum.
517 2553 622 2632 Nam
638 2609 651 2655 ,
668 2553 733 2654 qui
748 2572 818 2631 non
836 2545 939 2630 obest
960 2600 974 2648 ,
1004 2568 1086 2624 cum
1106 2556 1259 2651 potest,
1286 2548 1448 2654 irp‘uriae
1465 2565 1576 2654 ,tam

123 2685 184 2753 est
211 2679 251 2754 in
276 2678 405 2776 vitio,
437 2693 546 2776 quam
575 2673 640 2774 qui
660 2663 801 2771 facit,
825 2661 1010 2748 Cicerone
1027 2661 1307 2777 Ambrosioque
1332 2667 1572 2755 auctoribus.
1626 2657 1648 2699 ¹‘
1664 2646 1736 2714 Μ’·

123 2793 203 2894 Et,
229 2811 274 2873 ut
289 2812 344 2874 est
368 2788 406 2872 in
432 2783 587 2872 Damasi
618 2784 827 2898 rescripto:
853 2781 941 2865 Non
965 2792 1072 2864 caret
1099 2788 1274 2890 scrupulo
1289 2791 1484 2870 sucidam
1517 2815 1576 2872 oc·

122 2912 275 3012 eadm,
310 2913 375 3014 qui
407 2902 604 3011 manifisto
639 2899 815 3008 facinori
836 2902 992 3009 ,desinit
1024 2898 1210 2984 obviare.
1239 2900 1362 2997 Quod
1405 2902 1434 2988 si
1471 2905 1573 2991 nulla
1587 2924 1766 3038 &qu-

125 3051 197 3109 nec
227 3023 385 3110 istorum
410 3050 481 3109 nec
509 3021 675 3138 judicum
699 3015 831 3105 fraude
849 3078 862 3123 ,
879 3015 944 3104 vel
967 3015 1137 3123 malitia,
1167 3046 1234 3102 seu
1265 3018 1490 3137 negligentia
1521 3023 1577 3109 in·
1630 2985 1674 3134 ‚p
1742 3011 1751 3027 ’

123 3142 391 3248 terveniente,
424 3139 506 3227 lites
540 3139 580 3224 in
615 3138 775 3254 longum
810 3160 990 3249 tempus,
1021 3135 1130 3251 quod
1162 3163 1245 3221 non
1277 3134 1321 3223 fit
1358 3137 1436 3226 sine
1464 3120 1684 3255 jactu-illaill
1705 3136 1767 3233 ⁹¹5}

123 3287 167 3344 ra
189 3258 443 3376 litigantium,
467 3259 726 3373 producantur
743 3285 756 3359 3
775 3253 877 3340 nulla
901 3275 1088 3339 rectarum
1106 3253 1234 3370 legum
1257 3254 1367 3370 culpa
1390 3285 1475 3366 est,
1506 3245 1765 3353 sedllllll‘ffi

123 3375 251 3492 legum
280 3376 406 3464 latoris
435 3377 609 3480 incuria,
639 3374 700 3460 cui
729 3375 806 3460 hoc
834 3370 898 3462 vel
927 3370 967 3455 in
1003 3371 1128 3486 primis
1163 3371 1441 3485 providendum
1471 3375 1574 3489 firit,

123 3493 342 3612 legibusque
373 3494 617 3599 cavendum,
642 3520 686 3579 ut
710 3519 844 3578 omnes
870 3489 992 3575 aditus
1021 3489 1073 3575 ad
1106 3488 1298 3576 ducendas
1330 3491 1410 3579 lites
1436 3522 1574 3604 essent,

123 3637 310 3726 quatenus
332 3611 412 3701 fieri
434 3636 594 3727 posset,
621 3609 832 3698 obstructi:
862 3609 972 3724 quod
995 3608 1197 3722 plurimum
1223 3607 1352 3715 valet,
1381 3634 1425 3697 ut
1448 3615 1572 3701 omnis

122 3728 309 3818 calumnia
329 3794 342 3838 ,
364 3731 486 3819 omnis
514 3731 593 3821 veti
616 3726 823 3833 inficiatio,
841 3726 1055 3843 praesertim
1083 3725 1175 3813 dato
1198 3725 1437 3840 jurejurando
1456 3790 1469 3835 ,
1485 3761 1572 3849 gra·

121 3847 233 3935 vibus
260 3851 389 3964 poenis
419 3851 460 3934 in
487 3847 747 3936 controversiis
774 3845 931 3965 quidem
961 3843 1127 3937 civilibus
1154 3845 1365 3935 sanciatur.
1403 3846 1488 3938 Alia
1512 3876 1569 3940 est

123 3966 223 4053 enirn
257 3967 352 4055 ratio
381 3996 577 4054 causarum
599 3965 826 4083 capitalium.

197 4087 343 4173 XXIX.
402 4090 550 4176 Contra
576 4115 669 4176 vero
698 4108 859 4171 statuere
875 4142 888 4189 ,
904 4084 1014 4200 quod
1040 4082 1115 4171 aliis
1145 4081 1298 4199 placet,
1329 4108 1373 4171 ut
1404 4084 1504 4204 leges
1527 4088 1567 4173 in

122 4202 230 4286 omni
260 4204 480 4321 reipublicae
505 4234 610 4322 parte
638 4203 688 4293 sic
710 4202 953 4291 dominentur
974 4227 1049 4310 ,ut
1063 4204 1114 4290 ab
1136 4203 1302 4317 ipsorum
1323 4204 1459 4318 scripto
1484 4234 1565 4291 non
1581 4186 1683 4300 iffi
1695 4204 1761 4301 X:

121 4317 361 4430 discedam,
384 4325 687 4441 necquidquam
710 4321 881 4409 humano
900 4322 1053 4410 arbitrio
1077 4319 1341 4435 relinquatur,
1368 4320 1567 4414 hominum
1579 4310 1761 4422 la‘laudl'*

121 4460 178 4522 est
199 4436 441 4551 pertinacium
463 4504 475 4546 ,
500 4467 540 4529 et
554 4471 679 4529 rerum
702 4440 937 4559 agendarum
960 4464 1134 4526 naturam
1156 4438 1440 4555 ignorantium,
1464 4473 1566 4559 quae

119 4579 200 4676 tam
228 4555 332 4643 van'a
347 4583 402 4644 est
416 4584 456 4646 et
476 4562 691 4648 inconstans
706 4619 719 4663 ,
736 4558 1063 4674 quemadmodum
1081 4587 1191 4673 supra
1216 4557 1402 4665 diximus,
1431 4587 1475 4647 ut
1489 4562 1569 4677 plu·

120 4671 212 4759 rima
228 4674 440 4791 negotiain
478 4675 583 4766 locos
615 4704 837 4766 communes
851 4675 1177 4794 ,universaliaque
1204 4701 1434 4793 praecepta,
1464 4707 1566 4796 quae

118 4815 207 4906 apte
221 4794 332 4885 rebus
351 4793 529 4887 omnibus
543 4856 556 4906 ,
571 4792 803 4917 temporibus
826 4817 866 4883 et
890 4795 1056 4914 personis
1079 4795 1448 4908 accommodentur,
1469 4828 1572 5004 eqn-

1515 4943 1571 5005 et-
