4034 5858
536 364 604 437 nn
629 361 775 459 Jusrrs
799 364 933 435 natm
956 361 1129 434 crusis.
1307 432 1309 435 .
1461 391 1527 462 333

101 492 210 582 tione
236 483 394 603 Hispani
419 491 578 599 possm
606 485 722 569 Indos
737 483 776 567 in
792 512 900 569 suam
917 483 1099 569 ditionem
1128 484 1318 600 redigere.
1353 487 1445 572 Hoc
1460 490 1561 580 idem

102 611 229 698 asseri
247 615 403 694 Sanctus
419 603 591 688 Thomas
607 602 657 687 de
673 606 769 719 Reg.
784 601 881 717 prin.
895 600 956 687 lib.
976 628 1016 712 3.
1044 630 1078 686 c.
1093 633 1133 708 4.
1160 626 1200 689 et
1217 602 1354 689 deinde
1372 607 1562 726 ,allegans

104 729 374 844 Augtutinum.

163 849 212 932 V.
240 854 243 864 “
274 839 477 930 Secundo:
496 833 569 920 isti
592 838 751 922 barbari
765 844 950 947 implicati
974 851 1083 921 erant
1113 843 1365 947 gravissimis
1384 853 1560 951 peccatis

101 976 234 1050 contra
250 969 366 1071 legem
383 971 541 1038 naturae
558 1013 572 1059 ‚
607 955 711 1067 cujus
727 955 917 1073 ignoratio
949 955 1090 1041 nemini
1118 952 1344 1070 suffragatur
1361 1017 1373 1063 ,
1404 987 1560 1076 propter

101 1109 204 1197 quae
227 1087 333 1165 Deus
356 1073 497 1160 delevit
521 1099 653 1187 gentes
669 1075 917 1188 peccatrices,
939 1101 1039 1187 quae
1069 1099 1207 1159 tetram
1223 1073 1473 1187 promissionis
1502 1080 1560 1163 in·

103 1199 283 1284 colebant
307 1257 319 1303 ,
346 1191 472 1278 cuncti
496 1190 597 1274 enim
620 1192 813 1277 idolorum
835 1190 997 1276 cultores
1013 1216 1147 1296 erant,
1169 1215 1209 1276 et
1229 1190 1396 1307 plerique
1426 1225 1560 1284 omues

104 1315 352 1402 immolabant
382 1307 549 1396 victimas
573 1307 778 1395 humanas.
814 1314 917 1393 Nam
941 1310 1050 1422 quod
1077 1315 1182 1394 Deus
1206 1336 1289 1394 non
1316 1310 1467 1398 occulto
1497 1313 1560 1426 ju·

105 1432 206 1518 dicio
224 1494 236 1538 ,
254 1431 319 1517 sed
345 1449 497 1542 propter
523 1423 739 1535 huiusmodi
759 1425 1011 1512 idololatriam
1039 1424 1217 1512 deleverit
1239 1455 1301 1511 eas
1326 1454 1485 1543 gentes,
1505 1457 1561 1518 te·

106 1574 225 1636 natur
243 1547 433 1662 Scriptura
453 1541 581 1628 divina
600 1572 681 1628 non
703 1545 885 1647 obscure,
901 1544 967 1629 sed
981 1544 1103 1628 verbis
1119 1543 1361 1658 apertissimis.
1386 1546 1443 1631 Sic
1458 1551 1559 1635 enim
1588 1580 1660 1634 nea.
1672 1595 1723 1645 ca.

105 1669 283 1784 scriptum
300 1690 374 1750 est:
401 1663 464 1743 Ne
480 1663 590 1750 dieas
610 1718 624 1765 ,
641 1687 724 1744 cum
739 1667 921 1745 deleverit
936 1663 1188 1746 eosDominus
1202 1669 1242 1742 in
1259 1680 1457 1771 conspectu
1483 1684 1558 1753 tuo:

107 1785 271 1898 Propter
276 1787 470 1894 justitium
487 1803 603 1860 meam
622 1783 839 1864 introduxit
854 1805 910 1861 me
934 1779 1076 1883 Deus,
1108 1796 1150 1862 ut
1170 1784 1401 1887 possiderem
1417 1797 1560 1871 terram

106 1904 233 2009 banc,
267 1928 350 1988 cum
367 1911 527 2006 propter
543 1903 755 2004 impietates
779 1922 871 1980 suns
891 1903 989 1978 istae
1014 1899 1155 1981 deletae
1176 1906 1255 1980 sint
1286 1906 1472 1984 nationes.
1508 1911 1562 1990 Et
1588 1947 1695 1998 capnt

106 2019 269 2115 ibidem:
290 2020 425 2102 Omnes
440 2018 741 2120 abominationes,
755 2041 850 2122 quus
864 2029 1069 2097 aversatur
1085 2023 1284 2118 Dominus,
1287 2013 1468 2120 ficerunt
1484 2026 1562 2109 diis

106 2147 213 2243 suis,
238 2131 546 2242 affluentesfiiios
561 2128 715 2229 etfiiios
730 2191 746 2238 ,
762 2149 800 2216 et
816 2133 1064 2218 comburentes
1080 2139 1183 2241 igni.
1207 2140 1259 2219 Et
1273 2132 1456 2247 explicans
1472 2142 1564 2226 Scri·

109 2281 221 2372 ptura
235 2255 440 2369 impietates
458 2275 638 2365 ,propter
662 2280 757 2365 quas
774 2251 919 2337 deletae
943 2274 1030 2334 sunt
1057 2272 1213 2365 gentes,
1229 2251 1279 2335 sic
1294 2252 1367 2336 ait:
1400 2256 1563 2362 ‚Quando
1590 2237 1693 2297 “⁹⁶⁰⁹

107 2368 441 2485 ingressusfueris
463 2383 633 2470 terram,
663 2395 771 2475 qnam
788 2374 954 2453 dominus
970 2369 1079 2450 Deus
1095 2383 1182 2451 tuus
1206 2370 1314 2451 dabit
1328 2371 1402 2452 tibi
1424 2430 1438 2476 ,
1465 2402 1563 2462 caue

106 2517 154 2575 ne
171 2498 316 2576 imitari
332 2492 430 2572 veiis
446 2485 731 2572 abominationes
746 2492 896 2569 illarum
908 2492 1072 2593 gentium
1088 2543 1102 2589 ‚
1119 2511 1184 2570 nec
1200 2493 1418 2601 inveniatur
1448 2499 1489 2574 in
1509 2511 1562 2599 te,

108 2617 175 2716 qui
200 2616 336 2693 lustret
355 2602 483 2703 filium
498 2628 634 2706 suum,
658 2601 881 2708 autfiiiom,
898 2605 1035 2685 ducens
1055 2612 1268 2714 perignem
1285 2661 1299 2708 ,
1316 2621 1383 2688 aut
1401 2619 1467 2713 qui
1490 2615 1564 2695 ba.

108 2734 224 2813 riolos
238 2732 487 2825 sciscitetur,
514 2734 553 2803 et
566 2721 740 2806 observet
754 2727 896 2806 somnia
911 2778 927 2825 ,
944 2735 1055 2828 atque
1071 2730 1259 2832 auguria,
1286 2749 1353 2807 nec
1378 2733 1432 2808 sit
1450 2737 1563 2815 mate·

98 2843 205 2947 ficus
220 2905 233 2948 ,
251 2871 316 2929 nec
330 2851 570 2943 incantator,
586 2863 653 2921 nec
670 2846 734 2948 qui
744 2840 930 2950 pythones
941 2844 1121 2945 consulat,
1139 2867 1205 2924 nea
1219 2846 1382 2946 diuinos,
1398 2860 1437 2926 et
1451 2871 1565 2952 quae·

111 2979 178 3049 rot
194 2991 219 3047 a
234 2969 391 3049 mortuis
405 2964 632 3042 veritatem:
657 2961 793 3040 Omnia
808 2963 903 3040 enim
916 2957 1009 3041 boec
1025 2960 1257 3044 abominatur
1272 2969 1460 3049 Dominus
1479 3024 1494 3072 ,
1524 2982 1563 3051 et

102 3096 267 3191 propter
292 3079 502 3164 istiusmodi
529 3079 671 3159 scelera
697 3076 833 3158 delebit
856 3100 918 3160 eos
942 3082 982 3157 in
1004 3083 1160 3161 introitu
1175 3092 1247 3163 tuo.
1278 3080 1430 3174 Quibus
1456 3084 1563 3169 testi-

3 3208 4 3211 ‘
109 3199 248 3284 moniis
268 3220 396 3313 aperte
424 3191 631 3279 declaratur
661 3193 727 3278 has
747 3217 878 3310 gentes
906 3216 1060 3306 propter
1085 3193 1277 3281 idolorum
1304 3199 1449 3284 cultum
1471 3197 1564 3288 fuis·

112 3343 151 3401 se
170 3316 336 3427 deletas:
370 3311 499 3398 omnia
519 3309 617 3394 enim
633 3336 817 3427 peccata,
843 3337 941 3426 quae
958 3310 1018 3395 hic
1039 3328 1297 3401 memorantur
1310 3378 1322 3423 ,
1336 3317 1565 3435 Theologo·
1684 3378 1698 3391 a

111 3464 198 3521 rum
221 3460 407 3523 consensu
422 3431 473 3517 ad
499 3427 688 3516 idolorum
703 3428 847 3515 cultum
868 3424 1105 3541 referuntur,
1127 3459 1195 3522 aut
1218 3434 1368 3551 impiam
1393 3437 1565 3552 supersti-

108 3553 279 3640 tionem.
310 3552 416 3640 Idem
440 3579 560 3668 prope
585 3546 764 3639 ttaditum
788 3573 844 3639 est
864 3549 985 3639 lavit.
1011 3561 1077 3638 18.
1095 3577 1135 3638 et
1154 3585 1219 3640 20.
1250 3561 1342 3641 ltem
1360 3557 1413 3642 ob
1428 3554 1562 3642 eadem

88 3671 265 3786 'peccata
280 3671 467 3788 populum
494 3670 730 3758 metricum
753 3699 959 3788 magnaex
973 3696 1078 3783 parte
1093 3666 1202 3759 fuisse
1226 3673 1420 3780 deletum,
1456 3699 1495 3760 et
1522 3674 1562 3759 in

110 3789 329 3877 servitutem
360 3815 400 3876 et
435 3788 689 3904 captivitatem
723 3789 990 3893 abstractum,
1020 3813 1198 3881 testatum
1229 3815 1285 3876 est
1313 3791 1352 3874 in
1380 3791 1557 3879 Psalmis:
1588 3824 1653 3880 na.
1669 3840 1727 3888 ως.

110 3907 316 3996 Commixti
331 3923 418 3992 sunt
438 3964 452 4011 ‚
473 3905 595 4023 inquit
620 3967 635 4015 ,
657 3917 755 3993 inter
775 3922 933 4017 gemes,
963 3919 1001 3986 et
1022 3910 1232 3991 didicerunt
1262 3924 1375 4024 opera
1403 3938 1559 4017 eorum,

110 4024 509 4125 inmolaveruntfilios
534 4051 621 4110 suos
637 4084 650 4130 ,
667 4041 704 4110 et
725 4023 836 4126 ,tibus
859 4049 949 4107 suns
971 4026 1195 4130 daemoniis,
1219 4040 1257 4108 et
1273 4035 1398 4114 iratus
1413 4044 1472 4112 est
1483 4027 1563 4132 fu-

112 4169 198 4226 rore
222 4154 405 4234 Dominus
430 4151 470 4227 in
486 4149 663 4253 populum
688 4170 794 4227 suum
810 4158 875 4247 ,et
891 4145 1053 4226 tradidit
1081 4169 1143 4227 eos
1158 4151 1200 4224 in
1227 4170 1356 4228 manus
1381 4153 1559 4254 gentium.

113 4257 282 4370 Adiuvat
295 4262 407 4378 quod
422 4289 477 4347 est
490 4261 698 4377 Sapientiae
715 4290 781 4346 12.
797 4285 837 4346 et
852 4260 1052 4367 Exod32.
1068 4260 1219 4358 Quibus
1227 4262 1337 4348 rebus
1353 4265 1563 4353 declaratur

113 4374 166 4460 eis
184 4380 409 4490 peccatislex
427 4403 583 4465 naturae
604 4378 734 4466 violari
752 4445 763 4478 ‚
779 4406 868 4463 cum
885 4377 940 4462 ob
954 4376 1088 4461 eadem
1111 4378 1260 4495 utrique
1285 4379 1411 4468 fideles
1426 4409 1466 4471 et
1481 4383 1563 4470 infi-

112 4492 217 4580 deles
242 4497 363 4610 puniti
386 4494 533 4584 fuerint.
564 4497 696 4593 Quare
711 4495 850 4582 eisdem
865 4495 914 4581 de
930 4494 1038 4581 rebus
1067 4523 1281 4582 memorans
1297 4497 1507 4613 Cyprianus
1523 4502 1563 4588 in

110 4611 373 4702 exhortatione
386 4615 436 4701 ad
452 4615 682 4730 ,martyrium
696 4675 708 4718 ,
724 4613 856 4699 addit:
889 4612 1004 4721 Quod
1025 4619 1064 4695 si
1089 4619 1387 4700 anteadoentum
1415 4620 1565 4704 Christi

111 4738 221 4815 eirca
244 4733 370 4822 Deum
394 4737 610 4838 colendam,
640 4747 678 4816 et
701 4736 802 4815 idola
830 4734 1039 4838 spernenda
1062 4732 1152 4815 baec
1174 4750 1382 4844 praecepta
1408 4750 1566 4820 servata

109 4864 229 4960 sunt,
257 4866 392 4960 quomo
421 4857 545 4962 magis
561 4866 652 4962 post
682 4851 884 4935 moenam
915 4847 1069 4937 count.
1090 4855 1306 4940 servanda?
1334 4880 1434 4969 quae
1452 4853 1566 4941 verba
