4006 5850
518 380 521 381 ⁷
659 352 881 432 LIssER'
908 356 951 428 1.
1196 360 1200 363 ’
1428 356 1499 451 4'87

79 489 382 591 Manifenissime
404 486 543 575 docens
571 506 611 572 et
634 477 756 568 latum
789 479 881 567 nihil
907 506 985 568 esse
1013 475 1114 570 aliud
1130 510 1247 599 quarn
1265 492 1439 570 naturam
1461 512 1531 591 ‚et

76 616 264 733 quaedam
281 633 427 728 praeter
442 602 562 692 latum
577 626 800 717 praeterque
818 624 992 688 naturam
1018 596 1109 686 fieri.
1149 601 1257 697 Quid
1290 603 1392 689 enim
1427 606 1528 693 aliud

75 760 132 832 est
155 762 235 820 non
258 724 512 843 inoperire,
539 719 606 809 nisi
641 719 749 839 quod
766 719 843 836 ipse
865 747 1057 835 exponens
1084 718 1160 829 ait,
1180 751 1263 807 non
1280 724 1412 808 merita
1430 756 1534 810 mor·

75 878 115 940 te
133 912 146 957 ,
162 851 303 956 idest,
329 875 411 936 non
436 872 513 949 ea,
540 869 640 960 quae
663 864 820 928 naturae
853 838 1269 957 praesertim-muliebri
1297 841 1532 953 debebatur,

75 970 143 1064 sed
156 971 331 1057 accersita
347 985 549 1080 etpraeter
565 962 870 1048 naturamNon
886 958 1030 1076 peribat
1050 984 1178 1045 autem
1196 956 1278 1045 fato
1294 1021 1306 1064 ,
1323 958 1464 1076 aliquid
1479 993 1534 1050 er·

73 1116 129 1207 go
144 1113 293 1206 praeter
320 1081 442 1175 fatum
457 1078 639 1169 efficitur:
670 1107 752 1165 non
771 1075 886 1194 igitur
901 1076 1030 1163 omnia
1046 1074 1148 1163 fatali
1170 1079 1387 1166 necessitate
1405 1079 1514 1170 liunt.

90 1277 94 1284 ,
153 1206 279 1294 XXII.
355 1207 488 1317 Atque
506 1201 579 1288 hae
595 1196 753 1313 quidem
768 1194 857 1283 lere.
870 1220 959 1282 sunt
973 1197 1167 1304 rationes,
1200 1199 1298 1284 haec
1306 1227 1533 1317 argumenta

74 1327 276 1413 certissima
290 1324 338 1415 ab
353 1352 424 1408 usu
451 1349 575 1407 rerum
592 1317 747 1433 ipsaque
770 1339 908 1402 natura
923 1311 1123 1432 profecta,
1148 1317 1288 1432 quibus
1305 1319 1532 1433 apertissime

75 1441 196 1532 fatalis
213 1441 406 1530 necessitas
421 1436 610 1526 refellitur.
642 1435 793 1531 Quibus
809 1464 899 1519 cum
914 1462 1101 1531 sacrarum
1123 1434 1331 1522 litterarum
1363 1438 1531 1526 testimo«

78 1563 141 1654 nia
156 1561 345 1680 quadrent
369 1590 416 1648 ex
441 1555 648 1660 amussim,
675 1584 730 1640 ac.
748 1553 955 1669 plenissime
983 1555 1248 1661 consentiant,
1280 1551 1464 1664 eflicitur,
1487 1584 1532 1647 ut
1545 1548 1726 1668 ..Enssiffih‘e‘olj

74 1709 152 1766 una
169 1682 213 1768 sit
235 1679 447 1793 eademque.
470 1671 766 1763 constantissima
792 1672 975 1791 sententia
998 1673 1038 1756 in
1064 1672 1135 1757 hac
1150 1702 1262 1759 causa
1293 1675 1530 1787 dijudicanda
1543 1670 1641 1731 “ihm

75 1798 390 1915 philosophorum
407 1820 447 1882 et
464 1793 764 1911 theologorum,
795 1815 993 1908 quotquot
1009 1792 1220 1898 hactenus,
1245 1793 1322 1881 sive
1338 1796 1410 1880 sub.
1430 1795 1528 1916 lege,-

75 1919 154 2006 sive
170 1921 240 2005 sub
264 1915 383 2035 gratia
402 1939 501 2001 recte
520 1934 725 2028 senscrunt.
746 1912 794 1998 de
807 1911 1116 2026 verareligione.
1150 1919 1323 2026 „Loquor
1335 1938 1462 2001 autem
1479 1920 1530 2002 de

75 2036 186 2122 rebus
206 2098 219 2140 ,
242 2065 342 2150 quae
362 2030 572 2137 moraliter.
589 2056 634 2116 ut
649 2029 716 2145 ipsi
740 2029 974 2144 loquuntur,
994 2019 1055 2117 vel
1072 2031 1197 2116 bonae
1216 2032 1276 2117 vel
1294 2029 1412 2117 malae
1429 2059 1528 2122 sunt.

76 2159 180 2238 Nam
192 2154 238 2240 de
256 2155 296 2241 iis
314 2213 328 2260 ‚
356 2153 394 2238 in
410 2152 546 2266 quibus
561 2149 691 2267 gratia·
713 2148 971 2253 desideratur,
998 2149 1120 2234 dicam
1139 2150 1178 2235 in
1211 2176 1528 2268 argumentorum

75 2273 230 2358 Lutheti
261 2268 543 2358 confutatione.
574 2273 671 2352 Sunt
696 2266 795 2350 enirn
829 2267 1039 2352 testimonia
1065 2296 1251 2354 sacrarum
1286 2269 1527 2380 litterarum,

76 2417 157 2474 non
174 2390 375 2503 ancipitia,
400 2414 478 2473 non
496 2384 640 2492 dubia,
669 2412 749 2469 non
766 2384 953 2492 obscura,
977 2385 1044 2470 sed
1072 2414 1172 2502 quae
1196 2385 1279 2471 luce
1301 2387 1430 2475 clarius
1454 2391 1528 2477 hu·¹

76 2536 212 2594 manae
233 2505 435 2595 voluntatis
461 2504 615 2591 liberam
631 2530 709 2589 esse
734 2496 951 2592 facultatem
982 2529 1271 2610 contestantur,
1302 2532 1341 2592 et
1372 2509 1528 2624 quidem

20 2700 29 2715 .
76 2648 155 2710 tam
186 2625 325 2731 multa,
356 2649 402 2711 ut
427 2652 473 2709 ea
502 2620 703 2709 molestum
730 2619 776 2706 sit
803 2651 1061 2709 annumerare.
1096 2623 1322 2738 Cuiusmodi
1352 2653 1407 2715 est
1435 2627 1528 2716 illud

76 2740 339 2830 Ecclesiastici:
377 2745 487 2826 Deus
507 2742 556 2824 ab
570 2747 681 2825 initio
700 2749 894 2860 constituit
910 2743 1117 2847 hominem,
1149 2759 1187 2826 et
1202 2750 1356 2852 reliquit
1368 2751 1472 2830 illum
1487 2759 1528 2831 iu
1571 2737 1688 2807 ΕΜ·

75 2887 186 2944 manu
200 2867 349 2948 consilii
378 2868 464 2945 sui:
494 2861 634 2968 orljecit
674 2862 904 2945 mandata-et
925 2875 1135 2970 praecepta
1164 2888 1261 2945 sua:
1294 2871 1333 2947 si
1359 2871 1528 2953 volueris

76 2982 251 3066 mandata
267 3004 458 3082 souare,
486 2977 759 3062 conservabant
774 2991 812 3059 te
834 3034 849 3081 ,
866 2992 912 3068 et.
923 2986 1194 3089 inperpetuum
1210 2978 1331 3078 fidem
1339 2989 1527 3090 placitam

69 3095 228 3202 ficere.
262 3100 459 3214 Apposuit
486 3098 560 3180 tibi
577 3120 711 3201 aquam
735 3109 772 3177 ot
786 3102 939 3203 ignem:
966 3101 1020 3179 ad
1032 3101 1130 3204 quod
1151 3104 1344 3205 volueris,
1366 3112 1526 3214 porrige

79 3241 224 3299 manum
239 3231 356 3300 tuam.
389 3216 493 3300 Ante
524 3216 701 3299 bominem
716 3219 803 3322 nito
818 3229 1000 3324 etmors,
1031 3219 1160 3301 honum
1184 3231 1222 3301 et
1247 3225 1406 3325 malum,
1430 3227 1531 3328 quod

69 3339 264 3442 placuerit
279 3343 316 3418 ei
338 3391 353 3439 ‚
371 3335 527 3416 dabitur
542 3338 614 3416 illi.
647 3329 728 3427 Qui
745 3329 850 3417 locus
865 3357 945 3417 tam
961 3359 1118 3448 aperte,
1148 3356 1227 3420 tam
1243 3336 1319 3421 sine
1342 3338 1525 3426 circuitio·

75 3477 154 3557 ne,
188 3476 268 3539 tarn
306 3451 516 3569 simplicitet
565 3449 706 3534 arbitrii
746 3448 953 3537 libertatem
975 3451 1161 3567 explicat,
1188 3454 1379 3540 constituit
1408 3481 1525 3573 atque

77 3591 207 3654 tuetur
223 3630 236 3675 ,
264 3593 310 3654 ut
329 3569 358 3653 si
373 3569 457 3684 quis
474 3591 644 3653 nostrum
661 3565 725 3653 sibi
742 3567 833 3654 velit
847 3568 1101 3656 testimonium
1116 3598 1162 3656 ex
1186 3571 1364 3658 industria
1378 3575 1525 3662 confin-

77 3713 195 3802 gere,
220 3714 302 3771 non
330 3710 458 3772 tamen
487 3684 649 3802 apertius
676 3683 777 3770 aliud
806 3687 1018 3803 excogitare
1043 3716 1150 3803 posse
1183 3689 1369 3776 rideatur.
1401 3693 1525 3781 Simile

75 3803 162 3890 hnic
177 3803 335 3892 estillud
351 3809 561 3890 Deuteron.
585 3802 816 3908 Considera,
832 3810 930 3910 quod
957 3808 1063 3891 lodie
1087 3817 1348 3916 proposuerim
1375 3818 1415 3894 in
1431 3840 1521 3898 cou-
1565 3811 1681 3875 ΜΟ·

79 3938 216 4032 spectu
234 3937 296 4006 tuo
311 3929 434 4006 vitam
448 3935 487 4005 et
502 3923 662 4026 bonum,
690 3936 730 4004 et
744 3931 964 4009 econtrario
979 3940 1129 4010 mortem
1144 3941 1183 4009 et
1197 3935 1329 4012 malum
1345 3987 1360 4035 ‚
1377 3946 1420 4014 ut
1432 3937 1524 4016 aiii-

73 4067 150 4147 gns
180 4042 382 4126 Dominum
412 4041 536 4124 Deum
551 4053 684 4145 tuum,
713 4054 751 4123 et
778 4042 940 4125 ambules
967 4050 1008 4123 iu
1033 4050 1116 4127 viis
1144 4047 1255 4153 ejus,
1278 4064 1316 4130 et
1330 4056 1522 4134 custodias

75 4163 250 4243 mandata
265 4166 400 4265 illius,
426 4174 463 4244 et
478 4166 752 4263 coerimonias,
773 4173 885 4265 atque
896 4162 1069 4268 judicia,
1085 4176 1123 4243 et
1138 4171 1256 4246 vivas
1271 4180 1381 4271 atque
1392 4173 1522 4252 multi·
1635 4173 1637 4175 '

69 4280 188 4386 plicet
203 4291 271 4381 te,
296 4279 557 4383 benedicatque
588 4277 663 4361 tibi
688 4283 729 4358 iu
752 4290 860 4361 terra
891 4335 905 4381 ,
932 4282 1116 4383 adquam
1139 4286 1367 4389 ingredieris
1388 4295 1522 4394 possi·

75 4395 244 4477 deuiam.
261 4395 311 4478 Si
327 4410 451 4492 autem
465 4391 781 4499 auersumfuerit
796 4422 860 4480 cor
878 4408 994 4499 turem,
1005 4411 1043 4476 et
1057 4400 1188 4479 audire
1204 4405 1363 4484 nolueris
1379 4463 1391 4507 ,
1409 4421 1520 4515 atque

76 4514 249 4625 deceptus
264 4515 487 4597 adoraveris
509 4517 596 4598 deos
612 4517 773 4616 alienos,
789 4528 827 4596 et
841 4519 1027 4596 servieris
1041 4522 1119 4619 eis,
1128 4521 1309 4624 praedico
1324 4522 1410 4628 tibi,
1424 4530 1523 4631 quod

68 4645 238 4737 pereas,
256 4644 294 4710 et
303 4648 432 4737 parvo
446 4647 608 4739 tempore
623 4638 780 4713 moreris
795 4639 836 4713 in
851 4647 957 4715 terra
974 4690 987 4734 ,
1016 4635 1189 4739 adquam
1205 4633 1373 4752 Jordone
1390 4657 1516 4725 trans-

74 4756 185 4832 misso
210 4751 439 4854 ingredieris
476 4750 757 4854 possidendam.
791 4748 925 4832 Testes
941 4758 1072 4836 invoco
1087 4751 1193 4837 bodie
1221 4762 1360 4840 caelum
1386 4775 1422 4842 et
1438 4774 1514 4843 ter·
1633 4779 1635 4783 ’

73 4891 186 4984 rom,
211 4871 309 4976 quod
325 4872 589 4992 proposuerim
616 4865 728 4955 volis
751 4873 926 4956 vitamet
950 4885 1133 4982 morien,
1163 4873 1445 4964 benedictionem
1477 4893 1517 4961 et

100 5022 104 5031 ·
1443 5023 1520 5083 ma·
