4020 5864
455 347 483 402 a
562 331 1146 412 :tueunsmnmrxs
1442 364 1515 435 ,ω

41 496 43 500 '
95 469 289 591 indulgere
305 460 429 553 malles
455 462 609 582 in'genio
625 471 735 568 tao,
764 468 881 577 quam
906 458 1114 576 imperare:
1131 469 1135 481 ’
1151 490 1330 580 magnam·
1350 464 1423 554 ribi
1456 467 1541 556 lauss

97 596 185 680 dem
203 585 398 705 peperisti,
428 585 495 688 sed
519 581 641 668 multo
665 579 854 692 ,majorem
874 577 1000 667 fuisses
1026 607 1250 669 consecutus
1258 617 1283 690 z,
1311 614 1392 670 non
1419 589 1539 676 modo

97 706 346 809 eruditionis,
373 699 870 815 sedetiamzeloquentiaea.
924 739 929 755 ⁴
964 708 983 783 ἰ
1006 740 1023 780 η
1045 740 1048 751 ,
1138 740 1141 778 ÷
1214 737 1291 805 qne
1326 740 1361 781 1.
1517 756 1518 759 a

101 868 120 912 ;·
144 828 308 912 XXV„
340 818 483 936 Perlegi
499 839 592 936 ergo
607 818 843 933 epistolarem
860 817 994 904 librum
1013 822 1183 932 Rornae,
1204 817 1334 907 fateor
1350 859 1364 925 ,·
1381 847 1421 909 et
1434 823 1539 912 illum

93 942 254 1033 fortassis
282 939 429 1056 aliquid
441 937 771 1052 admonui.3quod
787 936 879 1023 mihi
906 937 1038 1022 mitius<
1055 939 1440 1055 arridererrutip'se
1452 938 1540 1031 fecit

92 1065 237 1149 in'meo
254 1058 390 1144 libello.¹
424 1056 606 1142 Statimnc
623 1056 740 1172 igitur
756 1054 893 1142 librum
920 1055 1040 1140 alien'a
1061 1086 1177 1171 opera
1197 1090 1211 1163 ,’
1235 1086 1327 1143 nons
1346 1089 1415 1145 suo
1432 1064 1540 1147 Mar-

91 1207 131 1269 te
147 1205 213 1288 ,ut
226 1177 331 1291 ajunt
349 1239 361 1282 ,
376 1171 576 1260 confecisse
592 1175 698 1290 argui
715 1173 828 1259 debet
854 1172 1030 1259 Albertus
1048 1177 1132 1260 Pius
1150 1185 1162 1259 ἓ
1192 1176 1300 1261 Nam
1314 1182 1338 1261 a
1354 1179 1539 1294 quopiam

94 1301 167 1386 alio
186 1320 330 1412 praeter
349 1293 538 1379 librarium
561 1322 610 1377 ne
639 1294 776 1376 lectum
803 1292 958 1405 quidem
987 1288 1095 1378 fuisse
1124 1293 1258 1378 librum
1286 1356 1298 1399 ,
1331 1324 1539 1413 antequam

93 1416 329 1532 perficeretur
344 1431 361 1519 ‚²
385 1412 413 1496 si
430 1411 520 1496 mihi
542 1407 741 1495 affirmanti
767 1438 850 1492 non
871 1408 988 1494 credis
1005 1410 1245 1498 hominifnon
1261 1443 1366 1500 vano
1382 1442 1467 1520 ,wer
1478 1443 1540 1502 te*

92 1536 140 1622 sti
156 1532 338 1635 oculato,
367 1551 481 1646 quem
508 1528 622 1614 latere
650 1526 738 1612 nihil
766 1534 947 1641 poterat,
969 1528 1078 1614 crede
1107 1528 1265 1641 jurato,
1287 1535 1385 1617 'nam
1405 1536 1538 1621 testem

92 1652 242 1768 appello
257 1655 384 1734 Deum
399 1647 677 1750 immortalem,
703 1674 765 1729 me
789 1667 871 1730 non
888 1647 1048 1731 mentiri.
1080 1649 1155 1734 Sed
1185 1651 1307 1734 redeo
1328 1652 1384 1738 a'd
1404 1651 1540 1738 libeurit

92 1770 265 1856 Lutetiae
298 1768 488 1881 inceptum
525 1791 564 1850 et
593 1790 785 1877 peractum
816 1823 828 1867 ,
861 1762 927 1879 qui
957 1787 997 1850 te
1024 1764 1105 1881 plus
1136 1762 1325 1872 offendit,
1355 1772 1393 1854 er
1424 1772 1540 1885 quem

91 1888 169 2003 ipse
186 1888 302 1972 acrius
319 1913 478 1969 accusas.
509 1884 618 1979 Quid
635 1883 749 1966 habes
765 1881 1009 1996 argumenti,
1041 1885 1201 1998 quando
1233 1910 1364 1970 testem
1395 1890 1540 1975 nullum
1640 1902 1643 1908 ’
1690 2002 1694 2009 ι

92 2005 233 2108 habes,
259 2003 363 2088 illum
379 1998 488 2087 fuisse
506 2002 712 2086 multorum
740 2006 855 2113 opera
871 1995 1126 2086 confectum'.²
1155 2006 1214 2088 Ex
1242 2003 1454 2112 ¹varietate,
1487 2010 1542 2091 in·

91 2124 174 2239 quis
193 2166 206 2227 ,
223 2120 442 2207 characteris
458 2143 625 2232 apparet.
665 2118 740 2201 Ubi
763 2141 818 2201 est
829 2145 990 2202 acumen
1008 2144 1143 2224 tuum,
1161 2123 1354 2232 Erasme‘l
1378 2127 1441 2206 An
1460 2154 1541 2212 non

92 2241 197 2328 vides
212 2266 250 2326 te
268 2238 438 2324 dictionis
453 2238 670 2323 varietatem
697 2233 929 2348 allegando,
955 2236 1022 2320 tibi
1038 2265 1119 2323 non
1138 2264 1314 2325 constare
1327 2284 1343 2343 1,
1368 2242 1542 2347 crimina·-

92 2359 285 2470 tionisquc·
295 2355 499 2442 vanitatem
530 2353 721 2466 prodere?
749 2353 978 2443 Quomodo
997 2353 1099 2438 enim
1130 2361 1220 2441 veta
1246 2385 1324 2440 csse
1340 2365 1542 2470 ¹possunt,

92 2503 192 2590 quae
208 2473 408 2591 pugnant?
438 2473 541 2555 Nam
569 2470 635 2586 qui
659 2468 841 2555 convenit
872 2469 1071 2556 Albertum
1096 2472 1203 2557 Pium
1233 2473 1405 2559 dictionis
1422 2505 1542 2593 expo·

92 2591 240 2680 litorem
257 2589 425 2676 habuisse
440 2650 452 2693 ,
466 2612 504 2672 et
520 2588 770 2672 characterem
789 2614 869 2672 esse
885 2585 1076 2673 diversum
1092 2591 1113 2674 2
1139 2590 1220 2676 Nisi
1236 2587 1334 2678 forte
1351 2592 1390 2676 id
1406 2626 1544 2684 munus

92 2707 294 2828 affingatur
311 2737 375 2824 per
393 2736 578 2793 summam
604 2705 802 2792 stultitiam
836 2705 1089 2820 compluribus
1112 2703 1221 2795 fuisse
1250 2740 1316 2824 pet
1340 2736 1463 2825 partes
1487 2715 1543 2802 in·

92 2829 263 2943 junctum
280 2888 292 2933 ,
310 2852 353 2913 ut
370 2826 479 2913 dolus
492 2824 652 2910 omnino
668 2823 784 2911 latere
807 2823 999 2939 nequiret.
1033 2827 1109 2912 Sc'd
1139 2828 1167 2912 si
1196 2832 1293 2913 unus
1322 2855 1403 2915 erat
1429 2860 1545 2948 expo-

92 2947 180 3034 litor
198 2970 269 3052 ,ut
284 2945 397 3031 etiam
410 2943 667 3060 sycophantae
679 2940 897 3029 detulerunt
922 2942 974 3028 ad
992 2966 1031 3029 te
1046 2977 1065 3051 ³,
1089 2944 1156 3059 qui
1184 2975 1304 3031 unum
1329 2945 1543 3062 Hispanuni

93 3065 339 3180 expolitorem
356 3071 579 3149 memoras:
612 3060 796 3174 expolitor
823 3059 891 3146 iste
919 3085 997 3166 tam
1029 3062 1236 3177 praeclarus
1265 3067 1469 3180 quomodo
1493 3097 1543 3153 u*

94 3210 168 3267 nus
183 3183 336 3297 potuit,
362 3180 429 3266 nisi
455 3175 552 3266 forte
571 3208 616 3265 ex
646 3178 854 3284 industria,
885 3178 1036 3266 diversis
1053 3181 1323 3268 characteribus
1339 3184 1543 3272 dictionem

95 3301 288 3416 expolire?
316 3305 378 3388 An
395 3308 681 3386 commortuum
697 3297 802 3383 illum
820 3296 939 3385 videri
954 3298 1010 3384 vis
1036 3300 1195 3386 Albeno
1226 3301 1320 3404 Pio,
1351 3326 1395 3386 ur
1411 3303 1544 3419 siquid

49 3484 54 3493 .
97 3442 302 3533 superesset
318 3417 595 3532 expoliendum,
612 3414 786 3531 perlicere
802 3446 882 3501 non
903 3415 1094 3529 potierit?
1124 3423 1219 3503 Non
1237 3443 1291 3503 est
1303 3417 1419 3535 igitur
1444 3451 1543 3537 opus

96 3536 321 3623 extrinsecus
349 3535 465 3622 allatis
495 3534 724 3654 argumentis
740 3534 789 3619 ad
814 3533 1080 3620 criminationis
1112 3536 1544 3625 malitiam'convincen·

95 3654 212 3741 dam:
240 3656 400 3769 ipsaper
422 3681 489 3756 se,
513 3683 654 3771 suaque
670 3651 918 3738 inconstantia
936 3652 1023 3739 ruit.
1521 3691 1524 3697 ⁴

96 3814 98 3823 ⁴
158 3776 304 3859 XXVI.
362 3769 483 3866 Quod
504 3770 532 3856 si
559 3800 730 3888 urgeas,
761 3799 949 3887 rogesque
982 3832 995 3878 ,
1029 3772 1233 3887 quomodo
1269 3798 1347 3860 tam
1379 3774 1545 3864 diversus

95 3889 199 3976 stilus
225 3913 444 4004 potestesse
462 3890 571 3975 unius
589 3889 732 3977 Alberti
765 3888 846 3974 Pii?
876 3895 963 4007 Ego
987 3915 1026 3976 te
1044 3891 1200 3979 vicissim
1219 3953 1232 3998 ,
1255 3917 1294 3978 et
1322 3896 1444 3980 verius
1460 3925 1543 4010 per·

96 4008 333 4112 cunctabor,
358 4009 564 4122 quomodo
583 4031 708 4125 potest
721 4005 952 4094 diversorum
969 4038 1046 4095 esse
1063 4009 1283 4115 character,
1305 4014 1370 4126 qui
1383 4038 1472 4098 tam
1488 4013 1544 4098 sui

96 4125 221 4212 similis
237 4127 313 4213 est?
329 4129 431 4211 Nam
449 4129 561 4252 quod
577 4154 697 4243 pauca
711 4127 898 4242 quaedam
915 4126 1071 4212 verbula
1086 4127 1309 4242 quibusdam
1319 4130 1361 4211 in
1375 4129 1463 4216 locis
1481 4159 1543 4215 an·

101 4244 291 4331 notaveris
306 4252 330 4350 ,'
344 4273 447 4360 quae
477 4246 593 4363 magis
621 4244 875 4360 theologicam
891 4244 1165 4358 simplicitatem
1180 4243 1413 4360 praeferant,
1426 4278 1544 4365 quarn

101 4359 248 4447 cultum
266 4363 555 4449 Ciceronianum
574 4393 586 4466 3
615 4362 815 4448 candidius
827 4386 937 4467 erat,
964 4362 1005 4448 id
1037 4358 1270 4449 festinationi
1287 4366 1416 4452 mortis
1433 4369 1548 4453 inter·

98 4503 223 4565 wuetrtu
240 4510 319 4567 non
335 4481 549 4598 recognitae
564 4481 754 4586 tribuere,
782 4509 901 4596 quam
915 4509 962 4565 ex
980 4478 1159 4566 levissima
1191 4479 1430 4593 conjectura,
1456 4514 1546 4570 cum

103 4620 227 4682 cetera
243 4597 421 4684 simillima
436 4601 545 4706 sint,
563 4627 774 4715 ‚operarum
798 4597 1050 4685 diversitatem
1080 4599 1186 4687 velut
1209 4629 1435 4717 argumento
1462 4631 1545 4687 cer·

103 4714 463 4834 tissimo'colligere,
490 4717 528 4803 in
547 4718 758 4834 vulgusque
782 4716 954 4829 prodere.
985 4716 1162 4806 Albertus
1178 4719 1277 4804 enim
1308 4720 1393 4804 Pius
1409 4749 1549 4835 quam-

106 4863 227 4951 quam
242 4833 393 4952 elegans
408 4840 502 4932 esset
514 4894 537 4947 ,a
547 4861 585 4924 et
599 4833 918 4952 tannaelngme
935 4835 1166 4928 doctissimus
1182 4899 1195 4946 ‚
1209 4837 1270 4924 cui
1283 4838 1410 4925 studio
1425 4862 1550 4974 aetate

101 5025 102 5030 ,
154 5011 156 5021 ν
1309 4998 1311 5002 ⁴
1496 4987 1554 5043 ln·
