4140 5872
460 433 462 437 ’
536 413 607 487 -118
710 470 712 476 ι
771 410 1727 507 JonNN.GENE811sEuULVEDAE

511 526 550 626 ln
581 540 686 626 bona
717 542 904 658 republica
925 539 1031 628 omni
1062 539 1159 627 civili
1192 535 1501 626 administrationi
1525 566 1592 652 pet
1621 542 1807 629 rationem
1835 542 1965 632 huma·

510 686 599 744 uam
630 691 652 744 a
678 689 717 746 se
750 686 969 750 manantem
999 685 1144 777 praeest
1175 683 1215 745 et
1243 658 1494 743 moderatur.
1533 662 1589 743 Ita
1615 659 1686 766 fit,
1707 662 1817 779 quod
1844 664 1966 779 philo-

203 883 205 885 ,
316 804 392 859 tout·
400 816 424 865 a·
436 814 461 852 c·
469 813 496 863 4·
508 779 651 892 sophus
675 804 822 887 censet,
850 805 894 867 ut
914 780 1013 897 leges
1044 780 1083 864 in
1112 777 1218 864 omni
1243 775 1370 862 bonae
1396 774 1621 893 reipublicae
1638 780 1759 896 'parte
1776 782 1967 872 dominen-

508 921 597 1004 tut,
617 897 855 1014 magistratus
882 924 1011 985 autern
1042 923 1081 985 et
1114 894 1320 1012 respublica
1341 895 1391 984 de
1424 898 1543 984 rebus·
1558 898 1614 981 sin
1643 901 1709 986 ulis
1727 900 1964 1005 decernant.

505 1019 610 1101 Nam
635 1018 712 1133 ipsa
738 1017 871 1128 judicia
896 1043 935 1105 et
965 1020 1142 1122 decreta,
1161 1043 1262 1132 quae
1292 1015 1342 1101 de
1372 1011 1484 1103 rebus
1511 930 1664 1133 sluguls
1688 1044 1835 1136 praeter
1867 1022 1964 1138 leges

507 1135 658 1249 scriptas
677 1135 880 1249 judicando
897 1163 936 1224 et
958 1135 1203 1223 deliberando
1234 1131 1363 1237 fiunt,
1387 1135 1438 1219 ad
1467 1137 1525 1248 jus
1549 1161 1710 1226 natutae
1728 1163 1768 1226 et
1787 1138 1878 1257 legis
1904 1170 1964 1228 ae·

508 1259 663 1360 ternae,
690 1283 735 1340 ac
762 1272 932 1342 'summae
955 1255 1107 1342 rationis
1135 1282 1311 1339 normam
1338 1250 1446 1367 dirigi
1475 1252 1630 1342 debent.

315 1399 410 1453 aterum
435 1410 494 1448 cau·
566 1373 727 1458 XXVII.
787 1378 883 1459 Non
908 1398 997 1461 sunt
1014 1373 1127 1490 igitur
1158 1370 1361 1474 audiendi,
1387 1371 1452 1485 qui
1477 1399 1633 1488 propter
1655 1375 1849 1464 diuturnas
1880 1407 1959 1464 mo·

315 1459 493 1570 ‘lllblll‘
507 1487 656 1597 lestias,
687 1490 945 1609 impensasque
979 1491 1128 1599 litium,
1158 1519 1259 1608 quae
1294 1485 1512 1605 exlegibus
1543 1518 1582 1579 et
1614 1494 1741 1612 legum
1777 1494 1964 1583 calumnia

314 1585 392 1643 '‘³⁰“
506 1607 765 1725 malitiosaque
792 1610 877 1721 jutis
899 1610 1205 1726 interpretatione
1236 1633 1468 1711 nascuntur,
1500 1610 1828 1727 ministrorumque
1853 1610 1964 1701 frau-

403 1804 407 1815 .
508 1724 598 1812 dem
626 1753 666 1815 et
691 1729 917 1837 avaritiam,
951 1729 1052 1846 leges
1081 1729 1319 1844 erepublica
1354 1727 1635 1817 submovendas
1663 1757 1823 1847 putant.
1854 1732 1961 1818 Nul-

506 1841 544 1931 la
573 1869 630 1932 est
671 1848 771 1933 enim
798 1848 903 1932 natio
932 1841 1010 1933 tam
1044 1843 1122 1933 feta
1154 1871 1193 1934 et
1230 1847 1466 1951 inhumana,
1501 1876 1600 1962 quae
1630 1847 1773 1968 legibus
1802 1847 1964 1938 omnino

506 1988 656 2050 careat.
691 1969 824 2051 Mores
853 1966 954 2050 enim
975 1966 1129 2080 publice
1164 1965 1341 2081 probati,
1363 1963 1498 2080 quibus
1523 1965 1669 2052 incolae
1703 1966 1797 2053 novi
1822 1967 1963 2078 Orbis,

506 2080 724 2168 mortalium
755 2082 888 2193 scilicet
917 2083 1188 2190 barbarissimi,
1223 2084 1289 2198 qui
1324 2082 1469 2168 nullum
1504 2112 1655 2199 prorsus
1687 2086 1894 2172 litteratum
1914 2118 1962 2171 u·

506 2227 591 2284 sum
622 2201 842 2308 habebant,
875 2205 1104 2309 utebantur,
1134 2201 1227 2317 quid
1260 2200 1362 2286 aliud
1407 2224 1551 2306 erant,
1583 2232 1703 2318 ¹quam
1738 2203 1874 2320 leges?
1909 2210 1961 2290 Et

506 2313 709 2430 profecto,
736 2320 803 2436 qui
829 2320 929 2438 leges
957 2350 1003 2406 ex
1038 2322 1205 2406 humana
1234 2320 1312 2408 vita
1346 2315 1470 2422 tollit,
1492 2318 1677 2407 rationem
1711 2321 1839 2427 tollit,
1863 2327 1961 2436 quae

312 2434 634 2584 quieseant-legum
668 2438 838 2554 proxima
879 2466 1015 2528 norma
1045 2463 1101 2526 est
1128 2462 1169 2525 et
1197 2437 1334 2554 origo:
1364 2465 1482 2552 quam
1524 2438 1709 2527 rationem
1745 2439 1774 2523 si
1806 2439 1960 2526 sustula

313 2533 492 2646 iiiiii‘¹⁰¹¹‘¹¹¹
505 2553 581 2660 ris,
608 2555 676 2672 qui
710 2581 837 2673 potest
871 2556 1083 2643 humanitas
1116 2585 1163 2643 ex
1194 2554 1409 2642 hominibus
1444 2581 1524 2638 non
1555 2584 1633 2644 esse
1666 2557 1839 2644 sublata?
1873 2586 1960 2643 cum

504 2671 604 2787 ipsos
629 2673 730 2762 viros
756 2675 926 2791 probos,
953 2704 1121 2792 quotum
1143 2673 1202 2759 isti
1233 2674 1384 2760 arbitrio
1413 2698 1569 2758 omnem
1593 2675 1813 2792 reipublicae
1843 2675 1960 2761 admi·

505 2791 764 2879 nistrationem
788 2792 1041 2909 judiciumque
1061 2792 1299 2880 committere
1327 2814 1509 2895 censent,
1536 2791 1604 2878 nisi
1632 2793 1762 2880 lumen
1787 2816 1961 2879 aeternae

502 2906 626 3046 legis,
655 2934 695 2997 et
724 2914 940 2998 commtutia
979 2912 1107 3030 legum
1137 2910 1360 3027 praescripta
1391 2932 1626 3023 sequantur,
1657 2912 1696 2997 in
1732 2939 1873 3028 magna
1907 2910 1960 3023 juss·

505 3055 553 3115 sn
585 3051 625 3113 et
646 3029 737 3115 recti
764 3029 1003 3147 ignoratione
1035 3028 1171 3119 versati
1195 3029 1241 3117 sit
1267 3053 1449 3117 necesse:
1483 3053 1694 3146 contraque
1723 3027 1842 3142 juvati
1875 3028 1961 3144 plu-

506 3143 674 3252 rimum,
707 3147 737 3232 si
766 3148 888 3263 proba
920 3149 1096 3264 ipsorum'
1117 3145 1296 3237 voluntas
1323 3145 1407 3233 luce
1438 3173 1521 3232 non
1552 3149 1675 3238 modo
1707 3145 1960 3254 naturalium,

506 3263 712 3351 sedetiam
736 3265 899 3355 civilium
928 3291 968 3353 et
995 3268 1242 3385 scriptarum,
1271 3265 1399 3382 reique
1427 3262 1597 3380 publicae
1628 3265 1961 3353 accomodatarum

508 3379 638 3499 legum
665 3381 895 3472 illustretur.
921 3386 1008 3499 Jam
1033 3415 1127 3475 vero
1158 3385 1187 3473 si
1215 3413 1293 3503 qua
1323 3384 1378 3470 ita
1409 3381 1473 3470 vel
1494 3384 1677 3500 cupiditas
1698 3383 1961 3503 magistratus,

508 3524 555 3587 ut
570 3529 681 3618 saepe
704 3504 830 3609 solet,
852 3530 1120 3592 transversosa
1147 3529 1216 3612 at,
1233 3501 1435 3621 quomodo
1452 3527 1650 3618 peccatum
1674 3501 1874 3607 convinci,
1892 3523 1961 3586 aut

509 3619 674 3734 pravitas
688 3621 880 3709 emendati
894 3648 1039 3740 queat,
1058 3535 1204 3711 sublata
1230 3622 1360 3741 legum
1392 3648 1556 3728 norma,
1585 3621 1636 3709 ad
1659 3651 1776 3740 quam
1790 3643 1875 3710 tota
1894 3618 1960 3708 rei⁴

510 3737 681 3853 publicae
708 3740 979 3829 administratio
997 3803 1010 3848 ,
1026 3741 1326 3857 judiciorumque
1357 3738 1457 3826 ratio
1488 3762 1544 3826 est
1559 3740 1783 3859 dirigenda?

354 3893 501 3948 savona
571 3857 750 3945 XXVIII.
808 3862 967 3977 Propter
993 3861 1270 3948 advocatorum
1307 3881 1436 3948 autem
1467 3884 1833 3974 procuratorumque
1862 3852 1962 3942 calu·

318 3972 376 4012 rum
392 3969 418 4004 et
441 3966 500 4015 pro·

319 4027 467 4065 cuntorum
515 3973 656 4062 mniam
689 4003 730 4062 et
769 3976 976 4087 malitiam,
1008 3978 1198 4067 interdum
1229 3975 1341 4062 etiam
1381 3976 1766 4092 praevaricationem,
1796 3972 1962 4060 tabellio·

319 4074 433 4209 Μ·
513 4120 684 4210 numque
711 4097 903 4185 avaritiam
924 4122 964 4185 et
989 4094 1189 4202 fraudem,
1212 4095 1343 4214 leges,
1374 4095 1479 4181 unde
1509 4094 1650 4183 horum
1682 4093 1869 4181 malorum
1892 4119 1963 4178 oc·

512 4212 614 4299 casio
637 4215 737 4301 nasci
768 4214 948 4324 videtur,
970 4243 1146 4304 accusate
1177 4215 1350 4331 iniquum
1373 4238 1460 4320 est,
1486 4239 1558 4299 uec
1586 4212 1720 4319 aliud,
1751 4241 1869 4328 quam
1894 4211 1962 4295 ho·

515 4329 660 4417 mirum
683 4331 773 4419 vitia
800 4357 839 4419 et
869 4360 1022 4452 peccata
1047 4338 1087 4421 in
1109 4363 1166 4422 res
1187 4335 1347 4450 optimas
1372 4360 1439 4449 per
1469 4358 1509 4417 sc
1531 4355 1646 4449 atque
1676 4331 1853 4418 salutares
1876 4356 1966 4416 con·

192 4494 193 4497 ‘
323 4486 501 4544 curamus·
514 4444 637 4551 ferre.
670 4451 753 4537 Cur
780 4450 880 4537 enim
908 4453 1053 4540 Mauris
1084 4452 1337 4568 Numidisque
1371 4450 1410 4536 ln
1442 4445 1597 4556 Africa,
1626 4478 1714 4535 cum
1745 4447 1888 4566 legibus
1919 4477 1965 4532 u*

323 4553 491 4607 *mm*
516 4587 671 4674 tanmr,
697 4569 936 4684 paucissimae
968 4601 1097 4660 tamen
1128 4572 1207 4658 lites
1241 4594 1329 4657 sunt
1354 4629 1367 4676 ,
1394 4591 1434 4655 et
1462 4568 1535 4655 bae
1562 4567 1780 4657 brevissimo
1806 4590 1962 4678 tempo·

515 4713 557 4772 re
589 4697 864 4776 tetmmantur?
893 4688 960 4774 nisi
989 4692 1109 4808 quia,
1134 4715 1179 4777 ut
1206 4714 1262 4777 est
1290 4687 1488 4776 commin
1518 4687 1624 4774 victu
1638 4690 1690 4773 et
1725 4683 1828 4772 cultu
1863 4679 1963 4769 dura

517 4829 557 4894 et
586 4804 709 4897 stricta
738 4807 989 4926 parsimonia,
1021 4838 1046 4899 a
1075 4807 1210 4919 finds,
1232 4806 1399 4927 rapitis,
1420 4800 1748 4918 fraudationibus,
1775 4797 1962 4894 maleficiis

505 4955 509 4966 .
1893 4948 1960 5008 ex-
