4192 5880
520 397 563 466 ,ο
915 371 1134 451 ιιιιιιι
1158 374 1502 451 cassanum
1569 394 1572 406 ·

495 499 573 634 do,
590 498 777 610 Joannem
792 500 929 584 Vicum
946 524 1118 615 paratum
1137 528 1214 586 esse
1229 498 1460 586 deditionem
1481 497 1627 609 facere,
1645 503 1713 590 nist
1699 504 1943 596 admodum

494 616 644 732 iniquae
667 619 899 704 conditiones
917 621 1075 704 dentur
1105 619 1268 705 Proinde
1293 619 1389 733 quid
1414 619 1604 736 agendum
1628 648 1752 728 esset,
1782 625 1942 742 impera
1988 679 1989 682 ι

494 760 569 822 ιιι.
603 735 753 830 Quibus
759 737 946 853 Aegidius
966 737 1182 872 respondit:
1174 799 1226 844 .„
1240 742 1289 822 Se
1303 766 1396 824 vero
1418 739 1510 823 illius
1531 685 1810 829 belliinfereirdi
1830 773 1942 832 num·

493 915 521 960 „
535 883 652 988 quam
679 879 871 942 auctorem
901 855 1102 959 exstitisse,
1119 855 1212 971 quin
1236 856 1479 943 dissuasorem
1505 857 1651 972 potius,
1668 860 1790 946 multo
1820 865 1942 949 minus

498 1033 527 1079 „
540 972 649 1087 igitur
678 974 832 1089 gerendi
859 969 1047 1060 futurum.
1079 974 1242 1060 Proinde
1261 972 1481 1062 Pontificem
1509 975 1771 1085 consulerent,
1796 1005 1888 1082 aut,
1913 984 1942 1070 si

484 1120 524 1196 *„
538 1090 696 1207 longum
725 1091 913 1178 videretur
928 1091 1066 1209 ,quod
1088 1091 1139 1176 illi
1164 1117 1314 1209 gratum
1339 1087 1421 1179 fore
1442 1092 1726 1202 etdsrimarent,
1755 1039 1795 1185 id
1820 1048 1943 1185 ellico·

492 1265 520 1312 „
533 1232 636 1293 rent.
672 1208 786 1295 Victo
802 1211 950 1322 Joanne
966 1207 1198 1316 Manfredo,
1215 1234 1254 1296 et
1273 1238 1361 1295 cum
1377 1208 1512 1296 familia
1544 1213 1592 1300 de
1622 1213 1824 1329 oppido
1793 1241 1936 1327 erecto,

492 1385 520 1431 „
534 1354 582 1409 ne
602 1355 668 1441 per
683 1328 917 1414 occasionem
938 1330 988 1414 ab
1003 1325 1128 1414 officio
1148 1327 1372 1431 discederet3
1389 1329 1557 1442 proxima
1584 1357 1675 1414 cura
1702 1357 1781 1417 erat
1796 1335 1940 1421 Franci·

492 1502 520 1549 „
533 1472 636 1528 scum
660 1445 933 1560 Ordelaphium
956 1446 1153 1530 debellare.
1162 1453 1190 1499 “
1224 1446 1322 1530 His
1314 1446 1424 1561 igitur
1447 1448 1556 1533 rebus
1573 1447 1816 1536 ecclesiastico
1842 1480 1937 1537 exer·

467 1561 567 1691 ¹citu
588 1561 624 1646 in
642 1562 817 1648 Flaminia
842 1588 1056 1678 occupato,
1074 1562 1233 1649 Genrilis
1254 1564 1445 1650 Molianus
1459 1593 1548 1650 cum
1563 1568 1717 1683 Rogero
1750 1566 1854 1671 filio,
1872 1568 1939 1655 ad·

490 1703 621 1789 juncto
646 1681 712 1766 sibi
728 1710 815 1768 cum
841 1680 1032 1768 latronum
1046 1680 1204 1768 cohorte
1219 1682 1427 1768 Guarelino
1446 1682 1592 1768 latrone
1616 1684 1656 1770 id
1678 1685 1860 1800 temporis
1887 1683 1938 1771 fa·

492 1798 727 1905 mosissimo,
743 1798 875 1885 crebris
903 1799 1196 1905 incursionibus,
1215 1825 1281 1884 aut
1304 1800 1589 1914 grassationibus
1613 1801 1738 1915 potius
1766 1830 1833 1916 per
1874 1831 1939 1888 oe-

300 1962 364 2074 {²⁰¹¹
365 1960 478 2012 „„p,.
494 1916 682 2001 casionem
702 1862 804 2001 lactis
823 1978 835 2022 ,
852 1918 976 2051 coepit
1003 1917 1181 2002 Picenum
1204 1913 1393 2002 infestare
1425 1920 1521 2012 Quo
1556 1918 1693 2004 nuntio
1724 1944 1939 2007 commotus

315 2037 392 2133 {3¹¹²
413 2033 672 2154 ·,f².Aegidius
697 2059 842 2146 partem
857 2034 1049 2169 eopiartun
1069 2059 1202 2119 contra
1215 2063 1281 2119 eos
1298 2034 1409 2121 mittit
1425 2062 1575 2169 ,aqua
1597 2037 1877 2170 comprehensi,
1900 2063 1958 2124 et·

297 2096 1419 2286 {303M01511201adaegidiumadducti,caupitepoenasdedere2
1437 2153 1540 2238 etsie
1558 2153 1714 2239 tandem
1730 2152 1939 2241 notissimus

492 2267 550 2352 ille
575 2293 755 2382 tyrannus
777 2270 936 2355 Genrilis
959 2269 1151 2356 Molianus
1166 2329 1179 2374 ,
1197 2271 1264 2385 qui
1289 2268 1404 2355 scelus
1428 2267 1551 2354 sceleri
1579 2270 1802 2378 addiderat,
1834 2295 1939 2358 tanta

488 2383 642 2501 perfidia
657 2387 843 2501 tantisque
859 2386 1004 2504 flagitiis
1028 2389 1218 2504 condigna
1233 2412 1356 2472 morte
1376 2388 1573 2473 miserrime
1594 2388 1700 2474 obiit.

519 2507 677 2589 XXX
736 2511 843 2589 Dum
875 2505 969 2589 haee
999 2506 1102 2618 apud
1129 2505 1330 2621 Aegidium
1359 2530 1566 2622 geruntur,
1584 2501 1765 2590 Alfonsus
1790 2505 1938 2642 Toleta-

487 2647 558 2706 nus
571 2621 669 2737 ,qui
684 2622 885 2709 exercitum
903 2626 1003 2707 Foro
1022 2623 1115 2710 Livii
1129 2622 1352 2708 admoverat
1365 2624 1517 2736 ,eoepit
1540 2622 1725 2737 usquead
1740 2647 1867 2737 portas
1882 2625 1937 2709 in·

488 2738 675 2825 cursiones
705 2734 856 2845 facere,
873 2738 903 2824 si
926 2765 1051 2855 posset
1064 2739 1296 2824 Franciscum
1314 2739 1610 2854 Ordelaphium,
1627 2764 1670 2825 ut
1690 2740 1937 2853 superioribus

489 2855 621 2957 diebus
634 2859 824 2971 Joannem
840 2855 1107 2958 Manfredum,
1120 2856 1171 2942 ad
1186 2884 1355 2973 pugnam
1366 2856 1495 2943 elicere
1509 2918 1522 2963 ,
1536 2857 1603 2972 qui
1617 2887 1656 2942 se
1679 2856 1892 2942 hactenus
1881 2889 1933 2944 rn-

488 2976 745 3110 trapppidum
769 2977 1028 3063 continuerat
1061 2924 1124 3061 llle
1140 3004 1262 3079 vero,
1280 3001 1328 3059 ne
1359 2975 1529 3091 exemplo
1545 2975 1700 3089 quidem
1728 2974 1820 3059 illius
1848 3005 1938 3087 per-

488 3092 667 3199 territus,
674 3122 842 3227 pugnam
871 3094 1120 3198 detrectavit,
1136 3117 1175 3179 et
1190 3115 1401 3208 pugnaturn
1417 3117 1473 3176 est
1499 3121 1645 3176 summa
1672 3092 1932 3179 contentione:

307 3258 445 3320 onim„
446 3272 486 3307 u,
483 3234 680 3322 postremo
696 3211 814 3297 victus
829 3213 1038 3296 Franciscus
1050 3234 1117 3313 est,
1128 3236 1166 3295 et
1183 3211 1222 3292 in
1237 3213 1377 3293 Forum
1389 3209 1481 3296 Livii
1495 3237 1573 3294 sese
1586 3208 1736 3324 recepit,
1752 3208 1874 3294 multis
1889 3242 1932 3294 u·

240 3369 242 3374 ·
295 3332 477 3386 3333333333
487 3350 650 3443 tumque
677 3326 873 3415 interfectis
886 3391 898 3434 ,
913 3329 1036 3464 captis
1051 3326 1288 3429 nonnullis,
1278 3349 1375 3411 mter
1388 3355 1487 3459 quos
1502 3326 1669 3438 Joannes
1702 3331 1862 3411 lazarus
1890 3355 1938 3416 cx

486 3445 664 3531 Francisci
675 3446 929 3559 Ordelaphii
920 3444 1057 3531 intimis
1082 3386 1317 3528 familiaribus
1331 3443 1474 3557 capitur
1491 3504 1504 3548 ,
1521 3467 1560 3529 ιι
1575 3442 1624 3528 ad
1642 3442 1841 3558 Aegidium
1869 3443 1936 3529 de·

488 3558 627 3647 fertur
657 3564 768 3668 Qui,
783 3592 872 3649 cum
890 3563 940 3648 ab
966 3591 1015 3647 eo
1030 3566 1090 3647 ile
1117 3561 1210 3648 idius
1238 3559 1475 3646 sciscitaretur
1493 3621 1506 3665 ,
1521 3559 1616 3674 quid
1638 3560 1776 3645 consilii
1791 3563 1934 3646 Franci

490 3709 573 3765 scus
588 3679 752 3795 cepisset,
772 3680 908 3795 quibus
922 3680 1056 3814 opibus
1078 3593 1206 3783 lictus,
1221 3678 1372 3791 cujusve
1387 3677 1508 3762 auxilii
1528 3705 1591 3790 spe
1610 3677 1748 3763 molem
1765 3676 1849 3762 beli
1863 3708 1939 3764 sus-

489 3796 606 3882 tinere
622 3821 805 3908 speraret,
829 3797 972 3882 incertis
993 3795 1196 3910 responsis,
1218 3821 1286 3879 nec
1310 3794 1376 3879 sibi
1391 3794 1475 3879 satis
1509 3794 1764 3880 constantibus
1783 3823 1938 3910 percon·

488 3937 632 3999 tantem
648 3913 845 4001 illudebat.
876 3913 1051 4000 Tandem
1076 3941 1163 3997 cum
1176 3910 1354 4027 Aegidius
1374 3935 1563 3996 tormenta
1596 3911 1787 3997 minaciter
1818 3912 1939 3997 inten-

452 4053 586 4123 taret
603 4031 853 4144 ,respondit.
843 4093 897 4137 „
905 4034 1073 4117 Omnem
1103 4058 1209 4145 spem
1224 4028 1402 4112 Francisci
1417 4028 1637 4144 Ordelaphii
1661 4028 1821 4143 positam
1859 4057 1939 4117 esst

489 4209 517 4255 „
529 4148 567 4232 in
583 4149 807 4264 Principibus
824 4147 1169 4235 Mediolanensibus
1183 4207 1195 4250 ,
1210 4173 1290 4260 qua
1308 4176 1338 4231 ιι
1326 4146 1401 4231 de
1417 4146 1700 4248 destitueretur,
1717 4144 1806 4230 nihil
1835 4172 1936 4251 esse,

489 4266 641 4380 „quod
657 4291 780 4379 posset
805 4265 882 4379 ejus
897 4266 1123 4352 deditionem
1140 4263 1308 4348 morari:
1322 4263 1414 4379 quin
1428 4288 1467 4350 et
1483 4291 1660 4380 magnam
1676 4286 1821 4375 partem
1846 4262 1939 4347 mili·

489 4408 614 4489 „tum
629 4444 642 4489 ,
658 4411 824 4517 quorum
838 4413 954 4498 opera
968 4386 1020 4470 ad
1044 4411 1214 4496 praesens
1229 4406 1422 4485 uteretur,
1443 4381 1559 4496 magis
1588 4378 1938 4484 ecclesiastieorum,

490 4502 597 4615 „qui
620 4500 724 4587 exitu
738 4530 805 4586 eos
817 4501 1124 4606 interclusissent,
1142 4525 1269 4605 metu,
1284 4528 1401 4615 quarn
1421 4496 1549 4583 ollicio
1564 4496 1771 4584 continere
1781 4505 1810 4547 “
1839 4496 1938 4589 Qui-

488 4618 559 4703 bus
594 4619 774 4733 responsis
801 4647 1009 4736 congruere
1036 4618 1178 4704 litterae
1207 4647 1232 4702 a
1261 4614 1450 4701 nonnullis
1483 4613 1623 4704 civibus
1638 4613 1938 4700 Bononiensibus

485 4760 540 4821 ret
528 4734 815 4825 ecclesiasticae
831 4737 1027 4844 studiosis,
1043 4735 1179 4854 quibus
1195 4734 1436 4822 nuntiabatur
1452 4732 1637 4851 Aegidio,
1654 4731 1937 4848 appropinqua

1895 4877 1936 4935 re
