4034 5858
498 403 550 475 ru
575 399 733 476 causis
757 395 972 470 occurs.
995 401 1184 475 curuans.
1440 413 1506 501 38,

84 504 272 625 spondere
290 498 381 611 ,vel
395 531 577 591 arcanum
592 497 832 586 confessionis
859 497 1023 584 violare:
1056 528 1144 585 cum
1159 523 1336 588 neutrum
1354 501 1431 589 fieri
1447 539 1533 620 pos-

12 636 19 648 '
84 631 131 715 sit
146 630 223 712 sine
236 625 397 710 crimine.
428 623 518 708 Alia
535 619 631 707 ratio
647 644 704 705 est
727 618 875 703 occulta
891 617 1042 703 crimina
1059 647 1161 705 secus
1185 623 1338 737 cognita
1363 621 1531 711 celandi:

82 776 181 862 quae
199 745 391 829 interdum
406 771 491 827 non
504 742 625 827 modo
640 739 731 823 citra
746 738 885 824 crimen
905 736 1143 842 indicantur,
1178 741 1370 826 sedetiam
1385 738 1531 830 officio·

81 895 142 951 se:
174 889 213 950 et
236 891 404 979 quorum
426 860 601 947 notitiam
624 855 801 942 inficianti
832 855 936 941 nulla
963 856 1043 941 talis
1076 856 1239 973 legitima
1271 857 1529 975 interpretatio

82 981 324 1100 suffragatur.
357 987 457 1066 Pnu.
485 986 573 1096 Ego
588 1006 682 1065 vero
696 1000 736 1062 et
753 976 956 1092 legitimam
972 977 1228 1090 evangelicam
1255 976 1530 1094 interpretatio·

83 1130 174 1187 nem
191 1099 322 1186 affero.
352 1099 521 1183 Christus
536 1096 638 1183 enim
662 1094 884 1209 adiscipulis
900 1121 938 1177 se
966 1092 1015 1178 dc
1032 1092 1153 1205 judicii
1174 1096 1328 1181 extremi
1357 1121 1530 1213 tempore

83 1220 306 1339 rogantibus
322 1217 372 1302 sic
393 1216 623 1331 respondisse
637 1213 795 1301 traditur
810 1214 849 1298 in
864 1213 1087 1329 evangelo:
1117 1216 1180 1296 De
1205 1218 1265 1297 die
1292 1221 1354 1299 illa
1370 1232 1408 1300 et
1436 1220 1530 1303 hara
1575 1237 1696 1299 aarum

84 1367 188 1424 namo
213 1344 291 1423 'scir
307 1364 373 1421 nec
403 1342 528 1445 angeli
560 1338 717 1417 incaelo
734 1357 880 1440 ,nequa
903 1328 1046 1436 filius,
1078 1338 1153 1414 nisi
1159 1349 1289 1441 parer.
1322 1337 1426 1420 Nam
1442 1367 1533 1425 cum

87 1456 342 1544 dubium‘non
356 1455 431 1560 sit,
451 1453 549 1569 ‘quin
567 1450 661 1536 filius
683 1450 838 1566 perinde
864 1451 954 1536 sciat
968 1474 1085 1563 atque
1109 1474 1241 1565 pater,
1271 1451 1365 1539 lilius
1394 1458 1533 1545 nescire

88 1576 221 1663 dicitur
238 1638 250 1682 ,
274 1577 326 1661 ita
342 1573 514 1660 videlicet
530 1633 543 1677 ,
557 1641 560 1647 .
572 1594 617 1655 ut
633 1567 822 1683 expediret
838 1567 887 1653 de
913 1569 988 1652 hoc
1014 1569 1185 1654 homines
1201 1571 1249 1654 ab
1278 1572 1360 1686 ipso
1389 1576 1530 1682 doceri,
1546 1535 1725 1645 iiilil'm‘ss'

114 1693 414 1780 uemadmodum
430 1692 690 1800 Hieronymus
705 1683 887 1800 exponit,
910 1685 973 1771 vel
990 1685 1127 1771 nescite
1140 1688 1298 1794 dicitur,
1315 1690 1354 1776 id
1369 1718 1437 1799 est,
1450 1726 1529 1780 non
1545 1657 1722 1776 pappiana

86 1723 208 1898 iacere
225 1812 397 1896 homines
423 1809 512 1895 scite
529 1831 599 1913 ,ut
619 1804 857 1920 Augustinus
886 1804 1164 1916 interpretatur.
1201 1810 1282 1892 Cur
1312 1810 1414 1896 enim
1444 1814 1534 1900 mihi

89 1958 171 2014 non
186 1930 292 2016 liceat
307 1926 572 2013 inficiationem
588 1923 742 2009 notitiae
758 1921 917 2007 criminis
942 1920 1083 2006 occulti
1111 1923 1249 2009 eodem
1272 1927 1394 2015 modo
1422 1930 1535 2017 inter-

89 2049 254 2161 pretari?
286 2051 355 2154 Ut,
373 2077 460 2132 cum
476 2075 514 2131 se
529 2044 731 2161 quisquam
745 2041 785 2127 id
808 2041 945 2127 nescire
969 2038 1130 2148 dixerit,
1149 2043 1198 2129 ad
1212 2042 1455 2135 indicandum
1471 2079 1536 2138 ne-

91 2165 183 2251 scire
211 2166 455 2282 intelligatur.
1171 2276 1173 2282 A

151 2285 217 2367 Vl.
277 2289 447 2368 Tnaorn.
470 2286 545 2367 Res
562 2282 693 2369 dubias
709 2305 748 2366 et
763 2280 912 2399 ignotas
937 2280 1043 2368 certis
1059 2304 1098 2367 et
1115 2284 1310 2397 exploratis
1336 2287 1534 2376 confirma-

91 2429 134 2486 re
149 2401 270 2486 solent
287 2464 299 2506 ,
330 2402 396 2517 qui
411 2402 471 2489 via
486 2425 525 2487 et
540 2403 685 2489 ratione
699 2399 1033 2515 philosophantur:
1050 2426 1095 2486 tu
1109 2431 1208 2517 quae
1221 2405 1379 2490 obscura
1392 2433 1480 2493 sunt
1495 2435 1534 2495 et

92 2519 245 2623 incerta,
254 2520 528 2604 obscurioribus
543 2542 581 2602 et
594 2519 711 2636 magis
719 2519 903 2634 ambiguis
916 2518 1102 2605 declarare
1116 2521 1238 2605 niteris
1253 2522 1532 2613 etconfirmate.

88 2639 201 2751 Quid
217 2638 317 2724 enim
332 2638 449 2755 magis
464 2666 600 2749 anceps
614 2662 654 2723 et
669 2637 828 2722 dubium
844 2639 920 2737 est,
943 2666 1062 2750 quam
1088 2638 1293 2725 intellectus
1320 2641 1405 2753 ejus
1432 2644 1531 2751 loci,
1633 2652 1635 2655 ’

89 2785 211 2871 quem
226 2757 344 2843 citasti
358 2787 404 2842 ex
418 2754 639 2871 evangelio?
671 2757 776 2840 Nam
793 2779 838 2839 ut
857 2753 1003 2840 missam
1019 2756 1154 2841 faciam
1168 2759 1399 2846 Arianorum
1413 2791 1535 2877 expo·

92 2875 266 2961 sirionem
293 2874 472 2989 impietati
500 2874 666 2988 ipsorum
692 2870 1049 2980 accommodatam,
1080 2876 1146 2989 qui
1177 2880 1292 2963 verba
1323 2880 1533 2994 simpliciter

93 2992 280 3107 accipiunt
297 3055 309 3097 ,
326 3020 370 3078 ut
384 2990 500 3076 lilium
515 2986 653 3078 faciant
669 2988 854 3079 minorem
876 3013 983 3104 patre
1003 3026 1012 3073 :
1032 3022 1161 3077 nonne
1177 2995 1283 3081 vides
1297 3048 1312 3100 ,
1328 3022 1471 3112 quanta
1487 3001 1533 3086 sit

94 3108 286 3196 diversitas
301 3108 505 3224 explicandi
517 3107 613 3196 inter
632 3107 837 3198 catholicos
862 3106 1061 3195 doctores?
1090 3110 1377 3227 Hieronymus,
1399 3145 1531 3231 quent·

93 3226 306 3315 admodum
320 3228 437 3334 dicis,
463 3255 639 3335 enarrat,
662 3251 702 3313 et
716 3228 808 3313 item
826 3228 1082 3342 Augustinus,
1098 3229 1165 3343 qui
1184 3230 1224 3315 in
1248 3260 1363 3346 opere
1385 3234 1433 3319 de
1449 3237 1532 3320 Tri·

93 3346 211 3433 nitate
227 3346 479 3434 aliter‘locum
494 3345 550 3431 his
577 3346 709 3433 scilicet
723 3345 847 3436 verbis
876 3344 1062 3432 declarat:
1097 3349 1140 3431 In
1156 3351 1352 3455 amnibus,
1385 3352 1531 3466 inquit,

92 3491 190 3574 quae
205 3467 315 3550 Deus
330 3475 507 3577 ignorare
519 3491 559 3548 se
589 3472 781 3574 loquitur,
806 3472 1036 3576 ignoratione
1053 3488 1122 3551 nnn
1144 3470 1357 3578 detinetur:
1383 3476 1451 3550 sed
1462 3486 1532 3552 ant

95 3599 311 3695 temporari
327 3587 578 3694 nonloqaendi
595 3643 610 3690 ,
639 3599 705 3667 aar
718 3587 949 3693 dispensatio
965 3609 1033 3669 nan
1049 3588 1196 3695 agendi.
1217 3591 1269 3671 Et
1284 3585 1400 3701 paulo
1422 3612 1528 3700 post:

95 3702 145 3786 Si
160 3711 313 3810 itaque,
331 3704 445 3807 dicit,
466 3701 576 3802 filius
591 3709 739 3807 nescit,
766 3718 1146 3809 sacramentumeri,
1170 3718 1212 3788 aa
1226 3719 1362 3787 aaran.
1395 3703 1530 3821 Orige-

94 3849 162 3906 nes
185 3823 323 3908 nescire
345 3821 476 3936 accipit
499 3851 571 3937 pro
595 3850 676 3909 non
701 3820 876 3934 experiri,
897 3844 935 3905 et
950 3819 1068 3906 filium
1084 3850 1155 3937 pro
1181 3821 1360 3927 ecclesia,
1389 3823 1531 3938 quippe

93 3937 199 4051 cujus
209 3942 379 4056 corporis
395 3963 510 4053 caput
525 3939 777 4036 catenatus.
806 3938 977 4032 Quidam
1004 3937 1121 4025 filium
1150 3940 1225 4026 Dei
1257 3967 1337 4024 non
1362 3941 1531 4058 unigeni·
1677 4052 1678 4056 .

91 4081 178 4141 tum
193 4121 205 4165 ‚
221 4061 288 4147 sed
302 4059 526 4175 adoptivum
538 4056 690 4175 intelligi
702 4056 840 4144 volunt
855 4089 865 4141 ε
896 4080 940 4141 ut
956 4056 1069 4144 tradit
1083 4059 1249 4146 Basilius.
1279 4063 1364 4142 Nec
1381 4059 1528 4166 desunt,
1544 4051 1727 4174 {2}f¹¹‘·⁴⁴²''

95 4175 163 4289 qui
178 4175 443 4264 affirmentillis
458 4177 579 4265 verbis
596 4175 723 4294 negari
750 4176 943 4261 Christum
966 4177 1057 4261 scite
1087 4202 1273 4293 quatenus
1303 4177 1423 4263 homo
1449 4204 1530 4285 est,

96 4321 168 4397 ac,
194 4318 236 4378 ut
247 4297 299 4381 ait
311 4298 442 4382 Petrus
457 4294 619 4380 Paludes
637 4313 736 4403 ,per
761 4303 957 4379 scientiam
983 4303 1234 4400 acquisitam,
1254 4298 1324 4378 sed
1332 4313 1406 4405 per
1430 4296 1531 4404 infu-

94 4439 192 4496 sam.
221 4416 305 4497 Nec
326 4414 385 4498 illa
400 4437 454 4499 est
469 4413 713 4500 incommoda
728 4411 1010 4528 interpretatio,
1038 4439 1164 4528 aqua
1190 4415 1424 4529 Augustinus
1449 4445 1530 4503 non
1544 4408 1721 4521 llssllg‘ffif‘·

94 4530 303 4643 abhorret,
328 4556 373 4618 ut
386 4531 479 4617 lilius
495 4533 633 4617 nescire
650 4532 794 4618 dicatur
811 4561 833 4615 a
850 4559 890 4615 se
906 4527 1077 4617 videlicet
1092 4591 1105 4635 ,
1122 4530 1187 4616 sed
1211 4561 1234 4615 a
1250 4558 1356 4646 patre
1373 4563 1384 4616 ι
1416 4537 1531 4622 scien·

94 4649 187 4736 tiam
197 4647 304 4734 enim
319 4672 359 4732 et
374 4678 638 4767 quaecumque
650 4648 744 4734 lilius
758 4651 872 4734 habet
888 4711 901 4755 ,
918 4649 1071 4732 habeta
1093 4675 1225 4764 patre,
1240 4680 1328 4735 cum
1345 4681 1383 4736 se
1395 4651 1530 4767 ipsum,

94 4769 173 4855 hoc
186 4793 265 4874 est,
282 4797 389 4881 suam
413 4769 634 4872 essentiam,
652 4793 766 4880 aqua
783 4796 863 4851 non
880 4762 1058 4852 differunt
1073 4796 1113 4854 re
1123 4800 1145 4872 t,
1161 4795 1200 4856 et
1214 4796 1476 4883 quaecumque
1492 4773 1532 4858 in

96 4887 278 5088 ³¹³⁵²T⁸¹¹¹¹t
293 4948 306 4992 ,
320 4886 496 4974 habeata
517 4893 629 5005 patre
649 4948 662 4998 ,
687 4914 807 4975 nona
829 4913 879 4972 se.
914 4884 973 4972 Sic
987 4885 1098 5002 igitur
1115 4887 1310 4996 nonnulli,
1336 4887 1443 4975 etalii
1474 4891 1538 4974 ali·

105 5060 109 5067 ,
198 5033 271 5094 orn.
286 5005 356 5097 IV.
1010 5008 1088 5098 ,Ccc
1485 5032 1544 5101 ter
