4140 5872
279 426 356 497 DE
379 416 600 499 REGNO
630 417 709 493 ET
738 415 925 497 REGIS
952 416 1205 494 OFFICIO
1231 419 1339 494 LIB.
1373 423 1401 493 1.
1481 444 1546 516 115

129 581 190 644 res
220 579 395 671 quaeque
417 547 618 635 meliorest
646 568 685 629 et
707 542 983 657 praestantior3
1006 543 1055 630 sic
1081 575 1224 660 semper
1253 571 1292 633 er
1309 545 1484 632 omnibus
1501 577 1580 634 ma·

130 675 185 793 gis
217 670 418 791 eligenda,
448 692 494 754 ut
521 662 695 777 exemplo
720 662 980 778 philosophiae
996 663 1213 751 Aristoteles
1241 665 1376 752 docet:
1406 667 1580 754 Philosa-

121 797 244 905 phari
261 851 275 898 ,
290 789 439 906 inquit,
467 813 531 872 res
548 790 750 868 meliorest
782 798 822 865 et
830 792 1122 892 praestantior,
1139 812 1248 891 qnam
1258 795 1455 893 pecuniam
1467 815 1578 895 qnae·
1622 804 1680 870 vu·
1694 817 1717 867 a·

126 939 241 1014 tere;
271 927 478 996 nontamen
499 910 622 1015 magis
644 906 812 1012 eligenda
829 960 843 1008 ,
858 909 946 985 sive
977 909 1185 1011 expetenda
1211 907 1325 988 rebus
1350 915 1578 993 raecessariis

126 1038 341 1141 indigenti:
361 1033 624 1137 praestantius
638 1035 696 1103 est
721 1027 818 1102 enim
837 1080 850 1125 ,
866 1024 964 1129 quad
988 1025 1101 1106 rebus
1131 1031 1359 1108 necessariis
1383 1041 1576 1134 suppetere

126 1152 233 1235 tibns
258 1177 310 1233 ex
329 1147 505 1256 pulchris
525 1157 564 1225 et
585 1143 749 1224 honestis
764 1140 876 1222 rebus
891 1149 1110 1250 quaeritur,
1125 1139 1301 1247 fortasse
1319 1157 1441 1225 tamen
1458 1170 1576 1228 neces·

126 1278 275 1354 sariam
289 1264 384 1372 fere
397 1281 542 1371 semper
557 1274 615 1343 est
630 1262 856 1366 eligendum.
871 1259 986 1355 Quae
1005 1260 1218 1376 philosophi
1233 1261 1350 1348 verba
1370 1261 1574 1372 declarant,

126 1411 224 1474 nanc
256 1379 592 1497 contemplantium
619 1376 719 1465 vitae
755 1375 1075 1465 excellentioribus
1104 1379 1321 1466 muneribus
1358 1380 1576 1469 vacandum

128 1534 237 1610 esse,
266 1532 355 1589 eum
385 1525 562 1586 actuosae
593 1494 800 1582 necessnts
815 1489 944 1582 officiis
974 1497 1213 1585 satisfeceris.
1242 1497 1317 1584 Sed
1343 1497 1382 1583 in
1413 1523 1576 1616 utraque

129 1624 209 1709 vita
224 1684 237 1727 ,
251 1621 319 1740 qui
345 1620 525 1708 virtutem
551 1613 703 1701 sublatis
735 1612 1009 1728 impedimentis
1038 1616 1171 1703 colunt
1191 1678 1205 1723 ,
1222 1612 1343 1703 felices
1370 1641 1486 1705 sunt:
1516 1615 1576 1704 fe·

129 1738 271 1826 liciores
296 1764 455 1842 tamen,
478 1734 547 1850 qui
573 1730 883 1846 contemplationi
907 1759 1069 1821 vacant.

215 1860 357 1942 XXIII.
431 1857 522 1939 Hoc
546 1849 658 1968 igitur
685 1849 845 1933 maxime
869 1848 1106 1968 legumlatoti
1138 1850 1416 1968 providendum
1447 1876 1504 1941 est
1534 1877 1575 1942 et

128 1973 470 2078 considerandum,
493 1997 572 2086 qua
592 1966 765 2074 ratione,
785 1968 922 2082 quibus
954 1971 1082 2058 studius
1104 1995 1143 2057 et
1159 1970 1480 2058 exercitationibus
1496 1972 1573 2058 ho·

129 2094 249 2179 mines
271 2092 322 2179 ad
345 2090 528 2179 virtutum
560 2085 733 2191 cultum,
760 2113 842 2171 non
870 2087 991 2174 modo
1020 2088 1250 2195 moralium,
1278 2088 1344 2175 sed
1373 2090 1487 2175 etiam
1515 2090 1572 2176 in·

128 2209 395 2298 tellectualium
411 2270 424 2317 ,
440 2236 507 2324 per
533 2204 634 2322 leges
656 2204 913 2307 inducentia,
941 2232 981 2292 et
1006 2208 1156 2324 utrique
1188 2207 1335 2293 animae
1360 2208 1456 2323 parti
1478 2236 1571 2294 con·
1728 2276 1731 2283 a

128 2328 348 2416 sulendum.
374 2333 444 2414 Est
471 2323 574 2412 enim
602 2321 741 2437 duplex
761 2319 916 2408 facultas
947 2324 1123 2430 animae,
1147 2324 1263 2412 altera
1280 2326 1432 2412 rationis
1463 2354 1568 2414 com·
1583 2309 1763 2431 §llll'ffiffull

129 2477 230 2562 pos,
248 2447 370 2533 ‘altera
395 2474 461 2560 per
487 2473 528 2530 se
549 2439 703 2556 quidem
719 2439 870 2526 tationis
899 2469 1054 2557 expers,
1082 2446 1148 2531 sed
1164 2471 1264 2559 quae
1292 2443 1414 2532 valeat
1431 2448 1571 2531 rationi
1582 2443 1632 2484 ⁸²⁸·

124 2565 415 2682 obtemperare,
438 2562 622 2677 adquam
645 2558 889 2644 excolendam
920 2585 959 2644 et
986 2562 1258 2648 moderandam
1275 2622 1288 2669 ,
1304 2586 1347 2648 ut
1373 2562 1510 2649 rationi
1531 2562 1572 2647 li·

127 2683 261 2769 benter
275 2711 403 2800 parere
418 2704 624 2784 assuescat,
641 2677 797 2765 virtutes
811 2676 971 2764 morales
980 2679 1192 2796 pertinent.
1208 2681 1385 2777 Quarum
1398 2680 1573 2768 omnium

131 2802 268 2888 eadem
290 2801 437 2888 animae
452 2827 535 2916 pars
556 2796 707 2884 rationis
730 2824 886 2911 expers,
910 2821 955 2881 ut
978 2798 1074 2884 libro
1103 2799 1224 2915 primo
1252 2799 1477 2910 Magnorum
1493 2828 1572 2885 mo·

129 2926 269 3004 ratium
289 2920 477 3024 habetur,
501 2917 708 3032 subjectum
724 2939 807 3020 est,
824 2937 869 2998 ut
896 2913 1108 3031 philosophi
1134 2919 1373 3031 loquuntur,
1409 2943 1448 3004 et
1463 2917 1571 3034 quasi

131 3036 260 3122 sedes.
283 3036 396 3122 Ratio
421 3063 514 3122 vero
533 3064 658 3153 ,quae
688 3031 894 3119 intellectus
909 3061 1066 3149 quoque
1095 3058 1134 3119 et
1150 3063 1254 3119 mens
1277 3034 1430 3141 dicitur,
1448 3066 1568 3152 quam

129 3153 285 3242 virtutes
304 3152 568 3240 intellectuales
591 3149 839 3256 informantl'
848 3148 987 3263 duplex
1000 3177 1084 3259 est,
1107 3151 1430 3267 contemplativa,
1460 3179 1500 3240 et
1526 3183 1565 3238 a·
1592 3166 1689 3282 'linio
1714 3172 1761 3226 du·

129 3271 230 3361 ctiva
254 3298 267 3375 ;
289 3300 453 3389 quarum
475 3271 535 3356 illa
564 3273 602 3356 in
627 3270 708 3359 veri
731 3266 1028 3355 consideratione
1051 3330 1064 3378 ,
1087 3269 1180 3354 haec
1205 3270 1245 3353 in
1277 3275 1387 3360 rebus
1415 3244 1651 3389 agendn⁹‘¹'

130 3415 327 3497 versatur,
355 3412 395 3476 et
416 3390 615 3505 prudentia
641 3389 825 3477 virtutum
856 3386 1052 3473 moralium
1070 3388 1248 3506 magistra
1261 3412 1301 3475 et
1323 3388 1571 3504 moderatrice

130 3509 291 3595 maxime
325 3531 525 3596 censetur.
550 3511 799 3622 Quamquam
826 3504 927 3591 enim
965 3506 1120 3594 virtattes
1155 3505 1313 3594 morales
1341 3507 1419 3621 ejus
1457 3509 1571 3624 partis

133 3624 282 3712 habitus
312 3638 424 3733 sunt,
453 3653 552 3743 quae
582 3625 728 3712 ratione
757 3647 897 3728 vacat,
920 3651 1073 3740 quaque
1096 3625 1200 3711 irasci
1220 3622 1382 3712 solemus
1409 3648 1449 3710 et
1478 3652 1571 3710 con·

132 3743 344 3857 cupiscere3
374 3771 504 3832 tamen
530 3773 658 3831 earum
677 3743 842 3829 actiones
865 3741 941 3826 sine
967 3742 1112 3829 ratione
1138 3742 1360 3829 moderante
1381 3771 1462 3827 non
1493 3742 1570 3828 ob·

132 3886 296 3965 cuntur,
326 3887 370 3949 ut
395 3891 547 3978 equus,
571 3864 617 3950 sit
643 3860 728 3947 licet
759 3859 924 3948 domitus
948 3886 988 3946 et
1009 3857 1260 3966 assuefactus,
1276 3860 1408 3974 equitis
1439 3882 1570 3947 tamen

132 4003 213 4064 arte
235 3978 512 4096 impellendus,
534 4009 579 4069 ac
606 3979 762 4071 vicissim
799 3977 1035 4067 cohibendus
1064 4003 1148 4088 est,
1172 4003 1212 4069 et
1244 3978 1284 4063 in
1326 4007 1465 4098 gyrum
1493 3979 1571 4067 du-

132 4097 297 4184 cendus.
1401 4145 1405 4153 ·

206 4217 351 4303 XXIV.
410 4221 512 4304 Cum
543 4242 671 4306 autem
703 4216 823 4303 omnis
852 4216 1020 4304 humana
1050 4216 1132 4319 vita
1161 4215 1201 4300 in
1226 4215 1422 4332 negotium
1452 4238 1492 4302 et
1521 4243 1573 4302 o-

131 4327 256 4438 tium,
284 4334 425 4422 bellum
456 4362 495 4425 et
532 4366 664 4450 pacem
695 4335 918 4443 dvidanu,
949 4361 988 4424 et
1020 4363 1147 4423 rerum
1188 4334 1420 4451 agendarum
1449 4362 1574 4453 quae-

131 4447 223 4534 dam
252 4453 537 4540 necessariaeet
564 4455 673 4543 utiles
705 4455 806 4562 sint,
832 4455 1023 4571 quaedam
1045 4454 1255 4557 honestae,
1278 4451 1417 4539 bellum
1443 4453 1572 4570 pacis,

130 4592 180 4651 ne
207 4565 332 4653 otium
347 4572 438 4675 otii,
465 4574 665 4660 necessaria
693 4600 788 4662 vero
819 4599 859 4658 et
888 4572 994 4658 utilia
1024 4571 1270 4657 honestorum
1301 4599 1411 4658 causa
1442 4569 1575 4685 suscipi
1708 4581 1709 4584 ‘

134 4595 304 4773 dehent.
328 4687 394 4775 Ad
422 4688 515 4774 haec
537 4690 649 4808 igitur
673 4688 803 4778 omnia
828 4688 1012 4804 spectami
1037 4689 1120 4780 viro
1146 4687 1244 4778 civili
1274 4685 1440 4827 legisque
1463 4688 1576 4777 latori

133 4795 313 4895 ferendae
351 4803 453 4926 leges
486 4832 600 4917 sunt,
628 4832 713 4898 tum
741 4834 807 4924 pet
833 4806 980 5015 auique
1018 4833 1172 4930 partes,
1200 4831 1287 4898 tum
1316 4835 1383 4928 per
1410 4836 1575 4928 rpsarum

950 4953 978 5013 2
1538 4951 1578 5013 a·
