4006 5850
493 388 576 469 49‘2‘
804 386 872 455 DE
893 386 1023 455 FATO
1044 387 1109 455 ET
1131 376 1310 459 LIBERO
1329 387 1567 462 ARBITRIO

469 505 580 619 lupus
610 507 889 620 rapacissimus,
923 509 1148 596 vestimento
1174 510 1450 619 ovisindutus,
1473 510 1674 597 securiores
1690 511 1928 604 Christiano-

471 652 557 707 rum
590 624 728 711 animas
753 627 936 732 invadat,
970 627 1071 712 nulla
1103 629 1413 743 philosophorum
1437 626 1534 715 facta
1563 632 1762 717 mentione
1780 695 1794 738 ,
1810 635 1925 720 simu

472 740 526 827 lat
551 771 588 827 se
604 767 790 856 sacrarum
815 744 1033 831 litterarum
1051 747 1317 832 auctoritatem·
1347 776 1391 831 ac
1419 747 1631 832 testimonia
1656 750 1797 863 sequi,
1830 759 1923 866 quas

475 860 546 943 suis
577 861 671 946 dolis
701 887 741 947 ct
771 863 952 977 portentis
984 887 1028 948 ut
1058 865 1194 950 servire
1216 864 1385 980 cogar,-
1401 864 1542 950 cunctis
1557 866 1769 953 rarioribus
1796 869 1920 956 elbo

473 1001 543 1063 rar.
575 980 648 1065 Sed
673 1009 761 1065 cum
777 982 852 1065 hoc
874 980 1178 1089 intertio-libro,
1200 1011 1291 1105 quo·
1305 982 1382 1096 ejus
1406 986 1655 1101 argumenta,
1672 984 1916 1103 ipsorumque

472 1091 736 1184 refutationem
770 1126 1027 1205 reservamus,
1057 1101 1263 1216 complura.
1563 1165 1570 1178 1
1653 1169 1654 1173 a
1691 1174 1693 1179 .
1768 1172 1770 1176 ,

300 1270 328 1319 ,ss
349 1210 460 1320 ἐξώσῃ
531 1217 582 1298 V.
641 1221 757 1300 Nunc
776 1217 826 1303 ad
862 1216 881 1258 ¹*
911 1219 1055 1304 Stoicos
1085 1244 1149 1324 et,
1170 1220 1236 1335 qui
1252 1219 1438 1333 porticum
1453 1218 1619 1334 ipsorum
1647 1218 1784 1307 fitlcire
1809 1247 1916 1337 pura·

282 1331 463 1442 ,55:13¹ssssssss
473 1331 605 1436 batur,
620 1335 897 1450 Chrysippum
923 1335 997 1419 hoc
1012 1337 1111 1419 enim
1129 1366 1245 1423 nemo
1256 1332 1407 1421 fatalem
1424 1338 1676 1423 necessitatem
1695 1339 1918 1452 pertinacius

283 1452 462 1571 35313359222
473 1452 622 1538 asseruit
635 1511 662 1554 ,-
684 1481 808 1567 neque
833 1453 872 1536 id
902 1453 1057 1571 quidem
1080 1480 1242 1571 praeter*
1261 1454 1427 1569 ipsorum
1449 1456 1793 1560 consuetudinem,
1823 1488 1918 1573 quos

281 1569 448 1690 {mgb
472 1569 561 1653 nihil
585 1569 650 1654 nisi
677 1571 896 1684 paradoxon
918 1596 965 1687 et
1000 1595 1144 1685 praeter
1175 1573 1372 1663 hominum
1388 1569 1503 1656 fidem
1532 1572 1800 1687 loquisolitos
1828 1605 1914 1682 esse,

471 1711 651 1773 testantur
683 1713 854 1799 veterum
884 1688 1105 1803 scriptorum
1133 1688 1666 1799 monumenta,'Plutarchi¹in
1685 1692 1838 1806 primis,
1854 1721 1916 1778 cu·

468 1804 525 1918 jus
550 1830 667 1893 exstat
687 1806 939 1921 opusculum,
967 1805 1028 1888 cui
1053 1806 1203 1894 titulum
1235 1804 1350 1912 fecit,
1379 1811 1476 1914 quod
1493 1812 1782 1917 incredibiliora
1797 1811 1917 1898 Stoici

469 1930 647 2028 tradunt,
675 1952 784 2030 quam
809 1930 952 2032 patrae.
980 1925 1159 2017 Quorum
1177 1924 1393 2021 Stoicorum
1427 1923 1632 2011 rationibus
1660 1926 1761 2013 dum
1778 1928 1829 2014 sic
1843 1930 1916 2043 pla·

470 2069 521 2125 ne
543 2069 591 2125 et:
610 2070 736 2154 aperte
761 2033 976 2156 respondeo
993 2066 1015 2145 ',
1033 2065 1077 2127 ut
1107 2041 1198 2146 nihil
1226 2042 1527 2147 dissimulatum,
1552 2044 1644 2127 nihil
1685 2044 1916 2133 inexctusuoi

471 2158 730 2272 relinquatur,
757 2186 795 2244 re
821 2157 1192 2274 presumptione,
1219 2160 1311 2245 etin
1332 2160 1377 2245 te
1404 2167 1541 2244 omnes
1559 2161 1776 2275 prudentes
1802 2190 1910 2280 arque

470 2276 578 2388 pios,
599 2277 744 2392 'quibus
774 2278 866 2387 haec
893 2298 1020 2362 nostra
1067 2277 1189 2395 legere
1221 2276 1397 2382 libuerit,
1416 2302 1564 2364 amento
1594 2281 1730 2366 animo
1764 2293 1912 2399 (neque

470 2394 570 2478 enim
597 2425 694 2510 opus
721 2419 777 2480 est
810 2395 932 2484 dicere
974 2421 1053 2479 non
1082 2394 1348 2515 repugnante)
1378 2397 1505 2482 adesse
1533 2399 1730 2510 pervelim.
1773 2402 1916 2493 Quam·

469 2541 586 2626 quam
615 2510 785 2627 profecto
811 2510 900 2598 falsa
932 2512 1089 2600 istorum
1124 2539 1163 2600 et
1201 2511 1416 2602 incredibilis
1447 2514 1578 2629 opinio
1620 2518 1812 2628 ejusmodi
1849 2545 1915 2625 est,

469 2654 516 2714 ut
539 2631 588 2715 ad
617 2625 859 2717 refellendum
894 2630 1015 2716 nullis*
1034 2627 1239 2718 rationibus
1269 2632 1488 2721 exninoeeus
1513 2631 1630 2718 allatis
1663 2635 1838 2751 indigere
1865 2638 1911 2723 vi·

471 2746 632 2854 dcattu,
671 2750 864 2865 cumips'a
892 2740 1459 2864 ‘se5-procul.dubio>mnfidat,
1488 2778 1615 2834 seeum
1646 2779 1830 2869 pugnet,
1869 2757 1913 2839 ab

321 2866 577 2965 ,ffernfflomni
605 2882 729 2978 'rerum
749 2896 829 2977 ¹usu
862 2867 1072 2954 dissentiat:
1106 2864 1350 2984 Nanrquod
1369 2867 1504 2983 *primo
1520 2868 1608 2954 loeo
1632 2869 1770 2982 ajunt,
1806 2899 1911 2956 reso

280 2973 573 3084 'glgffl'mnes
597 2988 874 3097 posterioribus
901 3013 982 3071 esse
998 3012 1159 3094 cumas,
1179 3014 1272 3095 quae
1301 2996 1441 3071 mistus
1465 2995 1575 3092 quasi
1599 2996 1775 3072 vinculis
1791 2999 1914 3072 sicin

280 3092 360 3144 “⁰³⁹
467 3117 590 3186 terre
614 3129 806 3213 connexae*
821 3113 927 3209 rint,
949 3120 991 3187 ut
1023 3131 1048 3186 a
1069 3114 1209 3213 primis
1228 3104 1414 3213 pendeam
1429 3104 1629 3209 secundae,
1655 3125 1697 3190 et
1716 3116 1912 3216 proximae

471 3234 634 3328 quaeque
665 3249 745 3306 cum
767 3223 1077 3331 praecedentibus
1105 3224 1366 3307 cohaerescant
1382 3278 1408 3324 ,.
1426 3237 1541 3328 atque
1563 3226 1610 3304 id
1621 3220 1714 3325 frati
1728 3243 1910 3333 tamqrrau

472 3342 723 3423 substantiam
751 3367 844 3423 esse
863 3335 1187 3455 interpretantur,
1216 3337 1293 3424 hoc
1319 3338 1656 3454 quisnonuideat
1670 3403 1684 3446 ,
1700 3371 1822 3456 quarn
1836 3343 1908 3427 lon-

466 3486 472 3493 ·
545 3458 596 3541 ab
619 3487 690 3541 usu
707 3485 830 3542 rerum
866 3481 904 3542 et
927 3457 1088 3542 sensibus
1120 3456 1252 3541 nostris
1279 3457 1510 3540 abhorreat?
1539 3460 1641 3540 Nam
1672 3487 1779 3545 cum·
1798 3488 1907 3575 patres

277 3663 280 3670 ,
470 3486 634 3660 filiorum
665 3604 797 3660 causae
815 3574 886 3660 sint
911 3571 1090 3690 (oportet
1114 3574 1213 3659 enirn
1245 3599 1290 3658 ut
1305 3601 1437 3658 causae
1464 3602 1532 3688 per
1557 3576 1830 3689 proprietatem
1860 3607 1909 3663 re·

277 3734 279 3737 ’
338 3735 356 3743 ·
409 3736 411 3740 ·
469 3717 671 3806 petantur,
701 3719 744 3779 ut
762 3686 921 3778 hominis
952 3692 1097 3794 homo,
1131 3720 1251 3805 equus
1284 3691 1372 3805 equi
1404 3691 1451 3774 sit
1481 3690 1654 3775 incausa
1672 3693 1688 3807 )
1703 3696 1775 3810 qui
1798 3696 1913 3781 liberis

469 3837 678 3925 numquam
717 3839 876 3925 operam·
894 3808 1061 3912 dedere,
1086 3832 1171 3892 sunt
1197 3834 1326 3895 tamen
1353 3806 1558 3922 cujuspiam
1581 3806 1642 3892 lilii
1669 3872 1684 3916 ,
1726 3836 1799 3896 aut
1828 3837 1911 3897 aute

467 3926 689 4042 procreandi
705 3951 876 4037 aetatem
918 3926 1134 4030 decessere,
1153 3992 1156 3997 s
1173 3953 1240 4009 eos
1268 3954 1449 4040 quorum.
1464 3925 1907 4042 tandempo‘steriorum

468 4073 595 4131 causas
621 4073 697 4130 esse
713 4045 784 4131 dici
800 4044 976 4130 convenit
993 4053 1005 4127 i
1037 4042 1153 4126 Multi
1169 4043 1269 4126 enim
1293 4042 1559 4147 debilitantur,
1573 4044 1639 4128 a'ut
1656 4048 1806 4158 penitus
1820 4048 1911 4132 abu·

446 4159 615 4269 lentur,
641 4189 842 4281 antequam
866 4163 962 4278 vires
986 4160 1128 4274 indepti
1152 4156 1292 4246 'fuerint
1313 4159 1587 4274 procreandi,
1607 4168 1708 4276 qu'os
1741 4164 1911 4280 profecto

468 4309 549 4366 non
572 4282 684 4368 video
717 4282 820 4396 cujus
849 4280 900 4365 rei
930 4307 1057 4364 causas
1099 4305 1176 4361 esse
1205 4277 1278 4361 dici
1300 4302 1489 4391 oporteat.
1536 4280 1627 4393 Age
1662 4310 1761 4367 vero
1795 4311 1913 4369 excre-

467 4424 624 4504 menta,
648 4429 747 4514 quae
777 4427 843 4513 per
866 4397 1064 4483 nonnullas
1086 4395 1251 4509 corporis
1263 4402 1391 4508 partes
1410 4404 1614 4511 egeruntur
1633 4402 1653 4500 ,J
1686 4399 1782 4486 irem
1796 4410 1911 4488 emon·

467 4542 541 4602 stra
557 4575 571 4622 ,
586 4546 684 4631 quae
702 4541 846 4632 practer
868 4539 1039 4601 naturam
1047 4512 1251 4617 eveniunt,
1273 4537 1316 4596 et
1329 4512 1679 4627 saepeadolesbdre
1695 4545 1904 4633 nequeunt,

467 4636 532 4722 sed
555 4634 723 4750 protinus
748 4633 973 4733 abolentur,
1003 4654 1174 4746 quarum
1192 4629 1348 4741 tandem
1376 4648 1501 4716 return
1522 4641 1656 4717 xcausas
1679 4664 1776 4743 ¹esse
1802 4667 1900 4752 pura·

460 4764 577 4839 mus?
608 4753 715 4868 quod
748 4752 775 4835 si
799 4744 931 4835 cortex'
952 4750 990 4832 in
1008 4747 1214 4864 amygdalis
1228 4808 1253 4853 ,.,.
1268 4749 1427 4864 exempli
1458 4778 1568 4835 causa
1585 4756 1615 4855 ,'
1635 4775 1757 4840 testae
1793 4755 1901 4872 gntia

464 4897 691 4986 generatur,
725 4893 818 4962 testa
838 4896 961 4958 rursus
987 4892 1140 4984 propter
1170 4866 1378 4979 nucleum,
1416 4893 1465 4958 ‘et
1490 4869 1623 4987 ,stirpes
1651 4870 1798 4959 idcirco
1830 4873 1905 4959 irri-
