4006 5850
500 403 573 472 450
625 382 627 401 '
865 379 931 467 DE
957 379 1077 456 RITU
1101 375 1242 454 NUP'R
1267 381 1331 454 ET
1356 384 1549 456 DISPENS

488 531 546 591 est
561 499 822 620 fugiendum(²
850 508 903 588 At
920 502 1090 588 incidunt
1114 525 1314 617 tempora,
1343 531 1429 588 cum
1447 507 1484 590 in
1501 533 1561 589 eas
1591 503 1781 639 angustias
1812 504 1931 637 ιοιιῇε

489 623 542 711 cti
554 653 708 727 sumus,
731 647 774 706 ut
788 621 905 708 levius
921 620 1074 736 aliquod
1091 623 1247 757 malum,
1265 622 1392 739 gravia
1409 622 1567 736 vitantes
1584 683 1597 725 ,
1622 623 1816 733 iustissima
1829 624 1932 706 ratio

492 771 540 826 ne
557 770 782 856 sequamur:
815 741 923 854 quod
942 735 1061 824 facere
1077 764 1115 824 et
1138 742 1233 824 ratio
1260 741 1363 855 cogit
1381 800 1393 842 ,
1420 767 1457 826 et
1475 770 1600 856 magm
1591 740 1834 857 philosophi
1850 769 1930 823 cen·

184 896 186 901 ¹
297 857 352 906 ¹¹¹¹
366 854 443 904 ‘¹¹¹¹
450 864 473 901 ²⁴
489 884 657 946 suerunt.
692 857 774 942 Nisi
806 853 917 944 forte
930 884 1144 991 putamus,
1169 859 1277 992 quod
1293 858 1410 942 levius
1441 884 1495 943 est
1512 853 1678 961 malum,
1708 857 1747 943 id
1766 857 1928 969 protinus

495 979 634 1063 malurn
652 1006 733 1062 non
748 1005 837 1061 csse.
869 983 921 1064 At
937 975 1144 1060 malum
1095 1038 1108 1081 ,
1136 976 1285 1111 inquis,
1303 975 1457 1060 levius
1448 1006 1485 1059 m
1502 975 1613 1061 tantis
1641 976 1825 1090 angustiis
1844 977 1925 1059 boni

490 1098 684 1184 rationem.
705 1096 819 1179 habet
836 1126 846 1178 ε
871 1120 909 1179 at
925 1094 1021 1180 istud
1046 1094 1290 1228 patrocinium
1308 1119 1385 1178 tam
1403 1093 1591 1180 infirmum
1614 1117 1670 1177 est
1688 1151 1703 1196 ,
1719 1117 1766 1177 ut
1784 1120 1925 1177 causam

489 1216 647 1329 prodere
668 1211 850 1301 videatur.
882 1216 970 1300 Hoc
985 1238 1040 1297 εει
1061 1212 1160 1297 enim
1176 1211 1284 1326 quod
1300 1237 1428 1297 nostra
1442 1212 1564 1297 oratio
1582 1196 1731 1295 efficere
1750 1238 1925 1316 conatur,

489 1332 597 1448 quod
612 1357 743 1416 natura
763 1330 902 1414 malum
915 1355 997 1434 est,
1015 1330 1054 1415 id
1070 1331 1299 1441 temporibus
1313 1326 1408 1413 effici
1433 1330 1539 1433 tale,
1569 1352 1612 1413 ut
1635 1356 1839 1441 tamquam
1864 1330 1923 1413 bo

490 1480 584 1535 num
599 1449 773 1565 eligatur:
803 1449 866 1533 sed
883 1477 961 1531 non
977 1473 1033 1533 est
1048 1477 1144 1560 opus
1160 1446 1295 1532 litibus.
1327 1449 1439 1532 Dabo
1471 1390 1539 1532 tibi
1564 1450 1689 1580 legem
1718 1445 1827 1529 illam
1851 1474 1925 1560 pet·

490 1596 608 1681 quam
624 1593 741 1651 ratam
770 1595 873 1670 esse,
902 1588 941 1650 et
965 1566 1208 1679 sempiternae
1231 1565 1391 1651 veritatis
1409 1595 1452 1649 ac
1477 1564 1729 1650 rectitudinis.
1766 1592 1847 1647 non
1870 1589 1924 1647 ta·

491 1715 579 1769 men
596 1684 762 1798 protinus
776 1746 788 1788 ,
804 1684 913 1797 quod
927 1682 1048 1796 petis,
1074 1684 1285 1796 assequeris
1315 1682 1636 1799 Argumentatio,
1663 1681 1818 1794 inquis,
1836 1706 1923 1765 recta

491 1827 546 1886 εει
562 1830 605 1884 ac
621 1802 830 1886 necessaria
862 1804 951 1885 Hoc
966 1829 1040 1915 ego
1055 1828 1135 1885 non
1156 1801 1222 1885 ibo
1239 1798 1386 1885 inficias
1428 1800 1668 1886 Antecedens
1691 1823 1825 1882 autem
1846 1826 1921 1911 pro·

490 1919 650 2031 positio:
684 1922 804 2001 Omne
813 1946 873 2003 ma
873 1925 947 2000 lum
964 1933 1021 2000 est
1041 1917 1297 2025 fugiendum,
1332 1917 1527 2002 certissima
1544 1940 1599 2001 est
1627 1940 1666 1999 et
1687 1917 1922 2047 sempiternae

490 2037 665 2121 veritatis
698 2040 788 2119 Hoc
800 2063 958 2149 quoque
973 2035 1039 2118 tibi
1058 2035 1246 2149 largimur.
1275 2034 1408 2125 Quid
1400 2059 1511 2151 agitur
1523 2036 1649 2119 obstat
1670 2084 1683 2137 ,
1697 2064 1794 2166 quo
1812 2033 1922 2116 minus

490 2181 547 2236 res
564 2177 647 2237 tota
663 2149 918 2237 confectasit?
952 2151 1055 2234 Nihil
1081 2149 1280 2266 profecto,
1298 2152 1326 2234 ει
1352 2153 1423 2237 hac
1448 2151 1526 2236 sola
1553 2152 1815 2265 propositione
1837 2178 1921 2232 con·

490 2295 602 2354 staret
617 2271 850 2355 antecedens.
880 2274 995 2353 Nunc
1012 2269 1083 2352 illa
1095 2299 1252 2384 quoque
1267 2297 1350 2382 pars
1373 2293 1428 2353 est
1446 2267 1725 2354 antecedentis:
1759 2269 1917 2350 Homici-

491 2391 592 2470 dium
607 2404 665 2470 est
687 2393 846 2471 malum:
881 2416 979 2501 quae
1006 2415 1130 2500 neque
1155 2412 1234 2471 tam
1261 2411 1361 2471 certa
1384 2412 1477 2490 est,
1500 2412 1571 2469 nec
1595 2410 1676 2469 tam
1706 2384 1922 2484 necessaria,

490 2533 606 2618 quam
623 2505 744 2618 prior.
768 2504 907 2620 quippe
923 2533 1025 2610 cujus
1041 2504 1224 2588 rectitudo
1240 2531 1327 2589 cum
1345 2532 1483 2619 magna
1498 2532 1544 2586 ex
1559 2526 1666 2616 parte
1684 2503 1799 2606 adsit,
1814 2530 1922 2615 quan·

492 2621 621 2736 doque
634 2651 760 2706 tamen
777 2622 1029 2708 desideratur:
1056 2647 1094 2706 et
1112 2621 1379 2706 illacertissima
1393 2645 1451 2706 est
1474 2620 1757 2705 dialecticorum
1793 2619 1921 2734 regula,

404 2784 406 2787 ·
491 2767 536 2823 ex
547 2739 818 2842 antecedente,
842 2739 950 2852 quod
965 2730 1040 2821 uria
1055 2739 1309 2851 propositione
1327 2736 1551 2841 necessaria,
1575 2737 1692 2822 altera
1709 2737 1921 2851 contingen

492 2880 530 2945 te
545 2855 737 2960 consistit,
754 2856 793 2938 in
810 2853 1132 2970 argumentatione
1163 2857 1274 2939 etiam
1304 2856 1503 2940 necessaria
1517 2854 1747 2970 contingens
1780 2854 1922 2937 conclu-

493 2972 532 3058 di
558 3003 636 3056 non
665 2975 935 3060 necessarium:
965 2998 1008 3057 ut
1026 2972 1063 3055 in
1089 2971 1196 3056 rebus
1225 2972 1451 3057 naturalibus
1467 3002 1511 3056 ex
1532 2971 1651 3054 causis
1678 2971 1922 3056 necessatiact

492 3090 734 3205 contingente
761 3120 826 3203 qur
815 3086 1004 3174 effectus
1032 3089 1211 3193 exsistit,
1257 3117 1406 3174 causam
1434 3087 1676 3173 infirmiorem
1711 3088 1922 3172 aemulatur.

449 3215 451 3217 ’
492 3210 595 3291 Nam
612 3207 804 3291 hominem
821 3205 989 3292 occidere
1020 3205 1252 3319 quandoque
1276 3236 1354 3291 non
1379 3235 1456 3291 esse
1488 3205 1660 3338 malum,
1693 3206 1837 3290 docent
1853 3232 1921 3301 non

493 3325 612 3409 modo
628 3324 726 3440 leges
749 3324 896 3427 civiles,
931 3324 1065 3436 quibus
1090 3323 1258 3436 capitalia
1282 3324 1434 3408 crimina
1463 3322 1653 3432 justissime
1680 3322 1921 3421 vindicantur,

493 3441 685 3526 sedetiam
714 3440 864 3526 historia
882 3468 1011 3544 sacra,
1037 3468 1111 3553 qua
1132 3464 1278 3524 constat
1299 3441 1406 3553 ᾖιιεειι
1431 3439 1504 3525 Dei
1533 3437 1697 3554 populos
1732 3468 1811 3524 esse
1827 3437 1922 3523 armis

492 3559 724 3671 Judaeorum
738 3558 813 3643 ad
804 3556 1094 3641 internecionem
1113 3558 1265 3641 occisos.

550 3678 686 3760 XXIII.
746 3675 852 3772 Quid
880 3672 947 3785 (ut
961 3699 1083 3757 cetera
1100 3699 1353 3787 praeteream,
1376 3703 1541 3789 quorum
1559 3702 1614 3760 est
1642 3673 1781 3759 eadem
1810 3671 1924 3782 ratio)

383 3900 385 3905 s
491 3791 528 3873 in
546 3816 743 3906 praecepto
762 3794 810 3877 de
825 3791 927 3874 cultu
943 3813 982 3874 et
1006 3790 1143 3903 pietate
1159 3792 1196 3874 in
1212 3816 1409 3904 parentes
1401 3800 1412 3849 ³
1441 3792 1710 3924 negabimusne
1740 3821 1847 3905 posse
1861 3791 1922 3873 du·

490 3907 686 3993 bitationes
708 3909 905 4010 exsistere,
930 3937 1029 4019 quae
1046 3932 1241 4020 nequeant
1250 3909 1419 4022 absque
1409 3908 1719 4023 interpretatione
1749 3905 1921 4023 praecepti

341 4129 347 4137 ἡ
489 4023 599 4158 hujus
616 4025 811 4159 explicari?
842 4024 973 4120 Qualis
990 4024 1049 4107 illa
1078 4050 1194 4129 esser,
1229 4050 1366 4141 agatne
1387 4051 1519 4110 contra
1542 4051 1785 4139 praeceptum
1805 4023 1924 4123 filius,

334 4160 335 4165 '
405 4184 409 4189 1
489 4143 556 4256 qui
572 4145 682 4277 patris
695 4142 971 4276 rempublicam
988 4142 1148 4276 prodere
1164 4142 1347 4227 molientis
1372 4141 1554 4276 flagitium
1587 4171 1675 4226 cum
1703 4169 1812 4228 certo
1839 4141 1923 4272 peti·

491 4260 579 4344 culo
595 4260 720 4373 capitis
736 4261 813 4370 ejus
839 4258 1140 4362 indicaverit,'
1115 4291 1143 4344 ει
1176 4289 1325 4345 summo
1353 4262 1492 4372 patriae
1510 4257 1708 4344 discrimini
1737 4260 1839 4344 nulla
1865 4257 1923 4342 uia

493 4376 638 4462 ratione
655 4377 767 4490 possit
780 4404 984 4461 occurrere
1013 4376 1167 4458 Nam
1143 4407 1170 4461 ει
1192 4377 1286 4460 salus
1315 4376 1534 4490 reipublicae
1551 4376 1663 4490 patris
1691 4378 1807 4461 etiam
1836 4378 1922 4463 vitae

487 4490 729 4627 praeferenda
755 4518 810 4576 est
838 4493 921 4608 lege
954 4518 1109 4575 naturae
1133 4553 1144 4596 ,
1176 4521 1275 4625 quae
1305 4494 1450 4577 bonum
1475 4494 1665 4606 publicum
1701 4497 1920 4609 cuicumque

489 4611 639 4724 privato
654 4612 761 4694 bono
774 4609 875 4720 jubet
894 4609 1111 4741 praeverti.
1103 4640 1228 4725 .qur
1194 4610 1293 4693 tali
1321 4636 1492 4724 tempore
1521 4637 1666 4725 patrem
1697 4612 1864 4718 deserit,
1885 4634 1922 4693 ιιι

488 4728 712 4840 reipublicae
737 4726 966 4830 subveniat,
987 4726 1015 4809 is
1042 4723 1150 4811 faciet
1177 4724 1348 4839 profecto
1372 4755 1504 4812 contra
1528 4728 1708 4862 scriptum
1742 4726 1921 4863 praecepti

486 4846 623 4958 hujus,
641 4841 799 4931 fortassis
824 4869 950 4931 tamen
966 4844 1085 4957 legem
1102 4869 1291 4931 aeternam
1312 4870 1546 4960 rectamque
1539 4848 1728 4935 rationem
1746 4880 1831 4937 non
1850 4848 1917 4937 vio

1876 4967 1919 5048 la·
