<?xml version="1.0" encoding="UTF-8"?>
<!DOCTYPE html PUBLIC "-//W3C//DTD XHTML 1.0 Transitional//EN"
    "http://www.w3.org/TR/xhtml1/DTD/xhtml1-transitional.dtd">
<html xmlns="http://www.w3.org/1999/xhtml" xml:lang="en" lang="en">
 <head>
  <title>
</title>
<meta http-equiv="Content-Type" content="text/html;charset=utf-8" />
  <meta name='ocr-system' content='tesseract 3.04.00' />
  <meta name='ocr-capabilities' content='ocr_page ocr_carea ocr_par ocr_line ocrx_word'/>
</head>
<body>
  <div class='ocr_page' id='page_1' title='image "./joannisgenesiis01sepgoog/joannisgenesiis01sepgoog_0202.png"; bbox 0 0 4050 5858; ppageno 0'>
   <div class='ocr_carea' id='block_1_1' title="bbox 376 382 1539 489">
    <p class='ocr_par' dir='ltr' id='par_1_1' title="bbox 376 382 1539 489">
     <span class='ocr_line' id='line_1_1' title="bbox 376 382 1539 489; baseline 0.004 -24"><span class='ocrx_word' id='word_1_1' title='bbox 376 385 484 466; x_wconf 85' lang='lat' dir='ltr'><strong>SEU</strong></span> <span class='ocrx_word' id='word_1_2' title='bbox 512 390 588 464; x_wconf 91' lang='lat' dir='ltr'><strong>DE</strong></span> <span class='ocrx_word' id='word_1_3' title='bbox 626 382 1004 461; x_wconf 81' lang='lat' dir='ltr'>APPETENDA</span> <span class='ocrx_word' id='word_1_4' title='bbox 1037 389 1292 465; x_wconf 84' lang='lat' dir='ltr'>GLORIA</span> <span class='ocrx_word' id='word_1_5' title='bbox 1469 419 1539 489; x_wconf 88' lang='lat'><strong>207</strong></span> 
     </span>
    </p>
   </div>
   <div class='ocr_carea' id='block_1_2' title="bbox 45 507 1570 2883">
    <p class='ocr_par' dir='ltr' id='par_1_2' title="bbox 45 507 1570 2883">
     <span class='ocr_line' id='line_1_2' title="bbox 104 507 1562 648; baseline 0.003 -45.003"><span class='ocrx_word' id='word_1_6' title='bbox 104 524 282 617; x_wconf 62' lang='lat' dir='ltr'><strong>damme</strong></span> <span class='ocrx_word' id='word_1_7' title='bbox 291 575 305 624; x_wconf 89' lang='lat'><strong>,</strong></span> <span class='ocrx_word' id='word_1_8' title='bbox 319 507 528 602; x_wconf 82' lang='lat' dir='ltr'><strong>detrectare</strong></span> <span class='ocrx_word' id='word_1_9' title='bbox 548 510 757 628; x_wconf 88' lang='lat' dir='ltr'><strong>praelium:</strong></span> <span class='ocrx_word' id='word_1_10' title='bbox 776 536 842 599; x_wconf 90' lang='lat' dir='ltr'><strong>aut</strong></span> <span class='ocrx_word' id='word_1_11' title='bbox 857 512 1086 648; x_wconf 86' lang='lat' dir='ltr'><strong>commisso,</strong></span> <span class='ocrx_word' id='word_1_12' title='bbox 1103 513 1154 601; x_wconf 90' lang='lat' dir='ltr'><strong>de</strong></span> <span class='ocrx_word' id='word_1_13' title='bbox 1169 513 1261 634; x_wconf 86' lang='lat' dir='ltr'><strong>fuga</strong></span> <span class='ocrx_word' id='word_1_14' title='bbox 1285 519 1426 636; x_wconf 89' lang='lat' dir='ltr'><strong>magis,</strong></span> <span class='ocrx_word' id='word_1_15' title='bbox 1444 549 1562 637; x_wconf 83' lang='lat' dir='ltr'><strong>quarn</strong></span> 
     </span>
     <span class='ocr_line' id='line_1_3' title="bbox 109 631 1560 752; baseline 0 -23"><span class='ocrx_word' id='word_1_16' title='bbox 109 640 162 729; x_wconf 89' lang='lat' dir='ltr'><strong>de</strong></span> <span class='ocrx_word' id='word_1_17' title='bbox 182 634 338 726; x_wconf 87' lang='lat' dir='ltr'><strong>uictoria</strong></span> <span class='ocrx_word' id='word_1_18' title='bbox 368 633 559 752; x_wconf 88' lang='lat' dir='ltr'><strong>cogitare:</strong></span> <span class='ocrx_word' id='word_1_19' title='bbox 590 659 691 747; x_wconf 87' lang='lat' dir='ltr'><strong>quae</strong></span> <span class='ocrx_word' id='word_1_20' title='bbox 719 631 829 720; x_wconf 86' lang='lat' dir='ltr'><strong>vobis</strong></span> <span class='ocrx_word' id='word_1_21' title='bbox 854 631 1005 718; x_wconf 91' lang='lat' dir='ltr'><strong>notiora</strong></span> <span class='ocrx_word' id='word_1_22' title='bbox 1035 657 1151 740; x_wconf 89' lang='lat' dir='ltr'><strong>sunt,</strong></span> <span class='ocrx_word' id='word_1_23' title='bbox 1171 663 1288 750; x_wconf 88' lang='lat' dir='ltr'><strong>quam</strong></span> <span class='ocrx_word' id='word_1_24' title='bbox 1320 663 1365 724; x_wconf 92' lang='lat' dir='ltr'><strong>ut</strong></span> <span class='ocrx_word' id='word_1_25' title='bbox 1394 639 1560 729; x_wconf 91' lang='lat' dir='ltr'><strong>debeant</strong></span> 
     </span>
     <span class='ocr_line' id='line_1_4' title="bbox 110 747 1562 871; baseline 0.001 -28"><span class='ocrx_word' id='word_1_26' title='bbox 110 785 225 859; x_wconf 88' lang='lat' dir='ltr'><strong>ame</strong></span> <span class='ocrx_word' id='word_1_27' title='bbox 249 752 425 871; x_wconf 85' lang='lat' dir='ltr'><strong>exemplis</strong></span> <span class='ocrx_word' id='word_1_28' title='bbox 447 747 683 839; x_wconf 87' lang='lat' dir='ltr'><strong>confirmari.</strong></span> <span class='ocrx_word' id='word_1_29' title='bbox 726 749 834 848; x_wconf 90' lang='lat' dir='ltr'><strong>Quid</strong></span> <span class='ocrx_word' id='word_1_30' title='bbox 867 759 989 866; x_wconf 79' lang='lat' dir='ltr'><strong>ergo?</strong></span> <span class='ocrx_word' id='word_1_31' title='bbox 1019 752 1355 840; x_wconf 83' lang='lat' dir='ltr'><strong>Gloriososnel</strong></span> <span class='ocrx_word' id='word_1_32' title='bbox 1288 764 1339 838; x_wconf 85' lang='lat' dir='ltr'><strong>mi</strong></span> <span class='ocrx_word' id='word_1_33' title='bbox 1338 762 1425 842; x_wconf 83' lang='lat' dir='ltr'><strong>lites</strong></span> <span class='ocrx_word' id='word_1_34' title='bbox 1454 775 1562 871; x_wconf 81' lang='lat' dir='ltr'><strong>opta</strong></span> 
     </span>
     <span class='ocr_line' id='line_1_5' title="bbox 107 876 1562 982; baseline 0.004 -23"><span class='ocrx_word' id='word_1_35' title='bbox 107 877 259 982; x_wconf 80' lang='lat' dir='ltr'><strong>bimus,</strong></span> <span class='ocrx_word' id='word_1_36' title='bbox 275 888 314 958; x_wconf 84' lang='lat' dir='ltr'><strong>et</strong></span> <span class='ocrx_word' id='word_1_37' title='bbox 330 878 417 957; x_wconf 81' lang='lat' dir='ltr'><strong>de</strong></span> <span class='ocrx_word' id='word_1_38' title='bbox 400 879 454 956; x_wconf 80' lang='lat' dir='ltr'><strong>ais</strong></span> <span class='ocrx_word' id='word_1_39' title='bbox 479 896 643 956; x_wconf 83' lang='lat' dir='ltr'><strong>summae</strong></span> <span class='ocrx_word' id='word_1_40' title='bbox 667 876 831 955; x_wconf 74' lang='lat' dir='ltr'><strong>vinetis</strong></span> <span class='ocrx_word' id='word_1_41' title='bbox 859 886 963 979; x_wconf 81' lang='lat' dir='ltr'><strong>spem</strong></span> <span class='ocrx_word' id='word_1_42' title='bbox 997 878 1270 981; x_wconf 81' lang='lat' dir='ltr'><em>concipiemus?</em></span> <span class='ocrx_word' id='word_1_43' title='bbox 1299 902 1388 961; x_wconf 90' lang='lat' dir='ltr'><strong>nam</strong></span> <span class='ocrx_word' id='word_1_44' title='bbox 1419 901 1458 962; x_wconf 91' lang='lat' dir='ltr'><strong>et</strong></span> <span class='ocrx_word' id='word_1_45' title='bbox 1486 879 1562 966; x_wconf 92' lang='lat' dir='ltr'><strong>hoc</strong></span> 
     </span>
     <span class='ocr_line' id='line_1_6' title="bbox 107 987 1562 1130; baseline 0.004 -50.004"><span class='ocrx_word' id='word_1_46' title='bbox 107 992 200 1130; x_wconf 79' lang='lat' dir='ltr'><strong>ajitis</strong></span> <span class='ocrx_word' id='word_1_47' title='bbox 225 990 415 1125; x_wconf 86' lang='lat' dir='ltr'><strong>quosdam</strong></span> <span class='ocrx_word' id='word_1_48' title='bbox 439 987 661 1076; x_wconf 83' lang='lat' dir='ltr'>sententiam</span> <span class='ocrx_word' id='word_1_49' title='bbox 689 1012 858 1075; x_wconf 87' lang='lat' dir='ltr'><strong>nostram</strong></span> <span class='ocrx_word' id='word_1_50' title='bbox 887 1016 1133 1105; x_wconf 85' lang='lat' dir='ltr'>oppugnare.</span> <span class='ocrx_word' id='word_1_51' title='bbox 1120 991 1319 1078; x_wconf 89' lang='lat' dir='ltr'><strong>.Minime</strong></span> <span class='ocrx_word' id='word_1_52' title='bbox 1336 1021 1457 1081; x_wconf 88' lang='lat' dir='ltr'><strong>vero.</strong></span> <span class='ocrx_word' id='word_1_53' title='bbox 1487 999 1562 1086; x_wconf 86' lang='lat' dir='ltr'><strong>Sed</strong></span> 
     </span>
     <span class='ocr_line' id='line_1_7' title="bbox 93 1107 1564 1228; baseline 0.003 -32"><span class='ocrx_word' id='word_1_54' title='bbox 93 1140 175 1228; x_wconf 51' lang='lat' dir='ltr'><strong>¹qut</strong></span> <span class='ocrx_word' id='word_1_55' title='bbox 163 1108 411 1225; x_wconf 71' lang='lat' dir='ltr'><strong>hujusmodi</strong></span> <span class='ocrx_word' id='word_1_56' title='bbox 426 1108 587 1225; x_wconf 85' lang='lat' dir='ltr'>gloriam</span> <span class='ocrx_word' id='word_1_57' title='bbox 602 1107 774 1222; x_wconf 88' lang='lat' dir='ltr'><strong>appetit,</strong></span> <span class='ocrx_word' id='word_1_58' title='bbox 790 1134 1003 1221; x_wconf 82' lang='lat' dir='ltr'><strong>numquam</strong></span> <span class='ocrx_word' id='word_1_59' title='bbox 1022 1107 1091 1193; x_wconf 90' lang='lat' dir='ltr'><strong>erit</strong></span> <span class='ocrx_word' id='word_1_60' title='bbox 1115 1107 1320 1225; x_wconf 89' lang='lat' dir='ltr'><strong>gloriosus.</strong></span> <span class='ocrx_word' id='word_1_61' title='bbox 1347 1117 1453 1198; x_wconf 87' lang='lat' dir='ltr'><strong>Narn</strong></span> <span class='ocrx_word' id='word_1_62' title='bbox 1468 1116 1564 1228; x_wconf 92' lang='lat' dir='ltr'><strong>quid</strong></span> 
     </span>
     <span class='ocr_line' id='line_1_8' title="bbox 107 1223 1565 1346; baseline 0.001 -28"><span class='ocrx_word' id='word_1_63' title='bbox 107 1229 213 1318; x_wconf 89' lang='lat' dir='ltr'><strong>aliud</strong></span> <span class='ocrx_word' id='word_1_64' title='bbox 233 1254 289 1317; x_wconf 88' lang='lat' dir='ltr'><strong>est</strong></span> <span class='ocrx_word' id='word_1_65' title='bbox 312 1227 518 1346; x_wconf 89' lang='lat' dir='ltr'><strong>gloriosum</strong></span> <span class='ocrx_word' id='word_1_66' title='bbox 532 1256 637 1332; x_wconf 86' lang='lat' dir='ltr'><strong>esse,</strong></span> <span class='ocrx_word' id='word_1_67' title='bbox 660 1226 727 1312; x_wconf 83' lang='lat' dir='ltr'><strong>nist</strong></span> <span class='ocrx_word' id='word_1_68' title='bbox 715 1223 1012 1338; x_wconf 75' lang='lat' dir='ltr'><strong>jactabundum</strong></span> <span class='ocrx_word' id='word_1_69' title='bbox 1028 1255 1137 1332; x_wconf 88' lang='lat' dir='ltr'><strong>esse,</strong></span> <span class='ocrx_word' id='word_1_70' title='bbox 1153 1227 1280 1315; x_wconf 90' lang='lat' dir='ltr'><strong>inanes</strong></span> <span class='ocrx_word' id='word_1_71' title='bbox 1296 1229 1473 1346; x_wconf 88' lang='lat' dir='ltr'><strong>gloriolas</strong></span> <span class='ocrx_word' id='word_1_72' title='bbox 1497 1232 1565 1320; x_wconf 90' lang='lat' dir='ltr'><strong>fla·</strong></span> 
     </span>
     <span class='ocr_line' id='line_1_9' title="bbox 108 1342 1566 1483; baseline 0.001 -46"><span class='ocrx_word' id='word_1_73' title='bbox 108 1379 180 1456; x_wconf 89' lang='lat' dir='ltr'><strong>re,</strong></span> <span class='ocrx_word' id='word_1_74' title='bbox 204 1372 245 1435; x_wconf 91' lang='lat' dir='ltr'><strong>et</strong></span> <span class='ocrx_word' id='word_1_75' title='bbox 267 1375 367 1483; x_wconf 84' lang='lat' dir='ltr'><strong>quae</strong></span> <span class='ocrx_word' id='word_1_76' title='bbox 384 1375 466 1432; x_wconf 93' lang='lat' dir='ltr'><strong>non</strong></span> <span class='ocrx_word' id='word_1_77' title='bbox 489 1342 607 1452; x_wconf 87' lang='lat' dir='ltr'><strong>fecit,</strong></span> <span class='ocrx_word' id='word_1_78' title='bbox 624 1344 691 1430; x_wconf 91' lang='lat' dir='ltr'><strong>sibi</strong></span> <span class='ocrx_word' id='word_1_79' title='bbox 716 1344 839 1433; x_wconf 85' lang='lat' dir='ltr'><strong>verbis</strong></span> <span class='ocrx_word' id='word_1_80' title='bbox 863 1372 1063 1477; x_wconf 84' lang='lat' dir='ltr'><strong>arrogare:</strong></span> <span class='ocrx_word' id='word_1_81' title='bbox 1094 1371 1161 1431; x_wconf 89' lang='lat' dir='ltr'><strong>aut</strong></span> <span class='ocrx_word' id='word_1_82' title='bbox 1188 1347 1218 1433; x_wconf 88' lang='lat' dir='ltr'><strong>si</strong></span> <span class='ocrx_word' id='word_1_83' title='bbox 1246 1375 1326 1463; x_wconf 88' lang='lat' dir='ltr'><strong>qua</strong></span> <span class='ocrx_word' id='word_1_84' title='bbox 1350 1345 1467 1456; x_wconf 83' lang='lat' dir='ltr'><strong>lecit,</strong></span> <span class='ocrx_word' id='word_1_85' title='bbox 1490 1383 1566 1439; x_wconf 87' lang='lat' dir='ltr'><strong>sae·</strong></span> 
     </span>
     <span class='ocr_line' id='line_1_10' title="bbox 107 1462 1564 1602; baseline 0.003 -49"><span class='ocrx_word' id='word_1_86' title='bbox 107 1496 159 1584; x_wconf 90' lang='lat' dir='ltr'><strong>pe</strong></span> <span class='ocrx_word' id='word_1_87' title='bbox 185 1466 358 1558; x_wconf 85' lang='lat' dir='ltr'><strong>accersita</strong></span> <span class='ocrx_word' id='word_1_88' title='bbox 383 1465 500 1553; x_wconf 90' lang='lat' dir='ltr'><strong>etiam</strong></span> <span class='ocrx_word' id='word_1_89' title='bbox 528 1462 727 1550; x_wconf 80' lang='lat' dir='ltr'><strong>occasione</strong></span> <span class='ocrx_word' id='word_1_90' title='bbox 749 1463 790 1547; x_wconf 91' lang='lat' dir='ltr'><strong>in</strong></span> <span class='ocrx_word' id='word_1_91' title='bbox 815 1492 933 1577; x_wconf 60' lang='lat' dir='ltr'><strong>marus</strong></span> <span class='ocrx_word' id='word_1_92' title='bbox 957 1463 1160 1569; x_wconf 77' lang='lat' dir='ltr'><strong>extollere:</strong></span> <span class='ocrx_word' id='word_1_93' title='bbox 1174 1494 1253 1602; x_wconf 90' lang='lat' dir='ltr'><strong>qua</strong></span> <span class='ocrx_word' id='word_1_94' title='bbox 1274 1467 1464 1554; x_wconf 90' lang='lat' dir='ltr'><strong>dementia</strong></span> <span class='ocrx_word' id='word_1_95' title='bbox 1481 1495 1564 1558; x_wconf 86' lang='lat' dir='ltr'><strong>tan·</strong></span> 
     </span>
     <span class='ocr_line' id='line_1_11' title="bbox 109 1581 1566 1704; baseline 0.002 -31"><span class='ocrx_word' id='word_1_96' title='bbox 109 1609 207 1673; x_wconf 90' lang='lat' dir='ltr'><strong>tum</strong></span> <span class='ocrx_word' id='word_1_97' title='bbox 218 1587 347 1693; x_wconf 87' lang='lat' dir='ltr'><strong>abest,</strong></span> <span class='ocrx_word' id='word_1_98' title='bbox 364 1607 408 1670; x_wconf 94' lang='lat' dir='ltr'><strong>ut</strong></span> <span class='ocrx_word' id='word_1_99' title='bbox 423 1583 625 1700; x_wconf 90' lang='lat' dir='ltr'><strong>quisquam</strong></span> <span class='ocrx_word' id='word_1_100' title='bbox 646 1581 806 1699; x_wconf 84' lang='lat' dir='ltr'><strong>gloriam</strong></span> <span class='ocrx_word' id='word_1_101' title='bbox 833 1607 1083 1698; x_wconf 81' lang='lat' dir='ltr'><strong>assequatur,</strong></span> <span class='ocrx_word' id='word_1_102' title='bbox 1095 1608 1139 1669; x_wconf 95' lang='lat' dir='ltr'><strong>ut</strong></span> <span class='ocrx_word' id='word_1_103' title='bbox 1166 1614 1195 1670; x_wconf 87' lang='lat' dir='ltr'><strong>st</strong></span> <span class='ocrx_word' id='word_1_104' title='bbox 1182 1584 1314 1701; x_wconf 93' lang='lat' dir='ltr'><strong>quid</strong></span> <span class='ocrx_word' id='word_1_105' title='bbox 1337 1588 1455 1704; x_wconf 87' lang='lat' dir='ltr'><strong>egerit</strong></span> <span class='ocrx_word' id='word_1_106' title='bbox 1479 1588 1566 1677; x_wconf 86' lang='lat' dir='ltr'><strong>lau-</strong></span> 
     </span>
     <span class='ocr_line' id='line_1_12' title="bbox 105 1647 1564 1847; baseline 0.003 -57"><span class='ocrx_word' id='word_1_107' title='bbox 105 1702 159 1802; x_wconf 89' lang='lat' dir='ltr'><strong>de</strong></span> <span class='ocrx_word' id='word_1_108' title='bbox 184 1733 266 1808; x_wconf 93' lang='lat' dir='ltr'><strong>non</strong></span> <span class='ocrx_word' id='word_1_109' title='bbox 290 1647 517 1837; x_wconf 84' lang='lat' dir='ltr'><strong>indignum,</strong></span> <span class='ocrx_word' id='word_1_110' title='bbox 539 1701 579 1789; x_wconf 91' lang='lat' dir='ltr'><strong>id</strong></span> <span class='ocrx_word' id='word_1_111' title='bbox 601 1725 729 1787; x_wconf 88' lang='lat' dir='ltr'><strong>totum</strong></span> <span class='ocrx_word' id='word_1_112' title='bbox 753 1700 970 1847; x_wconf 73' lang='lat' dir='ltr'><strong>importuna</strong></span> <span class='ocrx_word' id='word_1_113' title='bbox 994 1700 1194 1815; x_wconf 75' lang='lat' dir='ltr'><strong>jactatione</strong></span> <span class='ocrx_word' id='word_1_114' title='bbox 1209 1705 1372 1818; x_wconf 82' lang='lat' dir='ltr'><strong>perdat3</strong></span> <span class='ocrx_word' id='word_1_115' title='bbox 1400 1706 1495 1793; x_wconf 89' lang='lat' dir='ltr'><strong>dum</strong></span> <span class='ocrx_word' id='word_1_116' title='bbox 1514 1711 1564 1796; x_wconf 90' lang='lat' dir='ltr'><strong>ab</strong></span> 
     </span>
     <span class='ocr_line' id='line_1_13' title="bbox 107 1804 1568 1956; baseline 0.003 -49"><span class='ocrx_word' id='word_1_117' title='bbox 107 1804 324 1909; x_wconf 76' lang='lat' dir='ltr'><strong>odientibus</strong></span> <span class='ocrx_word' id='word_1_118' title='bbox 352 1820 493 1956; x_wconf 87' lang='lat' dir='ltr'><strong>partim</strong></span> <span class='ocrx_word' id='word_1_119' title='bbox 519 1819 699 1908; x_wconf 84' lang='lat' dir='ltr'><strong>invidiam</strong></span> <span class='ocrx_word' id='word_1_120' title='bbox 716 1880 728 1926; x_wconf 90' lang='lat'><strong>,</strong></span> <span class='ocrx_word' id='word_1_121' title='bbox 746 1814 897 1934; x_wconf 87' lang='lat' dir='ltr'><strong>partim</strong></span> <span class='ocrx_word' id='word_1_122' title='bbox 912 1819 1025 1906; x_wconf 89' lang='lat' dir='ltr'><strong>ctiam</strong></span> <span class='ocrx_word' id='word_1_123' title='bbox 1055 1844 1293 1907; x_wconf 86' lang='lat' dir='ltr'><strong>contemtum</strong></span> <span class='ocrx_word' id='word_1_124' title='bbox 1319 1847 1483 1910; x_wconf 89' lang='lat' dir='ltr'><strong>meretur</strong></span> <span class='ocrx_word' id='word_1_125' title='bbox 1511 1827 1568 1912; x_wconf 93' lang='lat' dir='ltr'><strong>in·</strong></span> 
     </span>
     <span class='ocr_line' id='line_1_14' title="bbox 104 1937 1568 2056; baseline 0.006 -31.031"><span class='ocrx_word' id='word_1_126' title='bbox 104 1937 242 2056; x_wconf 91' lang='lat' dir='ltr'><strong>itque.</strong></span> <span class='ocrx_word' id='word_1_127' title='bbox 271 1940 330 2026; x_wconf 84' lang='lat' dir='ltr'><strong>Fit</strong></span> <span class='ocrx_word' id='word_1_128' title='bbox 343 1937 476 2044; x_wconf 91' lang='lat' dir='ltr'><strong>enim,</strong></span> <span class='ocrx_word' id='word_1_129' title='bbox 493 1937 618 2023; x_wconf 88' lang='lat' dir='ltr'><strong>nescio</strong></span> <span class='ocrx_word' id='word_1_130' title='bbox 633 1966 715 2054; x_wconf 92' lang='lat' dir='ltr'><strong>quo</strong></span> <span class='ocrx_word' id='word_1_131' title='bbox 735 1961 881 2052; x_wconf 86' lang='lat' dir='ltr'><strong>pacto,</strong></span> <span class='ocrx_word' id='word_1_132' title='bbox 895 1963 940 2024; x_wconf 90' lang='lat' dir='ltr'><strong>ut</strong></span> <span class='ocrx_word' id='word_1_133' title='bbox 963 1937 1137 2026; x_wconf 88' lang='lat' dir='ltr'><strong>homines</strong></span> <span class='ocrx_word' id='word_1_134' title='bbox 1164 1940 1336 2025; x_wconf 88' lang='lat' dir='ltr'><strong>aliena</strong></span> <span class='ocrx_word' id='word_1_135' title='bbox 1299 1939 1390 2028; x_wconf 84' lang='lat' dir='ltr'><strong>vrtia</strong></span> <span class='ocrx_word' id='word_1_136' title='bbox 1412 1941 1568 2033; x_wconf 84' lang='lat' dir='ltr'><strong>libenter</strong></span> 
     </span>
     <span class='ocr_line' id='line_1_15' title="bbox 106 2055 1566 2195; baseline 0.004 -50"><span class='ocrx_word' id='word_1_137' title='bbox 106 2058 297 2165; x_wconf 87' lang='lat' dir='ltr'><strong>audiant,</strong></span> <span class='ocrx_word' id='word_1_138' title='bbox 312 2057 442 2149; x_wconf 88' lang='lat' dir='ltr'><strong>laudes</strong></span> <span class='ocrx_word' id='word_1_139' title='bbox 458 2079 666 2172; x_wconf 90' lang='lat' dir='ltr'><strong>utcumque</strong></span> <span class='ocrx_word' id='word_1_140' title='bbox 691 2085 774 2145; x_wconf 92' lang='lat' dir='ltr'><strong>non</strong></span> <span class='ocrx_word' id='word_1_141' title='bbox 801 2055 929 2172; x_wconf 86' lang='lat' dir='ltr'><strong>aequis</strong></span> <span class='ocrx_word' id='word_1_142' title='bbox 958 2058 1111 2145; x_wconf 90' lang='lat' dir='ltr'><strong>auribus</strong></span> <span class='ocrx_word' id='word_1_143' title='bbox 1138 2057 1348 2195; x_wconf 86' lang='lat' dir='ltr'><strong>accipiant.</strong></span> <span class='ocrx_word' id='word_1_144' title='bbox 1378 2058 1427 2146; x_wconf 92' lang='lat' dir='ltr'><strong>de</strong></span> <span class='ocrx_word' id='word_1_145' title='bbox 1449 2090 1490 2148; x_wconf 91' lang='lat' dir='ltr'><strong>sc</strong></span> <span class='ocrx_word' id='word_1_146' title='bbox 1503 2093 1566 2150; x_wconf 88' lang='lat' dir='ltr'><strong>ve·</strong></span> 
     </span>
     <span class='ocr_line' id='line_1_16' title="bbox 104 2171 1569 2294; baseline 0.003 -31.014"><span class='ocrx_word' id='word_1_147' title='bbox 104 2203 155 2275; x_wconf 92' lang='grc' dir='ltr'><strong>ιο</strong></span> <span class='ocrx_word' id='word_1_148' title='bbox 174 2176 394 2290; x_wconf 89' lang='lat' dir='ltr'><strong>importune</strong></span> <span class='ocrx_word' id='word_1_149' title='bbox 420 2175 700 2288; x_wconf 87' lang='lat' dir='ltr'><strong>praedicantem</strong></span> <span class='ocrx_word' id='word_1_150' title='bbox 726 2171 824 2262; x_wconf 85' lang='lat' dir='ltr'><strong>ferre</strong></span> <span class='ocrx_word' id='word_1_151' title='bbox 850 2173 1072 2293; x_wconf 89' lang='lat' dir='ltr'><strong>neutiquam</strong></span> <span class='ocrx_word' id='word_1_152' title='bbox 1100 2178 1267 2293; x_wconf 86' lang='lat' dir='ltr'><strong>possint.</strong></span> <span class='ocrx_word' id='word_1_153' title='bbox 1296 2176 1440 2294; x_wconf 87' lang='lat' dir='ltr'><strong>Neque</strong></span> <span class='ocrx_word' id='word_1_154' title='bbox 1465 2182 1569 2270; x_wconf 90' lang='lat' dir='ltr'><strong>enim</strong></span> 
     </span>
     <span class='ocr_line' id='line_1_17' title="bbox 107 2290 1569 2429; baseline 0.003 -47"><span class='ocrx_word' id='word_1_155' title='bbox 107 2292 175 2382; x_wconf 89' lang='lat' dir='ltr'><strong>ibo</strong></span> <span class='ocrx_word' id='word_1_156' title='bbox 198 2290 337 2381; x_wconf 88' lang='lat' dir='ltr'><strong>inficias</strong></span> <span class='ocrx_word' id='word_1_157' title='bbox 355 2292 544 2400; x_wconf 88' lang='lat' dir='ltr'><strong>,incidere</strong></span> <span class='ocrx_word' id='word_1_158' title='bbox 567 2321 860 2429; x_wconf 82' lang='lat' dir='ltr'><strong>nonnumquam</strong></span> <span class='ocrx_word' id='word_1_159' title='bbox 882 2319 1089 2409; x_wconf 88' lang='lat' dir='ltr'><strong>tempora,</strong></span> <span class='ocrx_word' id='word_1_160' title='bbox 1102 2324 1192 2381; x_wconf 89' lang='lat' dir='ltr'><strong>cum</strong></span> <span class='ocrx_word' id='word_1_161' title='bbox 1212 2324 1282 2380; x_wconf 88' lang='lat' dir='ltr'><strong>sua</strong></span> <span class='ocrx_word' id='word_1_162' title='bbox 1294 2292 1441 2381; x_wconf 81' lang='lat' dir='ltr'><strong>facta</strong></span> <span class='ocrx_word' id='word_1_163' title='bbox 1408 2321 1499 2383; x_wconf 76' lang='lat' dir='ltr'><strong>cntra</strong></span> <span class='ocrx_word' id='word_1_164' title='bbox 1515 2329 1569 2386; x_wconf 90' lang='lat' dir='ltr'><strong>re·</strong></span> 
     </span>
     <span class='ocr_line' id='line_1_18' title="bbox 109 2408 1570 2548; baseline 0.006 -52"><span class='ocrx_word' id='word_1_165' title='bbox 109 2408 455 2527; x_wconf 88' lang='lat' dir='ltr'><strong>prebensionem</strong></span> <span class='ocrx_word' id='word_1_166' title='bbox 423 2435 593 2525; x_wconf 85' lang='lat' dir='ltr'><strong>crtraque</strong></span> <span class='ocrx_word' id='word_1_167' title='bbox 618 2411 797 2501; x_wconf 83' lang='lat' dir='ltr'><strong>invidiam</strong></span> <span class='ocrx_word' id='word_1_168' title='bbox 811 2412 920 2499; x_wconf 84' lang='lat' dir='ltr'><strong>liccat</strong></span> <span class='ocrx_word' id='word_1_169' title='bbox 928 2413 1167 2548; x_wconf 78' lang='lat' dir='ltr'><strong>praedicare.</strong></span> <span class='ocrx_word' id='word_1_170' title='bbox 1199 2419 1251 2498; x_wconf 91' lang='lat' dir='ltr'><strong>Et</strong></span> <span class='ocrx_word' id='word_1_171' title='bbox 1275 2438 1369 2499; x_wconf 84' lang='lat' dir='ltr'><strong>tum</strong></span> <span class='ocrx_word' id='word_1_172' title='bbox 1392 2417 1570 2547; x_wconf 83' lang='lat' dir='ltr'><strong>maxime,</strong></span> 
     </span>
     <span class='ocr_line' id='line_1_19' title="bbox 107 2528 1568 2667; baseline 0.005 -53.019"><span class='ocrx_word' id='word_1_173' title='bbox 107 2552 158 2619; x_wconf 93' lang='lat' dir='ltr'><strong>ut</strong></span> <span class='ocrx_word' id='word_1_174' title='bbox 186 2529 275 2614; x_wconf 86' lang='lat' dir='ltr'><strong>mihi</strong></span> <span class='ocrx_word' id='word_1_175' title='bbox 296 2529 455 2667; x_wconf 89' lang='lat' dir='ltr'><strong>quidem</strong></span> <span class='ocrx_word' id='word_1_176' title='bbox 483 2529 666 2637; x_wconf 90' lang='lat' dir='ltr'><strong>videtur,</strong></span> <span class='ocrx_word' id='word_1_177' title='bbox 684 2560 794 2616; x_wconf 88' lang='lat' dir='ltr'><strong>cum</strong></span> <span class='ocrx_word' id='word_1_178' title='bbox 804 2529 875 2615; x_wconf 91' lang='lat' dir='ltr'><strong>tibi</strong></span> <span class='ocrx_word' id='word_1_179' title='bbox 901 2529 1035 2620; x_wconf 90' lang='lat' dir='ltr'><strong>vitium</strong></span> <span class='ocrx_word' id='word_1_180' title='bbox 1064 2530 1105 2618; x_wconf 91' lang='lat' dir='ltr'><strong>id</strong></span> <span class='ocrx_word' id='word_1_181' title='bbox 1132 2528 1333 2643; x_wconf 79' lang='lat' dir='ltr'><strong>objicitur,</strong></span> <span class='ocrx_word' id='word_1_182' title='bbox 1359 2530 1465 2645; x_wconf 73' lang='lat' dir='ltr'><strong>cuitu</strong></span> <span class='ocrx_word' id='word_1_183' title='bbox 1495 2566 1568 2650; x_wconf 84' lang='lat' dir='ltr'><strong>op·</strong></span> 
     </span>
     <span class='ocr_line' id='line_1_20' title="bbox 110 2646 1569 2837; baseline 0.005 -105"><span class='ocrx_word' id='word_1_184' title='bbox 110 2646 257 2763; x_wconf 88' lang='lat' dir='ltr'><strong>positae</strong></span> <span class='ocrx_word' id='word_1_185' title='bbox 271 2646 417 2736; x_wconf 85' lang='lat' dir='ltr'><strong>virtutis</strong></span> <span class='ocrx_word' id='word_1_186' title='bbox 437 2646 609 2735; x_wconf 90' lang='lat' dir='ltr'><strong>conscius</strong></span> <span class='ocrx_word' id='word_1_187' title='bbox 636 2677 706 2758; x_wconf 89' lang='lat' dir='ltr'><strong>es,</strong></span> <span class='ocrx_word' id='word_1_188' title='bbox 714 2672 771 2737; x_wconf 88' lang='lat' dir='ltr'><strong>et</strong></span> <span class='ocrx_word' id='word_1_189' title='bbox 794 2671 907 2765; x_wconf 88' lang='lat' dir='ltr'><strong>potes</strong></span> <span class='ocrx_word' id='word_1_190' title='bbox 931 2647 1058 2766; x_wconf 87' lang='lat' dir='ltr'><strong>aliqua</strong></span> <span class='ocrx_word' id='word_1_191' title='bbox 1086 2648 1319 2737; x_wconf 88' lang='lat' dir='ltr'><strong>documenta</strong></span> <span class='ocrx_word' id='word_1_192' title='bbox 1344 2652 1569 2837; x_wconf 83' lang='lat' dir='ltr'><strong>producere,</strong></span> 
     </span>
     <span class='ocr_line' id='line_1_21' title="bbox 45 2764 688 2883; baseline -0.003 -27"><span class='ocrx_word' id='word_1_193' title='bbox 45 2795 47 2798; x_wconf 83' lang='lat'>·</span> <span class='ocrx_word' id='word_1_194' title='bbox 110 2787 160 2856; x_wconf 91' lang='grc' dir='ltr'><strong>ιιι</strong></span> <span class='ocrx_word' id='word_1_195' title='bbox 176 2771 328 2855; x_wconf 84' lang='lat' dir='ltr'><strong>Turnus</strong></span> <span class='ocrx_word' id='word_1_196' title='bbox 351 2764 412 2854; x_wconf 83' lang='lat' dir='ltr'><strong>ille</strong></span> <span class='ocrx_word' id='word_1_197' title='bbox 433 2765 688 2883; x_wconf 77' lang='lat' dir='ltr'><strong>virgilianus:</strong></span> 
     </span>
    </p>
   </div>
   <div class='ocr_carea' id='block_1_3' title="bbox 268 2928 1361 3148">
    <p class='ocr_par' dir='ltr' id='par_1_3' title="bbox 268 2928 1361 3148">
     <span class='ocr_line' id='line_1_22' title="bbox 270 2928 1361 3048; baseline -0.001 -26"><span class='ocrx_word' id='word_1_198' title='bbox 270 2942 398 3022; x_wconf 79' lang='lat' dir='ltr'><strong>Haud</strong></span> <span class='ocrx_word' id='word_1_199' title='bbox 419 2947 480 3019; x_wconf 81' lang='lat' dir='ltr'><strong>ita</strong></span> <span class='ocrx_word' id='word_1_200' title='bbox 504 2967 559 3020; x_wconf 86' lang='lat' dir='ltr'><strong>ma</strong></span> <span class='ocrx_word' id='word_1_201' title='bbox 582 2949 747 3041; x_wconf 77' lang='lat' dir='ltr'><strong>experti</strong></span> <span class='ocrx_word' id='word_1_202' title='bbox 756 2941 894 3020; x_wconf 74' lang='lat' dir='ltr'><strong>Bitias</strong></span> <span class='ocrx_word' id='word_1_203' title='bbox 915 2957 954 3020; x_wconf 85' lang='lat' dir='ltr'><strong>at</strong></span> <span class='ocrx_word' id='word_1_204' title='bbox 970 2928 1224 3019; x_wconf 69' lang='lat' dir='ltr'><strong>Pandarus</strong></span> <span class='ocrx_word' id='word_1_205' title='bbox 1206 2967 1361 3048; x_wconf 78' lang='lat' dir='ltr'><strong>angens,</strong></span> 
     </span>
     <span class='ocr_line' id='line_1_23' title="bbox 268 3046 1214 3148; baseline -0.005 -22"><span class='ocrx_word' id='word_1_206' title='bbox 268 3049 334 3126; x_wconf 74' lang='lat' dir='ltr'><strong>Et</strong></span> <span class='ocrx_word' id='word_1_207' title='bbox 352 3069 443 3148; x_wconf 83' lang='lat' dir='ltr'><strong>quos</strong></span> <span class='ocrx_word' id='word_1_208' title='bbox 464 3049 568 3126; x_wconf 79' lang='lat' dir='ltr'><strong>mille</strong></span> <span class='ocrx_word' id='word_1_209' title='bbox 594 3049 657 3126; x_wconf 79' lang='lat' dir='ltr'><strong>die</strong></span> <span class='ocrx_word' id='word_1_210' title='bbox 681 3053 809 3124; x_wconf 78' lang='lat' dir='ltr'><strong>victor</strong></span> <span class='ocrx_word' id='word_1_211' title='bbox 833 3046 906 3124; x_wconf 83' lang='lat' dir='ltr'><strong>sub</strong></span> <span class='ocrx_word' id='word_1_212' title='bbox 925 3061 1088 3123; x_wconf 80' lang='lat' dir='ltr'><strong>tortora</strong></span> <span class='ocrx_word' id='word_1_213' title='bbox 1113 3052 1214 3125; x_wconf 77' lang='lat' dir='ltr'><strong>misi.</strong></span> 
     </span>
    </p>
   </div>
   <div class='ocr_carea' id='block_1_4' title="bbox 93 3188 1571 4413">
    <p class='ocr_par' dir='ltr' id='par_1_4' title="bbox 108 3188 1569 3562">
     <span class='ocr_line' id='line_1_24' title="bbox 108 3188 1569 3353; baseline 0.002 -32"><span class='ocrx_word' id='word_1_214' title='bbox 108 3232 245 3322; x_wconf 83' lang='lat' dir='ltr'><strong>Inter</strong></span> <span class='ocrx_word' id='word_1_215' title='bbox 231 3255 385 3353; x_wconf 75' lang='lat' dir='ltr'><strong>agnatos</strong></span> <span class='ocrx_word' id='word_1_216' title='bbox 409 3262 568 3352; x_wconf 90' lang='lat' dir='ltr'><strong>quoque</strong></span> <span class='ocrx_word' id='word_1_217' title='bbox 597 3258 816 3319; x_wconf 85' lang='lat' dir='ltr'><strong>concessum</strong></span> <span class='ocrx_word' id='word_1_218' title='bbox 831 3253 913 3337; x_wconf 85' lang='lat' dir='ltr'><strong>est,</strong></span> <span class='ocrx_word' id='word_1_219' title='bbox 938 3227 1006 3345; x_wconf 89' lang='lat' dir='ltr'><strong>qui</strong></span> <span class='ocrx_word' id='word_1_220' title='bbox 1037 3254 1077 3314; x_wconf 88' lang='lat' dir='ltr'><strong>se</strong></span> <span class='ocrx_word' id='word_1_221' title='bbox 1101 3225 1197 3340; x_wconf 85' lang='lat' dir='ltr'><strong>justa</strong></span> <span class='ocrx_word' id='word_1_222' title='bbox 1222 3228 1370 3317; x_wconf 86' lang='lat' dir='ltr'><strong>ratione</strong></span> <span class='ocrx_word' id='word_1_223' title='bbox 1401 3188 1569 3349; x_wconf 86' lang='lat' dir='ltr'><strong>ignorari</strong></span> 
     </span>
     <span class='ocr_line' id='line_1_25' title="bbox 108 3348 1565 3483; baseline -0.005 -38"><span class='ocrx_word' id='word_1_224' title='bbox 108 3380 193 3445; x_wconf 80' lang='lat' dir='ltr'><strong>non</strong></span> <span class='ocrx_word' id='word_1_225' title='bbox 207 3353 314 3460; x_wconf 87' lang='lat' dir='ltr'><strong>vult,</strong></span> <span class='ocrx_word' id='word_1_226' title='bbox 330 3385 413 3441; x_wconf 89' lang='lat' dir='ltr'><strong>suas</strong></span> <span class='ocrx_word' id='word_1_227' title='bbox 428 3354 589 3442; x_wconf 87' lang='lat' dir='ltr'><strong>virtutes</strong></span> <span class='ocrx_word' id='word_1_228' title='bbox 600 3351 694 3437; x_wconf 84' lang='lat' dir='ltr'><strong>citra</strong></span> <span class='ocrx_word' id='word_1_229' title='bbox 714 3348 1001 3483; x_wconf 81' lang='lat' dir='ltr'><strong>arrogantiam</strong></span> <span class='ocrx_word' id='word_1_230' title='bbox 984 3375 1311 3435; x_wconf 88' lang='lat' dir='ltr'><strong>commemorare:</strong></span> <span class='ocrx_word' id='word_1_231' title='bbox 1328 3351 1437 3465; x_wconf 89' lang='lat' dir='ltr'><strong>quod</strong></span> <span class='ocrx_word' id='word_1_232' title='bbox 1457 3352 1565 3467; x_wconf 81' lang='lat' dir='ltr'><strong>Ulys·</strong></span> 
     </span>
     <span class='ocr_line' id='line_1_26' title="bbox 110 3465 1568 3562; baseline -0.003 -4"><span class='ocrx_word' id='word_1_233' title='bbox 110 3500 190 3558; x_wconf 83' lang='lat' dir='ltr'><strong>sem</strong></span> <span class='ocrx_word' id='word_1_234' title='bbox 211 3500 250 3560; x_wconf 89' lang='lat' dir='ltr'><strong>et</strong></span> <span class='ocrx_word' id='word_1_235' title='bbox 268 3473 445 3560; x_wconf 86' lang='lat' dir='ltr'><strong>Aeneam</strong></span> <span class='ocrx_word' id='word_1_236' title='bbox 460 3470 667 3562; x_wconf 87' lang='lat' dir='ltr'><strong>divinos</strong></span> <span class='ocrx_word' id='word_1_237' title='bbox 631 3498 732 3558; x_wconf 80' lang='lat' dir='ltr'><strong>utros</strong></span> <span class='ocrx_word' id='word_1_238' title='bbox 756 3465 882 3554; x_wconf 79' lang='lat' dir='ltr'><strong>fecisse</strong></span> <span class='ocrx_word' id='word_1_239' title='bbox 906 3465 1056 3552; x_wconf 83' lang='lat' dir='ltr'><strong>maximi</strong></span> <span class='ocrx_word' id='word_1_240' title='bbox 1078 3489 1251 3553; x_wconf 86' lang='lat' dir='ltr'><strong>auctores</strong></span> <span class='ocrx_word' id='word_1_241' title='bbox 1275 3468 1568 3556; x_wconf 88' lang='lat' dir='ltr'><strong>tradidere.Li·</strong></span> 
     </span>
    </p>

    <p class='ocr_par' dir='ltr' id='par_1_5' title="bbox 107 3585 1568 3939">
     <span class='ocr_line' id='line_1_27' title="bbox 110 3585 1568 3704; baseline 0.001 -34"><span class='ocrx_word' id='word_1_242' title='bbox 110 3608 175 3670; x_wconf 91' lang='lat' dir='ltr'><strong>cet</strong></span> <span class='ocrx_word' id='word_1_243' title='bbox 200 3608 240 3671; x_wconf 92' lang='lat' dir='ltr'><strong>et</strong></span> <span class='ocrx_word' id='word_1_244' title='bbox 263 3614 407 3704; x_wconf 90' lang='lat' dir='ltr'><strong>magno</strong></span> <span class='ocrx_word' id='word_1_245' title='bbox 439 3611 535 3674; x_wconf 93' lang='lat' dir='ltr'><strong>natu</strong></span> <span class='ocrx_word' id='word_1_246' title='bbox 558 3587 644 3675; x_wconf 86' lang='lat' dir='ltr'><strong>viris</strong></span> <span class='ocrx_word' id='word_1_247' title='bbox 667 3587 740 3673; x_wconf 87' lang='lat' dir='ltr'><strong>suis</strong></span> <span class='ocrx_word' id='word_1_248' title='bbox 766 3585 943 3697; x_wconf 83' lang='lat' dir='ltr'><strong>exemplis</strong></span> <span class='ocrx_word' id='word_1_249' title='bbox 961 3586 1343 3671; x_wconf 86' lang='lat' dir='ltr'><strong>commemorandis</strong></span> <span class='ocrx_word' id='word_1_250' title='bbox 1334 3613 1489 3698; x_wconf 65' lang='lat' dir='ltr'><strong>juvenes</strong></span> <span class='ocrx_word' id='word_1_251' title='bbox 1514 3587 1568 3676; x_wconf 89' lang='lat' dir='ltr'><strong>ad</strong></span> 
     </span>
     <span class='ocr_line' id='line_1_28' title="bbox 110 3699 1568 3843; baseline 0.003 -54"><span class='ocrx_word' id='word_1_252' title='bbox 110 3699 294 3789; x_wconf 80' lang='lat' dir='ltr'><strong>virtutem</strong></span> <span class='ocrx_word' id='word_1_253' title='bbox 317 3702 536 3793; x_wconf 89' lang='lat' dir='ltr'><strong>cohortari:</strong></span> <span class='ocrx_word' id='word_1_254' title='bbox 554 3732 674 3838; x_wconf 85' lang='lat' dir='ltr'><strong>quam</strong></span> <span class='ocrx_word' id='word_1_255' title='bbox 698 3700 885 3787; x_wconf 87' lang='lat' dir='ltr'><strong>licentiam</strong></span> <span class='ocrx_word' id='word_1_256' title='bbox 907 3699 1143 3809; x_wconf 81' lang='lat' dir='ltr'><strong>Nestorem,</strong></span> <span class='ocrx_word' id='word_1_257' title='bbox 1159 3702 1309 3791; x_wconf 88' lang='lat' dir='ltr'><strong>nemine</strong></span> <span class='ocrx_word' id='word_1_258' title='bbox 1333 3699 1568 3843; x_wconf 84' lang='lat' dir='ltr'><strong>refragante,</strong></span> 
     </span>
     <span class='ocr_line' id='line_1_29' title="bbox 107 3819 774 3957; baseline -0.005 -47"><span class='ocrx_word' id='word_1_259' title='bbox 107 3819 180 3910; x_wconf 87' lang='lat' dir='ltr'><strong>sibi</strong></span> <span class='ocrx_word' id='word_1_260' title='bbox 204 3821 295 3907; x_wconf 90' lang='lat' dir='ltr'><strong>olim</strong></span> <span class='ocrx_word' id='word_1_261' title='bbox 315 3823 517 3957; x_wconf 89' lang='lat' dir='ltr'><strong>permisisse</strong></span> <span class='ocrx_word' id='word_1_262' title='bbox 541 3819 774 3957; x_wconf 60' lang='lat' dir='ltr'><strong>accepimum</strong></span> 
     </span>
    </p>

    <p class='ocr_par' dir='ltr' id='par_1_6' title="bbox 93 3936 1571 4413">
     <span class='ocr_line' id='line_1_30' title="bbox 93 3936 1571 4076; baseline 0.003 -50"><span class='ocrx_word' id='word_1_263' title='bbox 93 3939 97 3943; x_wconf 73' lang='grc'>’</span> <span class='ocrx_word' id='word_1_264' title='bbox 181 3940 315 4026; x_wconf 90' lang='lat' dir='ltr'><strong>XXV.</strong></span> <span class='ocrx_word' id='word_1_265' title='bbox 374 3940 552 4057; x_wconf 90' lang='lat' dir='ltr'><strong>Denique</strong></span> <span class='ocrx_word' id='word_1_266' title='bbox 581 3939 649 4025; x_wconf 91' lang='lat' dir='ltr'><strong>nisi</strong></span> <span class='ocrx_word' id='word_1_267' title='bbox 679 3968 737 4025; x_wconf 89' lang='lat' dir='ltr'><strong>res</strong></span> <span class='ocrx_word' id='word_1_268' title='bbox 765 3937 843 4054; x_wconf 92' lang='lat' dir='ltr'><strong>ipsa</strong></span> <span class='ocrx_word' id='word_1_269' title='bbox 865 3963 1088 4055; x_wconf 88' lang='lat' dir='ltr'><strong>tempusque</strong></span> <span class='ocrx_word' id='word_1_270' title='bbox 1118 3966 1271 4076; x_wconf 84' lang='lat' dir='ltr'><strong>poscere</strong></span> <span class='ocrx_word' id='word_1_271' title='bbox 1298 3936 1502 4048; x_wconf 88' lang='lat' dir='ltr'><strong>videatur,</strong></span> <span class='ocrx_word' id='word_1_272' title='bbox 1527 3970 1571 4030; x_wconf 85' lang='lat' dir='ltr'><strong>se</strong></span> 
     </span>
     <span class='ocr_line' id='line_1_31' title="bbox 106 4054 1567 4172; baseline 0 -27"><span class='ocrx_word' id='word_1_273' title='bbox 106 4054 235 4172; x_wconf 87' lang='lat' dir='ltr'><strong>ipsum</strong></span> <span class='ocrx_word' id='word_1_274' title='bbox 258 4057 413 4147; x_wconf 85' lang='lat' dir='ltr'><strong>laudare</strong></span> <span class='ocrx_word' id='word_1_275' title='bbox 432 4085 602 4147; x_wconf 74' lang='lat' dir='ltr'><strong>summm</strong></span> <span class='ocrx_word' id='word_1_276' title='bbox 632 4057 845 4145; x_wconf 87' lang='lat' dir='ltr'><strong>dementiae</strong></span> <span class='ocrx_word' id='word_1_277' title='bbox 872 4082 912 4144; x_wconf 92' lang='lat' dir='ltr'><strong>et</strong></span> <span class='ocrx_word' id='word_1_278' title='bbox 936 4057 1170 4147; x_wconf 89' lang='lat' dir='ltr'><strong>invidiosae</strong></span> <span class='ocrx_word' id='word_1_279' title='bbox 1160 4056 1343 4144; x_wconf 87' lang='lat' dir='ltr'><strong>manitatis</strong></span> <span class='ocrx_word' id='word_1_280' title='bbox 1365 4087 1443 4145; x_wconf 89' lang='lat' dir='ltr'><strong>esse</strong></span> <span class='ocrx_word' id='word_1_281' title='bbox 1470 4088 1567 4145; x_wconf 89' lang='lat' dir='ltr'><strong>sem·</strong></span> 
     </span>
     <span class='ocr_line' id='line_1_32' title="bbox 114 4175 1568 4312; baseline -0.001 -47"><span class='ocrx_word' id='word_1_282' title='bbox 114 4205 183 4290; x_wconf 85' lang='lat' dir='ltr'><strong>per</strong></span> <span class='ocrx_word' id='word_1_283' title='bbox 208 4178 366 4293; x_wconf 83' lang='lat' dir='ltr'><strong>putavi</strong></span> <span class='ocrx_word' id='word_1_284' title='bbox 392 4183 450 4265; x_wconf 90' lang='lat' dir='ltr'><strong>lta</strong></span> <span class='ocrx_word' id='word_1_285' title='bbox 473 4205 542 4294; x_wconf 80' lang='lat' dir='ltr'><strong>qtu</strong></span> <span class='ocrx_word' id='word_1_286' title='bbox 528 4176 750 4296; x_wconf 89' lang='lat' dir='ltr'><strong>gloriosos</strong></span> <span class='ocrx_word' id='word_1_287' title='bbox 778 4176 950 4264; x_wconf 90' lang='lat' dir='ltr'><strong>homines</strong></span> <span class='ocrx_word' id='word_1_288' title='bbox 977 4175 1163 4264; x_wconf 88' lang='lat' dir='ltr'><strong>damnant</strong></span> <span class='ocrx_word' id='word_1_289' title='bbox 1178 4203 1390 4312; x_wconf 85' lang='lat' dir='ltr'><strong>,magnum</strong></span> <span class='ocrx_word' id='word_1_290' title='bbox 1414 4176 1478 4260; x_wconf 88' lang='lat' dir='ltr'><strong>illi</strong></span> <span class='ocrx_word' id='word_1_291' title='bbox 1487 4177 1568 4293; x_wconf 92' lang='lat' dir='ltr'><strong>qui·</strong></span> 
     </span>
     <span class='ocr_line' id='line_1_33' title="bbox 112 4235 1567 4413; baseline 0.001 -33.007"><span class='ocrx_word' id='word_1_292' title='bbox 112 4293 268 4380; x_wconf 89' lang='lat' dir='ltr'><strong>dem</strong></span> <span class='ocrx_word' id='word_1_293' title='bbox 233 4297 366 4385; x_wconf 85' lang='lat' dir='ltr'><strong>vrtium</strong></span> <span class='ocrx_word' id='word_1_294' title='bbox 395 4297 652 4384; x_wconf 87' lang='lat' dir='ltr'><strong>insectanntr:</strong></span> <span class='ocrx_word' id='word_1_295' title='bbox 682 4297 746 4384; x_wconf 87' lang='lat' dir='ltr'><strong>sed</strong></span> <span class='ocrx_word' id='word_1_296' title='bbox 769 4320 959 4413; x_wconf 88' lang='lat' dir='ltr'><strong>quantum</strong></span> <span class='ocrx_word' id='word_1_297' title='bbox 986 4295 1063 4381; x_wconf 85' lang='lat' dir='ltr'><strong>hoc</strong></span> <span class='ocrx_word' id='word_1_298' title='bbox 1087 4294 1138 4376; x_wconf 90' lang='lat' dir='ltr'><strong>ab</strong></span> <span class='ocrx_word' id='word_1_299' title='bbox 1159 4235 1219 4377; x_wconf 86' lang='lat' dir='ltr'><strong>illa</strong></span> <span class='ocrx_word' id='word_1_300' title='bbox 1240 4293 1354 4380; x_wconf 89' lang='lat' dir='ltr'><strong>animi</strong></span> <span class='ocrx_word' id='word_1_301' title='bbox 1378 4296 1567 4412; x_wconf 86' lang='lat' dir='ltr'><strong>generosi</strong></span> 
     </span>
    </p>
   </div>
   <div class='ocr_carea' id='block_1_5' title="bbox 109 4413 1567 4906">
    <p class='ocr_par' dir='ltr' id='par_1_7' title="bbox 109 4413 1567 4889">
     <span class='ocr_line' id='line_1_34' title="bbox 114 4413 1567 4551; baseline 0.003 -55"><span class='ocrx_word' id='word_1_302' title='bbox 114 4436 196 4498; x_wconf 89' lang='lat' dir='ltr'><strong>tate</strong></span> <span class='ocrx_word' id='word_1_303' title='bbox 224 4415 450 4519; x_wconf 87' lang='lat' dir='ltr'><strong>abhorreat,</strong></span> <span class='ocrx_word' id='word_1_304' title='bbox 474 4445 593 4534; x_wconf 90' lang='lat' dir='ltr'><strong>quam</strong></span> <span class='ocrx_word' id='word_1_305' title='bbox 622 4414 894 4551; x_wconf 82' lang='lat' dir='ltr'><strong>appetitionem</strong></span> <span class='ocrx_word' id='word_1_306' title='bbox 924 4413 1065 4532; x_wconf 91' lang='lat' dir='ltr'><strong>gloriae</strong></span> <span class='ocrx_word' id='word_1_307' title='bbox 1092 4438 1379 4529; x_wconf 88' lang='lat' dir='ltr'><strong>nuncupamus,</strong></span> <span class='ocrx_word' id='word_1_308' title='bbox 1400 4413 1486 4502; x_wconf 90' lang='lat' dir='ltr'><strong>satis</strong></span> <span class='ocrx_word' id='word_1_309' title='bbox 1507 4444 1567 4501; x_wconf 88' lang='lat' dir='ltr'><strong>ar·</strong></span> 
     </span>
     <span class='ocr_line' id='line_1_35' title="bbox 113 4529 1567 4672; baseline 0.002 -57.002"><span class='ocrx_word' id='word_1_310' title='bbox 113 4529 236 4631; x_wconf 88' lang='lat' dir='ltr'><strong>bitror</strong></span> <span class='ocrx_word' id='word_1_311' title='bbox 265 4534 513 4672; x_wconf 78' lang='lat' dir='ltr'><strong>explicatum.</strong></span> <span class='ocrx_word' id='word_1_312' title='bbox 538 4538 787 4671; x_wconf 88' lang='lat' dir='ltr'><strong>Quamquam</strong></span> <span class='ocrx_word' id='word_1_313' title='bbox 807 4533 941 4622; x_wconf 89' lang='lat' dir='ltr'><strong>vitium</strong></span> <span class='ocrx_word' id='word_1_314' title='bbox 962 4530 1056 4619; x_wconf 87' lang='lat' dir='ltr'><strong>illud-</strong></span> <span class='ocrx_word' id='word_1_315' title='bbox 1079 4554 1227 4617; x_wconf 89' lang='lat' dir='ltr'><strong>constat</strong></span> <span class='ocrx_word' id='word_1_316' title='bbox 1241 4532 1464 4668; x_wconf 86' lang='lat' dir='ltr'><strong>plerumque</strong></span> <span class='ocrx_word' id='word_1_317' title='bbox 1477 4560 1567 4618; x_wconf 86' lang='lat' dir='ltr'><strong>cau·</strong></span> 
     </span>
     <span class='ocr_line' id='line_1_36' title="bbox 109 4645 1565 4769; baseline 0.001 -35"><span class='ocrx_word' id='word_1_318' title='bbox 109 4678 195 4735; x_wconf 81' lang='lat' dir='ltr'><strong>sam</strong></span> <span class='ocrx_word' id='word_1_319' title='bbox 219 4647 389 4738; x_wconf 83' lang='lat' dir='ltr'><strong>luisse</strong></span> <span class='ocrx_word' id='word_1_320' title='bbox 349 4653 524 4742; x_wconf 84' lang='lat' dir='ltr'><strong>vrrtutis.</strong></span> <span class='ocrx_word' id='word_1_321' title='bbox 552 4656 676 4769; x_wconf 87' lang='lat' dir='ltr'><strong>Pudet</strong></span> <span class='ocrx_word' id='word_1_322' title='bbox 698 4652 800 4739; x_wconf 89' lang='lat' dir='ltr'><strong>enim</strong></span> <span class='ocrx_word' id='word_1_323' title='bbox 825 4651 947 4738; x_wconf 89' lang='lat' dir='ltr'><strong>modo</strong></span> <span class='ocrx_word' id='word_1_324' title='bbox 972 4678 1112 4768; x_wconf 88' lang='lat' dir='ltr'><strong>magna</strong></span> <span class='ocrx_word' id='word_1_325' title='bbox 1140 4645 1354 4766; x_wconf 88' lang='lat' dir='ltr'><strong>professos,</strong></span> <span class='ocrx_word' id='word_1_326' title='bbox 1384 4651 1414 4735; x_wconf 86' lang='lat' dir='ltr'><strong>si</strong></span> <span class='ocrx_word' id='word_1_327' title='bbox 1437 4680 1494 4736; x_wconf 90' lang='lat' dir='ltr'><strong>res</strong></span> <span class='ocrx_word' id='word_1_328' title='bbox 1510 4647 1565 4738; x_wconf 85' lang='lat' dir='ltr'><strong>of·</strong></span> 
     </span>
     <span class='ocr_line' id='line_1_37' title="bbox 112 4763 1564 4906; baseline -0.001 -53"><span class='ocrx_word' id='word_1_329' title='bbox 112 4763 242 4855; x_wconf 83' lang='lat' dir='ltr'><strong>licium</strong></span> <span class='ocrx_word' id='word_1_330' title='bbox 265 4799 426 4889; x_wconf 86' lang='lat' dir='ltr'><strong>poscat,</strong></span> <span class='ocrx_word' id='word_1_331' title='bbox 440 4769 545 4860; x_wconf 85' lang='lat' dir='ltr'><strong>lactis</strong></span> <span class='ocrx_word' id='word_1_332' title='bbox 571 4802 653 4860; x_wconf 92' lang='lat' dir='ltr'><strong>non</strong></span> <span class='ocrx_word' id='word_1_333' title='bbox 674 4772 800 4888; x_wconf 86' lang='lat' dir='ltr'><strong>aliqua</strong></span> <span class='ocrx_word' id='word_1_334' title='bbox 822 4799 868 4857; x_wconf 83' lang='lat' dir='ltr'><strong>ex</strong></span> <span class='ocrx_word' id='word_1_335' title='bbox 887 4794 1026 4906; x_wconf 34' lang='lat' dir='ltr'><strong>partem</strong></span> <span class='ocrx_word' id='word_1_336' title='bbox 1007 4769 1112 4856; x_wconf 88' lang='lat' dir='ltr'><strong>dictis</strong></span> <span class='ocrx_word' id='word_1_337' title='bbox 1140 4768 1392 4883; x_wconf 87' lang='lat' dir='ltr'><strong>respondere</strong></span> <span class='ocrx_word' id='word_1_338' title='bbox 1422 4772 1476 4854; x_wconf 91' lang='lat' dir='ltr'><strong>At</strong></span> <span class='ocrx_word' id='word_1_339' title='bbox 1491 4767 1564 4856; x_wconf 88' lang='lat' dir='ltr'><strong>bel·</strong></span> 
     </span>
    </p>
   </div>
   <div class='ocr_carea' id='block_1_6' title="bbox 108 4883 1688 5122">
    <p class='ocr_par' dir='ltr' id='par_1_8' title="bbox 108 4883 1688 5122">
     <span class='ocr_line' id='line_1_38' title="bbox 112 4883 1564 5057; baseline -0.008 -75"><span class='ocrx_word' id='word_1_340' title='bbox 112 4883 151 4982; x_wconf 81' lang='lat' dir='ltr'><strong>la</strong></span> <span class='ocrx_word' id='word_1_341' title='bbox 181 4887 283 4981; x_wconf 86' lang='lat' dir='ltr'><strong>illata</strong></span> <span class='ocrx_word' id='word_1_342' title='bbox 309 4921 421 5012; x_wconf 87' lang='lat' dir='ltr'><strong>saepe</strong></span> <span class='ocrx_word' id='word_1_343' title='bbox 448 4891 596 4985; x_wconf 83' lang='lat' dir='ltr'><strong>inin&#39;um</strong></span> <span class='ocrx_word' id='word_1_344' title='bbox 622 4891 764 4984; x_wconf 82' lang='lat' dir='ltr'><strong>babent</strong></span> <span class='ocrx_word' id='word_1_345' title='bbox 795 4889 850 4980; x_wconf 83' lang='lat' dir='ltr'><strong>ab</strong></span> <span class='ocrx_word' id='word_1_346' title='bbox 876 4887 1105 5057; x_wconf 81' lang='lat' dir='ltr'><strong>appetitione</strong></span> <span class='ocrx_word' id='word_1_347' title='bbox 1134 4887 1305 5006; x_wconf 85' lang='lat' dir='ltr'><strong>gloriae</strong></span> <span class='ocrx_word' id='word_1_348' title='bbox 1344 4886 1559 4993; x_wconf 88' lang='lat' dir='ltr'><strong>Credo,</strong></span> <span class='ocrx_word' id='word_1_349' title='bbox 1532 4914 1564 4971; x_wconf 82' lang='grc' dir='ltr'><strong>ιι</strong></span> 
     </span>
     <span class='ocr_line' id='line_1_39' title="bbox 108 5001 1688 5122; baseline -0.009 -15"><span class='ocrx_word' id='word_1_350' title='bbox 108 5104 112 5107; x_wconf 82' lang='grc'><em>,</em></span> <span class='ocrx_word' id='word_1_351' title='bbox 197 5100 202 5109; x_wconf 84' lang='grc'><strong>,</strong></span> <span class='ocrx_word' id='word_1_352' title='bbox 1509 5001 1567 5122; x_wconf 75' lang='lat' dir='ltr'><strong>iu·</strong></span> <span class='ocrx_word' id='word_1_353' title='bbox 1687 5066 1688 5069; x_wconf 16' lang='grc' dir='ltr'><strong><em>κ</em></strong></span> 
     </span>
    </p>
   </div>
   <div class='ocr_carea' id='block_1_7' title="bbox 0 0 2038 5858">
    <p class='ocr_par' dir='ltr' id='par_1_9' title="bbox 0 0 2038 5858">
     <span class='ocr_line' id='line_1_40' title="bbox 0 0 2038 5858; baseline 0 0"><span class='ocrx_word' id='word_1_354' title='bbox 0 0 2038 5858; x_wconf 95' lang='lat' dir='ltr'><strong> </strong></span> 
     </span>
    </p>
   </div>
  </div>
 </body>
</html>
