4050 5858
447 417 453 430 .
512 397 579 463 27⁰
986 361 1420 434 DEMOCRATES

489 495 644 583 morbus
663 554 675 599 ,
692 490 811 578 timeri
840 487 997 606 quidem
1020 517 1102 574 non
1124 485 1295 590 debent,
1322 483 1413 568 nihil
1436 482 1535 566 enim
1565 482 1733 566 metuere
1761 479 1946 594 oportet,

488 613 598 729 quod
619 641 699 696 non
732 611 776 696 sit
804 639 828 693 a
853 609 965 725 eulpa
989 633 1120 694 nostra
1144 604 1382 720 profectum:
1412 601 1479 717 qui
1500 625 1630 687 tamen
1658 598 1795 682 harum
1823 626 1949 686 rerum

488 733 623 817 timore
639 760 717 814 non
735 725 944 844 frangitur,
962 727 1063 812 hunc
1080 724 1267 810 liberalem
1283 747 1323 808 et
1339 721 1589 823 tolerantem,
1606 742 1673 802 aut
1688 715 1805 801 talem
1820 747 1949 834 quem·

490 849 580 936 dam
603 877 682 934 non
706 852 786 933 sine
807 847 920 932 laude
947 873 1209 960 nuncupamus
1227 839 1393 927 :fortem
1419 862 1520 925 certe
1543 864 1612 922 nec
1637 835 1760 921 dicere
1777 836 1949 944 solemus,

489 996 561 1053 nec
587 965 722 1052 sentite
738 1026 750 1070 ,
766 991 1030 1080 praeterquam
1055 992 1121 1077 per
1145 959 1426 1046 translationem
1444 1019 1457 1063 ,
1472 981 1513 1042 et
1537 953 1756 1040 tolerantiae
1788 953 1949 1040 similitu·

489 1087 643 1173 dinem:
671 1080 776 1168 fortis
797 1081 897 1168 enim
921 1079 1226 1168 tolerantissimus
1254 1102 1310 1164 est
1340 1076 1526 1161 malorum
1544 1132 1556 1178 ,
1572 1099 1672 1188 quae
1698 1069 1854 1157 crimine
1880 1103 1948 1162 va·

489 1228 578 1290 cant
595 1264 607 1308 ‚
622 1230 790 1318 quotum
805 1202 896 1315 quia
923 1229 1025 1286 mors
1051 1223 1106 1285 est
1134 1194 1389 1284 terribilissima
1405 1255 1418 1300 ,
1433 1189 1595 1278 efficitur
1612 1250 1625 1295 ,
1644 1188 1773 1305 utqui
1799 1189 1839 1273 in
1856 1221 1949 1278 mot·

490 1323 535 1420 tis
552 1323 733 1407 honestae
757 1318 925 1432 periculis
950 1314 1148 1403 infractum
1181 1313 1468 1428 interritumque
1502 1309 1671 1395 animum
1687 1306 1847 1422 praebet
1864 1371 1877 1415 ,
1894 1310 1948 1398 hic

491 1440 591 1539 solus
618 1437 773 1523 nomine
802 1466 872 1522 suo
897 1436 952 1523 vir
981 1432 1086 1520 fortis
1113 1431 1388 1519 consuetudine
1417 1454 1680 1543 consensuque
1706 1428 1947 1540 prudentium

492 1558 691 1642 hominum
707 1554 932 1669 appelletur:
950 1577 1008 1638 est
1023 1576 1151 1638 autem
1167 1580 1269 1639 mors
1286 1549 1467 1654 honesta,
1483 1574 1583 1663 quae
1607 1545 1765 1659 propter
1780 1543 1948 1633 honesta·

493 1699 572 1774 tem
598 1698 637 1759 et
659 1673 831 1786 justitiam
853 1671 1070 1787 oppetitur,
1087 1692 1132 1755 ut
1156 1670 1195 1754 in
1221 1667 1323 1755 bellis
1348 1665 1443 1778 justa
1458 1667 1508 1753 de
1529 1692 1641 1751 causa
1664 1663 1866 1776 susceptis,
1885 1665 1951 1749 ubi

491 1791 630 1889 uiribus
643 1815 699 1876 est
714 1789 818 1875 locus
835 1851 848 1896 ,
864 1789 1024 1904 licetque
1040 1784 1185 1875 fortiter
1200 1811 1239 1874 et
1256 1785 1415 1873 viriliter*
1427 1812 1558 1902 agere.
1584 1783 1831 1897 Quamquam
1847 1782 1951 1870 enim

491 1909 531 1993 in
564 1909 729 2013 morbo,
753 1929 819 1992 aut
847 1903 1075 2023 naufragio,
1098 1906 1160 1992 vel
1186 1903 1379 1990 ruentibus
1405 1900 1620 1988 fulminibus
1651 1898 1708 1985 vir
1741 1895 1847 1986 fortis
1872 1929 1950 1987 non

492 2025 701 2111 succumbit
724 2022 883 2129 timori,
907 2054 994 2109 nam
1024 2023 1139 2139 paulo
1170 2021 1427 2109 vehementius
1459 2050 1541 2107 non
1569 2018 1805 2105 commoveri
1831 2018 1950 2132 majus

494 2167 550 2228 εει
574 2144 740 2226 humana
772 2140 975 2244 firmitate3
997 2143 1037 2226 in
1069 2141 1180 2254 hujus
1209 2166 1338 2227 tamen
1363 2138 1508 2256 generis
1532 2135 1714 2223 mortibus
1736 2135 1954 2254 talibusque

494 2259 660 2376 periculis
684 2256 912 2347 fortitudinis
936 2258 1114 2373 splendor
1141 2288 1274 2372 parum
1296 2257 1494 2344 elucescit.

556 2381 663 2462 XXI.
722 2382 779 2461 Ac
804 2373 1062 2463 fortitudinem
1088 2376 1243 2492 quidem
1269 2376 1385 2462 talem
1440 2375 1621 2462 uamdam
1638 2374 1817 2462 virtutem
1843 2373 1951 2460 intel·

494 2493 641 2613 ligimus
657 2556 668 2600 ,
684 2522 763 2608 qua
787 2494 942 2609 cognita
972 2494 1076 2579 haud
1104 2522 1192 2579 sane
1222 2490 1332 2579 suerit
1364 2405 1538 2597 dificile,
1559 2492 1608 2578 de
1633 2493 1829 2578 contrariis
1862 2493 1953 2580 vitiis

496 2614 752 2698 constituere:
780 2641 880 2727 quae
901 2611 1036 2727 duplici
1064 2640 1201 2728 genere
1226 2640 1390 2698 excessus
1414 2637 1454 2698 et
1479 2607 1681 2716 defectus,
1708 2634 1752 2696 ut
1774 2610 1953 2727 pleraque

496 2730 651 2835 omnia,
665 2729 905 2814 continentur
920 2760 929 2813 :
947 2728 1165 2814 excedendo
1188 2755 1306 2844 porro
1322 2729 1474 2815 duobus
1499 2728 1659 2815 omnino
1684 2729 1806 2814 modis
1827 2758 1953 2844 pecca·

498 2873 561 2934 tut
578 2878 587 2931 :
604 2871 672 2931 aut
694 2845 794 2931 enim
819 2844 1051 2934 confidendo
1074 2846 1157 2961 quis
1184 2846 1222 2931 in
1250 2845 1431 2933 adeundis
1454 2845 1618 2961 periculis
1644 2870 1867 2960 exsuperat,
1884 2876 1955 2931 au·

500 2967 650 3079 daxque
676 2988 835 3050 vocatur
850 2993 864 3068 ·,
880 2988 947 3049 aut
971 2963 1193 3051 sustinendis
1220 2964 1311 3049 nihil
1331 2965 1465 3070 timet,
1485 2992 1534 3050 ne
1562 2993 1608 3050 ea
1639 2965 1829 3080 quidem,
1855 2987 1954 3080 quae

501 3084 595 3169 vires
623 3082 807 3167 humanas
836 3082 1050 3186 excedunt,
1067 3109 1113 3168 ut
1140 3106 1259 3168 tetrae
1283 3108 1408 3168 motus
1438 3106 1479 3169 et
1510 3082 1619 3168 matis
1645 3107 1887 3197 tempestates
1919 3105 1955 3168 et

502 3197 681 3302 fulmina:
706 3200 814 3315 quod
847 3199 981 3286 vitium
1013 3226 1138 3314 neque
1167 3199 1269 3313 apud
1293 3205 1490 3306 Graecos,
1511 3229 1637 3317 neque
1666 3202 1772 3316 apud
1803 3200 1954 3287 Latinos

503 3346 646 3404 nomen
667 3317 966 3422 invenit,-credo
983 3377 996 3422 ,
1012 3318 1101 3430 quia
1125 3345 1213 3403 raro
1237 3318 1338 3403 cadit
1362 3319 1400 3402 in
1420 3319 1593 3405 homines
1615 3319 1731 3434 paulo
1756 3320 1879 3405 modo
1894 3318 1953 3403 hu

504 3435 712 3537 maniores:
740 3437 805 3522 sed
821 3434 910 3549 quia
942 3464 1075 3550 parum
1106 3436 1233 3521 abesse
1258 3435 1436 3523 videntur
1462 3466 1486 3521 a
1513 3437 1729 3543 dementia,
1745 3437 1885 3524 idcireo
1916 3437 1956 3519 in

504 3582 622 3670 quem
654 3552 753 3639 cadit
773 3615 785 3657 ,
805 3551 907 3637 hunc
942 3554 1062 3639 modo
1090 3553 1343 3657 dementem,
1363 3554 1554 3641 interdum
1583 3555 1771 3671 appellare
1797 3555 1956 3642 solemus

505 3672 719 3786 stupidum.
748 3677 802 3757 At
825 3669 892 3784 qui
919 3669 1069 3756 infirmo
1098 3671 1225 3757 animo
1254 3672 1384 3758 estad
1411 3673 1576 3788 pericula
1605 3673 1837 3779 subeunda,
1861 3672 1956 3758 timi-

507 3790 578 3874 dus
599 3791 627 3874 is
652 3813 768 3903 atque
789 3787 948 3904 ignavus
971 3788 1176 3903 appellatur
1192 3850 1205 3895 ,
1223 3790 1302 3877 sive
1327 3789 1410 3904 plus
1438 3814 1584 3876 metuat
1599 3853 1612 3897 ,
1626 3821 1695 3877 seu
1718 3792 1844 3876 minus
1874 3818 1960 3875 con·

506 3904 629 4011 fidat,
654 3936 771 4020 quam
799 3930 979 4023 oportet:
1008 3907 1057 3991 sic
1082 3907 1183 3992 enim
1210 3906 1403 4023 dupliciter
1431 3908 1506 3994 hoc
1535 3939 1694 4025 quoque
1718 3909 1757 3995 in
1790 3932 1959 3995 extremo

508 4022 755 4139 delinquitur.
787 4027 829 4107 ln
853 4024 990 4140 quibus
1015 4025 1190 4112 omnibus
1217 4025 1466 4112 discernendis
1497 4056 1575 4112 una
1599 4053 1655 4114 est
1678 4026 1877 4115 certissima
1904 4053 1959 4111 te·

506 4141 595 4258 gula
617 4172 639 4225 a
665 4141 888 4255 sapientibus
917 4140 1083 4246 tradita,
1100 4169 1139 4229 et
1161 4173 1185 4226 a
1213 4143 1322 4229 nobis
1353 4145 1518 4231 tenenda
1543 4145 1819 4263 diligenterque
1846 4144 1956 4231 adhi-

507 4259 633 4360 benda
650 4317 663 4362 ,
680 4282 724 4344 ut
747 4259 812 4374 qui
842 4260 880 4343 in
908 4260 974 4362 iis,
991 4289 1091 4374 quae
1121 4290 1232 4376 supra
1249 4261 1433 4367 diximus,
1451 4263 1581 4350 mortis
1607 4265 1773 4379 periculis
1806 4265 1957 4349 sustinet

473 4375 478 4385 ’
508 4400 622 4490 atque
648 4376 792 4480 audet,
810 4403 878 4463 aut
903 4378 1056 4471 vicissim
1082 4379 1214 4465 metuit
1228 4408 1327 4496 quae
1358 4407 1397 4465 et
1421 4379 1565 4499 gratia,
1581 4383 1684 4496 cujus
1709 4406 1895 4498 oportet,
1921 4402 1959 4464 et

507 4493 835 4608 quemadmodum
863 4521 1015 4608 oportet
1033 4558 1046 4602 ‚
1064 4521 1106 4584 et
1118 4525 1201 4611 quo
1225 4522 1398 4611 tempore
1414 4527 1601 4613 ,quarum
1627 4530 1752 4588 retum
1778 4500 1958 4613 judicium

508 4637 564 4697 est
596 4641 619 4696 a
644 4609 843 4724 prudentia
874 4616 1082 4724 petendum
1101 4617 1232 4719 ,hunc
1247 4611 1405 4702 fortiter
1436 4613 1556 4702 facere
1584 4617 1776 4705 dicamus:
1804 4617 1866 4702 cui
1897 4645 1959 4700 au·

318 4811 400 4858 nrm
423 4822 445 4858 ¹·
468 4821 494 4858 a
509 4754 586 4821 tem
616 4730 753 4814 horum
766 4726 990 4863 ,quidquam
1014 4734 1119 4818 abest
1136 4793 1149 4839 ,
1166 4761 1255 4818 eum
1280 4733 1318 4817 in
1334 4735 1527 4820 alterutro
1554 4734 1648 4823 vitio
1668 4765 1746 4823 esse
1771 4761 1961 4850 putemus.

317 4870 494 4994 32:123?
508 4852 617 4944 Haec
643 4874 699 4935 εει
715 4875 817 4934 etum
841 4873 976 4934 natura
992 4849 1135 4938 virtutis
1152 4912 1165 4961 ,
1182 4876 1227 4939 ut
1241 4852 1310 4938 nisi
1324 4875 1453 4939 teneat
1473 4882 1607 4951 omnes
1629 4885 1713 4943 suas
1729 4879 1879 4971 partes,
1896 4877 1963 4989 sta·

1899 4996 1966 5058 tun
