4020 5864
488 432 489 437 η
621 346 1039 421 INERASMUM
1456 371 1521 438 551

91 494 201 582 crans
225 481 357 589 multa,
372 507 473 599 quae
489 506 513 562 a
527 500 567 564 te
590 471 691 565 dicta
712 473 882 581 citabat,
911 501 992 560 non
1009 473 1158 589 putavit
1175 472 1240 560 sibi
1266 472 1340 587 jam
1356 470 1547 590 integrum

90 642 173 700 esse
188 608 290 695 salva
313 602 497 721 dignitate
512 625 661 704 tacere,
685 595 753 711 qui
781 593 927 681 silentio
942 623 1092 680 causam
1109 594 1294 709 optimam
1325 593 1546 709 proditurus
1656 655 1661 665 -

96 729 316 822 videbatur.
350 720 498 837 Scripsit
512 718 626 836 igitur
651 744 749 832 opus
774 712 864 799 illud
893 712 1075 830 elegans,
1106 738 1144 798 et
1162 711 1453 819 doctissimum,
1481 711 1550 798 tibi

94 876 224 937 tamen
240 869 481 957 summopere
495 839 716 956 ingratum,
736 862 880 951 magno
896 861 968 918 suo
983 857 1022 919 et
1042 832 1172 919 labore
1200 857 1240 918 et
1254 831 1438 949 ingenio,
1464 855 1550 917 tum

93 992 139 1055 ut
153 993 255 1083 quae
280 961 381 1081 prius
405 959 576 1064 dixerat,
600 951 870 1061 confirmaret,
898 977 983 1040 tum
1000 976 1044 1038 ut
1059 951 1216 1070 quaein
1240 948 1428 1069 epistolari
1452 950 1550 1040 libro

96 1084 251 1175 strictim
267 1078 527 1197 perstrinxerat
542 1137 555 1183 ,
580 1074 767 1161 dilataret.

157 1206 243 1289 ΧΠ.
302 1197 441 1309 Objicis
473 1195 611 1284 deinde
641 1193 803 1281 Alberto
826 1191 931 1297 Pio,
957 1188 1068 1306 quod
1084 1186 1199 1277 libros
1221 1189 1263 1276 in
1278 1214 1318 1278 te
1346 1185 1452 1277 nullo
1480 1217 1552 1277 suo
1565 1198 1680 1320 {335¹
1700 1201 1747 1258 οὓ

98 1320 252 1439 ingenio
270 1379 284 1426 ,
310 1315 412 1403 nulla
428 1346 496 1401 sua
510 1312 712 1420 doctrina,
743 1312 811 1397 sed
826 1311 1084 1428 quorumdam
1101 1311 1228 1396 nescio
1252 1339 1418 1426 quorum
1435 1338 1554 1427 opera

101 1436 298 1526 confectos
314 1495 329 1544 ,
347 1465 480 1552 patum
509 1434 696 1551 pudenter
715 1430 894 1519 ediderit:
923 1429 1113 1548 quosdam
1141 1430 1244 1516 enim
1267 1430 1466 1517 contendis
1493 1455 1556 1519 te-

100 1558 276 1646 stimonia
304 1555 569 1671 scripturarum
593 1552 627 1638 ei
651 1550 934 1666 suppeditasse,
950 1548 1041 1634 alios
1057 1547 1167 1656 loca,
1193 1561 1294 1666 quac
1309 1572 1491 1666 carperet,
1511 1568 1558 1644 ert

101 1675 181 1764 tuis·
191 1674 288 1762 libris
312 1703 508 1788 perperam
526 1699 666 1789 magna
683 1700 728 1755 err
745 1693 851 1784 parte
869 1667 1047 1784 decerpta
1064 1668 1286 1786 suggessisse
1304 1697 1317 1775 3
1332 1668 1423 1756 alios
1441 1699 1560 1787 expo·

99 1795 219 1882 livisse
234 1791 439 1881 dictionem
464 1853 477 1900 ,
503 1817 543 1878 et
560 1791 675 1880 verba
689 1786 830 1875 Latina
848 1785 1167 1895 subministrasse3
1192 1788 1243 1877 ad
1272 1819 1488 1893 summam,
1519 1789 1559 1880 in

99 1913 199 2002 libris
215 1913 358 2002 Alberti
375 1914 430 1999 Pii
444 1911 536 1996 nihil
564 1910 674 2025 ipsius
695 1937 800 2014 esse,
824 1929 971 2023 praeter
1001 1935 1145 1993 nomen
1179 1967 1193 2012 ,
1221 1932 1260 1994 et
1284 1909 1463 2027 carpendi
1481 1908 1561 1994 libi·

100 2032 254 2139 dinem,
285 2059 329 2117 ac
344 2030 526 2149 gloriolae
542 2027 736 2142 cuiusdam
752 2026 1009 2140 cupiditatem.
1041 2027 1139 2122 Quo
1155 2024 1193 2110 in
1209 2025 1298 2114 loco
1322 2088 1335 2134 ,
1361 2028 1474 2114 crede
1491 2027 1561 2114 mi·

99 2150 140 2237 hi
156 2213 169 2257 ,
188 2157 370 2257 Erasme,
397 2176 557 2235 acumen
573 2145 710 2264 ingenii
727 2145 783 2232 tui
800 2173 1034 2263 magnopere
1049 2145 1256 2234 desideravi
1269 2206 1282 2252 ,
1297 2147 1377 2262 qui,
1393 2175 1494 2233 cum
1505 2172 1562 2235 ta·

98 2267 174 2356 lem
189 2269 490 2355 criminationem
513 2264 649 2352 afalsis
676 2262 907 2351 delatoribus
932 2264 1112 2377 deceptus
1132 2264 1366 2372 adornares,
1395 2296 1477 2352 non
1506 2267 1562 2356 vi·

102 2387 199 2474 deris
214 2412 253 2473 te
275 2415 355 2473 rem
373 2385 495 2473 moliri
520 2413 601 2472 non
627 2383 714 2471 dico
731 2381 883 2489 falsam,
901 2381 969 2468 sed
984 2381 1237 2468 incredibilem
1255 2412 1434 2498 prorsus,
1465 2410 1505 2471 et
1518 2418 1564 2474 o·

100 2505 264 2612 mnium,
282 2504 351 2622 qui
371 2503 571 2624 legissent,
590 2502 728 2613 judicio
744 2501 869 2588 statim
887 2497 1137 2612 rejiciendam.
1167 2506 1271 2586 Nam
1286 2530 1375 2589 cum
1393 2502 1475 2589 duo
1491 2536 1563 2619 ρο·

100 2623 283 2711 tissimum
300 2623 374 2710 sint
391 2684 404 2731 ,
429 2651 531 2740 quae
547 2617 643 2708 falsis
658 2619 980 2724 criminationibus
997 2619 1124 2706 locum
1146 2615 1289 2708 faciunt
1316 2684 1328 2728 ,
1359 2645 1397 2708 et
1414 2647 1563 2710 struen-

28 2790 33 2794 ·
102 2742 176 2831 dae
192 2742 401 2831 calumniae
416 2741 879 2858 praebentoccasionem3
905 2738 1065 2825 alterum
1083 2801 1097 2848 ,
1113 2736 1156 2845 si,
1182 2739 1292 2857 quod
1307 2739 1495 2856 objicitur,
1513 2743 1564 2830 ab
1653 2749 1657 2757 ’

96 2861 209 2978 ejus,
242 2862 310 2981 qui
329 2886 526 2950 accusatur
551 2922 566 2967 ,
597 2856 802 2965 facultate,
826 2882 963 2945 natura
985 2883 1026 2945 et
1053 2859 1220 2946 motibus
1244 2888 1325 2946 non
1358 2859 1563 2951 abhorrete

99 3005 280 3087 constet3
310 2980 502 3088 alterum,
532 2978 561 3066 si
588 2978 723 3067 eadem
750 2976 877 3097 qualia
894 2977 935 3063 in
953 2975 1094 3064 eodem
1118 2977 1217 3085 sint,
1245 2979 1299 3066 ob
1326 2977 1404 3088 ejus
1427 2982 1564 3070 obscu-

99 3097 250 3187 ritatem
265 3101 516 3219 ignoreutut:
544 3123 753 3218 utrumque
776 3093 952 3215 profecto
986 3124 1220 3215 magnopere
1250 3093 1370 3188 defuit
1404 3098 1564 3189 istorum

105 3218 332 3308 calumniae.

106 3435 110 3441 k
161 3339 265 3423 x111.
325 3339 426 3437 Quis
440 3362 496 3426 est
512 3338 613 3425 enim
629 3333 798 3456 aliquo’
817 3362 1012 3442 numero,
1038 3335 1122 3451 quis
1137 3334 1254 3451 paulo
1272 3334 1394 3422 modo
1410 3336 1563 3427 doctior
1654 3405 1676 3446 ,

88 3481 185 3541 ·non
204 3454 383 3543 solumin
409 3455 545 3559 ltalia,
570 3457 767 3544 sedetiam
802 3457 840 3538 in
866 3454 1020 3557 Gallia,
1043 3453 1327 3570 Germaniaque
1354 3457 1489 3564 omni,
1521 3482 1562 3545 et
1574 3463 1755 3582 f,‘¹¹1‘;„⁰„⁰¹⁰}3

102 3573 314 3693 Hispania,
330 3572 401 3690 qui
418 3571 618 3659 Albertum
635 3571 743 3658 Pium
760 3573 940 3690 ignoret?
967 3570 1066 3668 Quis
1083 3601 1200 3687 porro
1228 3573 1429 3661 Albettum
1450 3576 1559 3664 Pium
1573 3561 1753 3697 wele·

101 3694 243 3798 novit,
271 3692 333 3778 cui
351 3720 432 3777 non
456 3691 501 3779 sit
516 3690 647 3777 audita
681 3715 853 3809 notaque
876 3689 1056 3806 sapientia
1080 3690 1188 3805 ejus,
1216 3690 1390 3780 doctrina
1414 3719 1453 3781 et
1479 3694 1558 3784 elo·
1629 3678 1639 3700 ’

102 3811 289 3926 quentia?
317 3811 399 3910 Qui
415 3812 464 3896 ab
480 3811 633 3897 ineunte
656 3835 780 3898 aetate
803 3810 1011 3897 litterarum
1029 3809 1158 3897 studio
1186 3811 1362 3919 deditus,
1378 3812 1559 3904 hortante

94 3929 152 4016 ad
168 3930 206 4016 id
233 3931 383 4043 Joanne
400 3930 492 4016 Pico
512 3929 731 4018 Mirandula
756 3930 866 4045 ipsius
882 3929 1076 4018 avunculo
1093 3991 1107 4035 ,
1129 3932 1196 4048 qui
1212 3931 1290 4043 ejus
1303 3932 1469 4021 indolem
1484 3932 1558 4022 llo·

90 4048 345 4135 rentissimam
362 4079 443 4137 non
459 4049 648 4168 ignoravit
665 4112 686 4157 ,
703 4073 853 4138 tantum
870 4051 1015 4137 assidua
1040 4077 1131 4133 cura
1157 4111 1170 4156 ,
1203 4074 1243 4137 et
1277 4051 1415 4169 ingenii
1444 4050 1555 4140 felici·

101 4189 181 4253 tate
197 4164 385 4284 profecit,
414 4193 459 4257 ut
491 4169 566 4280 jam
595 4169 685 4256 inde
707 4172 758 4256 ab
786 4167 1036 4255 adolescentia
1079 4166 1176 4252 inter
1214 4168 1473 4284 philosophiae
1506 4198 1553 4258 ac

100 4281 352 4402 ingenuarum
381 4289 517 4375 artium
544 4288 713 4379 eruditos
734 4287 911 4376 excellere
927 4310 1135 4404 putaretur.
1166 4286 1290 4382 Quod
1318 4285 1440 4373 Aldus
1460 4292 1556 4377 vMa·

98 4405 257 4513 nutius,
283 4437 366 4524 quo
395 4434 637 4524 praeceptore
668 4407 937 4518 humaniorum
971 4407 1177 4491 litterarum
1204 4400 1326 4491 fuerat
1352 4435 1439 4492 usus
1469 4467 1484 4515 ,
1513 4408 1557 4498 in

100 4523 227 4610 multis
259 4523 552 4639 praefationibus
575 4526 757 4614 librorum
786 4588 799 4633 ,
822 4555 920 4643 quos
952 4523 986 4611 ei
1017 4523 1282 4639 nuncupavit,
1311 4548 1469 4635 testatus
1485 4551 1555 4614 est.

100 4643 310 4760 Aggressus
342 4644 491 4734 deinde·
509 4674 696 4734 sacrarum
721 4646 927 4732 litterarum
958 4643 1253 4763 theologiaeque
1283 4644 1479 4752 studium,
1509 4669 1556 4733 ut

100 4787 182 4848 erat
201 4761 332 4865 illevit
349 4782 489 4850 natura
509 4788 694 4883 perquam
719 4766 831 4879 pius,
859 4793 941 4850 non
971 4790 1011 4851 se
1040 4779 1093 4851 tta
1116 4764 1384 4881 comparavit,
1406 4787 1453 4850 ut
1480 4787 1558 4850 stu·

98 4879 257 4973 diorum
271 4881 550 5000 amoenitates,
573 4883 904 5005 quemadmodum
932 4883 1029 5006 pigri
1050 4885 1225 5005 tardique
1244 4883 1395 5001 solent,
1421 4911 1557 5005 seque·

1497 5031 1562 5095 te·
