4192 5880
449 407 833 487 HISPANORUM
868 399 1274 482 ta'ououreusrs.
1464 381 1468 395 ‘
1523 414 1566 504 a,

149 550 205 636 dis
219 543 386 663 quotidie
412 571 493 627 rem
510 539 678 626 divinam
704 530 855 618 faciunt.
889 531 995 618 Alter
1024 561 1111 618 cum
1139 535 1300 648 primum
1319 530 1459 623 'illucet
1476 567 1490 646 3
1507 538 1600 625 alter

152 697 238 753 cum
255 664 374 780 vulgo
389 660 529 746 reditur
545 658 594 740 ab
608 653 742 739 ultimis
768 650 986 736 lectionibus
1002 651 1176 765 publicis:
1195 681 1240 737 ut
1259 654 1441 739 sodalium
1457 657 1523 771 qui
1547 657 1601 741 al-

153 784 238 868 teris
254 782 360 867 sacris
384 770 506 863 minus
522 771 733 877 vacaverit,
753 798 823 883 pro
844 768 989 854 ratione
1016 769 1227 855 studiorum
1246 801 1390 886 suoque
1421 775 1601 861 arbitratu

153 901 277 988 valeat
295 896 415 983 alteris
432 895 614 979 interesse.
650 892 763 984 Quae
787 915 902 971 nemo
922 887 1076 1000 impune
1098 887 1252 1004 negligit
1264 925 1280 991 ·,
1297 916 1441 1002 praeter
1457 897 1603 978 Recto-

151 1046 232 1102 rem
253 1041 293 1103 et
323 1040 580 1121 oeconomum
606 1007 704 1121 :qui
733 1033 841 1120 saepe
862 1004 935 1088 hoc
951 1001 1078 1120 officio
1101 1001 1299 1122 fungendo
1328 1009 1486 1124 negotiis
1516 1035 1600 1095 tum

140 1134 339 1236 externo,
363 1156 446 1217 tum
475 1120 709 1212 ¹familiaribus
742 1123 1003 1208 excluduntur.
1041 1124 1267 1237 Vespertinis
1303 1151 1430 1210 autem
1462 1151 1501 1212 et
1529 1155 1600 1213 no

149 1252 374 1338 cturnisseu
390 1246 576 1332 matutinis
590 1242 697 1326 sacris
724 1265 1040 1355 omnesquatuor
1063 1243 1273 1327 sacerdotes
1299 1241 1492 1331 intersunt.
1527 1248 1600 1330 So-

42 1460 58 1466 ,
151 1368 259 1456 dales
288 1397 359 1453 suo
386 1393 479 1454 veto
509 1360 688 1450 arbitratu
714 1383 782 1443 aut
813 1358 967 1473 impune
991 1359 1154 1466 absunt,
1171 1384 1238 1444 aut
1267 1388 1348 1445 non
1382 1362 1459 1446 sine
1493 1391 1602 1476 prae·

151 1486 237 1571 mio
261 1484 455 1570 intersunt.
546 1561 547 1564 t
890 1544 893 1548 .
924 1536 926 1541 ,
988 1548 990 1553 .

213 1605 265 1686 Χ.
325 1600 449 1697 Quod
470 1597 520 1693 ad
545 1594 782 1683 scholasticos
810 1591 997 1708 pertinet,
1028 1591 1212 1678 sodalium
1235 1593 1385 1711 triginta
1414 1599 1523 1683 unius
1552 1599 1604 1686 ad
1668 1619 1796 1730 Sputum

151 1748 343 1805 summum
359 1716 559 1832 collegium
575 1741 652 1798 esse
667 1711 816 1826 placuit.
833 1711 914 1807 Qui
929 1735 1002 1796 tres
1016 1712 1175 1796 omnino
1190 1716 1451 1829 Aragonenses
1465 1742 1602 1829 essent,
1617 1693 1677 1731 ”um
1694 1695 1746 1735 ’ω’

153 1865 252 1921 unus
267 1832 567 1969 Portugalensis,
586 1829 697 1916 ceteri
720 1856 852 1913 omnes
866 1825 1080 1914 Castellani.
1106 1834 1257 1914 Prorsus
1274 1890 1286 1933 ‚
1304 1855 1347 1915 ut
1362 1857 1507 1946 praeter
1523 1835 1602 1918 Hi·-

153 1985 172 2038 s
199 1982 292 2039 anos
307 2014 319 2058 ,
336 1952 402 2053 nist
427 1952 467 2035 in
483 1973 648 2034 extrema
656 1970 872 2038 nostrorum
889 1946 1041 2059 inopia,
1057 1946 1176 2060 qualis
1191 1947 1371 2032 hactenus
1395 1979 1606 2067 numquam

155 2068 159 2074 ’
200 2071 252 2175 't,
268 2070 396 2156 ceteris
420 2067 543 2171 aditus
561 2067 611 2152 ad
641 2064 843 2180 collegium
865 2060 917 2149 'sit
943 2063 1171 2156 interdictus.
1193 2067 1373 2171 Quorum
1398 2067 1485 2153 item
1515 2095 1608 2174 octo

156 2189 412 2304 theologiam,
427 2211 593 2302 quatuor
622 2181 872 2284 medicinam,
901 2181 1023 2288 ceteri⁴
1040 2181 1095 2295 jus
1119 2182 1355 2271 Pontificium
1390 2185 1607 2301 profiterent-

150 2327 232 2390 tur.
265 2309 417 2390 Horum
435 2304 588 2391 vestitus
607 2327 730 2403 cetera
745 2306 958 2386 Doctorum
974 2301 1268 2386 Bononiensium
1284 2300 1405 2388 similis
1435 2329 1502 2392 est.
1533 2311 1605 2392 Ca·
1621 2359 1737 2416 ΗΜ,

155 2424 265 2537 putio
279 2449 407 2509 tamen
437 2420 625 2536 appellato
652 2419 925 2536 insigniuntur,
943 2416 1045 2533 quali
1071 2418 1345 2505 Salmaticenses
1364 2480 1376 2524 ,
1392 2421 1459 2537 qui
1488 2453 1512 2506 a
1532 2424 1609 2509 noss

158 2541 240 2626 stris
264 2563 485 2655 acceperunt
503 2600 515 2643 ,
533 2563 573 2623 et
604 2538 891 2652 Complutenses
915 2536 1058 2622 sodales
1072 2563 1238 2627 ⁸utuntur
1269 2568 1279 2621 z
1312 2537 1379 2621 nisi
1404 2540 1512 2654 quod
1538 2571 1608 2628 no-

153 2658 400 2746 straun‘tenui
416 2655 480 2741 filo
497 2654 788 2769 amethystinum
805 2654 981 2761 ,illorum
1012 2654 1216 2760 crassiore,
1236 2679 1275 2742 et
1306 2654 1432 2760 colore
1449 2657 1607 2769 nativo,

161 2771 269 2860 fusco
284 2774 391 2890 pallio
409 2774 589 2861 concolor
604 2799 669 2859 est.
691 2773 871 2862 Patientia
887 2772 974 2858 item
990 2802 1115 2889 ,quae
1139 2773 1292 2881 dicintr,
1309 2777 1488 2863 staminea
1505 2784 1608 2864 nunc

158 2892 342 3007 peculiare
369 2919 538 2979 nostrum
555 2917 748 3009 gestamen
772 2916 850 2978 est:
868 2891 1066 3006 quondam
1091 2919 1295 2977 commune
1310 2893 1606 3000 Bononiensium

147 3010 465 3097 scholasticorum
483 3035 574 3097 etat.
601 3009 675 3095 Sed
688 3010 737 3093 ab
752 3008 816 3094 illis
833 3069 846 3114 ,
862 3032 907 3094 ut
928 3009 1116 3126 ingratum
1141 3035 1181 3095 et
1211 3009 1338 3095 inutile
1358 3011 1606 3126 impedimen·⁴

157 3150 264 3233 tum,
285 3129 522 3246 antiquatum
540 3127 603 3211 :in
628 3126 734 3211 nobis
749 3124 969 3241 pertinacius
984 3126 1129 3212 resedit.
1153 3131 1244 3225 Qua
1260 3148 1396 3243 nempe
1413 3130 1604 3240 molestia,

157 3269 202 3330 ut
228 3245 350 3331 dicam
377 3244 484 3361 quod
510 3245 655 3348 sentio,
688 3244 780 3355 citra
802 3244 1089 3329 incommodum
1113 3268 1156 3329 et
1183 3244 1442 3361 indignitatem
1479 3252 1604 3337 carere

160 3386 376 3475 poteramus
390 3395 400 3446 τ
415 3387 453 3449 et
467 3358 607 3474 jamdiu
622 3362 886 3468 caruissemus,
903 3362 970 3446 nisi
988 3360 1243 3475 quorumdam
1257 3363 1416 3465 moleste
1430 3368 1602 3483 antiqua·
1616 3378 1737 3470 Rem,
1748 3421 1793 3472 n..

158 3479 298 3565 tiorum
326 3480 585 3594 importunitas
600 3479 808 3565 obstitisset.
841 3479 1010 3565 Rectoris
1026 3478 1178 3567 vestitus
1198 3509 1278 3565 non
1303 3481 1483 3597 discrepat
1502 3513 1525 3567 a
1542 3515 1602 3571 ce·
1615 3480 1790 3591 R{ffl{,‚⁵¹'¹‘¹⁸·

162 3596 246 3707 teris
262 3628 271 3681 :
288 3597 355 3683 nisi
383 3597 491 3712 quod
512 3596 738 3710 splendidior
754 3620 811 3683 est
837 3620 877 3682 et
892 3595 1212 3712 magnificentior,
1230 3621 1274 3683 ut
1289 3598 1405 3684 sericis
1420 3629 1466 3685 ac
1483 3603 1601 3688 cocci

160 3713 214 3799 nis
228 3714 390 3800 vestibus
413 3713 632 3832 dignitatem
647 3712 848 3818 honestet,
866 3738 906 3799 et
920 3742 1009 3827 prae
1022 3742 1061 3799 se
1073 3709 1178 3829 ferat,
1195 3714 1330 3820 ,Nobili
1346 3745 1389 3819 ac
1403 3741 1503 3803 certe
1529 3750 1601 3823 ane

159 3829 269 3946 tiquo
298 3832 595 3917 Christianorum
620 3857 757 3947 genere
787 3831 876 3917 ortis
905 3827 1099 3918 dumtaxat
1118 3829 1328 3949 collegium
1356 3858 1459 3948 patet
1473 3866 1482 3919 :
1496 3836 1599 3928 aliter

156 3975 273 4037 nemo
289 3948 364 4032 ulla
384 3949 528 4033 ratione
542 3947 722 4044 asciscitur
737 3980 746 4032 ι
760 3973 831 4034 aut
853 3948 964 4063 siquis
980 3947 1074 4035 dolo
1092 3947 1250 4035 fortassis
1265 3952 1467 4064 irrepserit,
1490 3958 1598 4070 quod

155 4065 223 4150 diu
238 4064 352 4150 latete
374 4095 454 4150 non
481 4088 625 4181 potest,
658 4062 733 4151 fide
750 4091 790 4151 et
818 4064 1005 4181 diligentia
1020 4067 1276 4182 conquisitoris
1292 4071 1408 4184 ‚qui,
1425 4100 1513 4156 cum
1541 4074 1598 4161 r'es

158 4182 302 4314 poscit,
317 4183 356 4317 in
371 4184 606 4387 dlilispaniam
629 4183 812 4292 mittimur,
845 4184 1010 4299 turpiter
1024 4181 1188 4298 ejicitur,
1217 4208 1257 4270 et
1287 4187 1425 4273 crimen
1454 4191 1598 4308 magnis

154 4323 287 4410 poenas
305 4329 370 4388 vm
407 4324 523 4388 catur.
