4006 5850
495 386 568 458 440
846 354 914 437 bs
938 360 1060 440 amu
1082 360 1223 438 uuor.
1247 363 1313 436 nr
1337 308 1536 436 nortus.

480 491 633 598 ruralis,
659 515 774 608 quam
804 515 847 577 ut
864 490 903 577 vi
917 487 972 579 vis
1001 490 1115 576 allata
1136 486 1405 605 propulsetur,
1435 516 1525 572 cum
1549 483 1628 601 ipsa
1651 500 1790 571 natura
1806 509 1926 574 mutas

475 610 589 696 etiam
603 612 809 695 animantes
825 610 1009 724 quasdam
1024 608 1228 714 cornibus,
1250 606 1567 724 aliasunguibus,
1598 604 1803 691 nonnullas
1835 607 1926 695 den·

477 727 578 814 tibus
589 731 640 815 ad
655 729 731 814 hoc
744 757 882 813 munus
899 728 1124 816 armaverit?
1709 819 1715 828 ,

531 847 584 930 Χ.
642 846 717 933 Sed
732 847 915 963 quoniam
929 846 1097 961 plerique
1114 904 1127 951 ,
1155 873 1245 932 cum
1259 867 1411 961 possent
1427 869 1492 959 per
1508 839 1689 929 leviorem
1705 867 1921 960 repugnan-

473 961 563 1049 tiam
582 962 659 1052 vim
675 994 713 1051 se
729 963 992 1080 impetentium
1009 963 1220 1079 depellere,
1236 963 1442 1051 tamenvel
1462 984 1625 1047 errantes
1640 960 1846 1077 opinione,
1859 960 1918 1049 vel

473 1081 622 1169 ultionis
640 1082 809 1189 libidini,
843 1113 909 1169 seu
924 1079 1080 1168 forsitan
1095 1078 1189 1167 odio
1205 1082 1416 1169 inveterato
1429 1077 1686 1194 indulgentes,
1702 1077 1756 1163 ad
1773 1106 1924 1194 magnas

472 1199 620 1312 injurias
637 1228 843 1317 processere
863 1263 876 1309 ,
911 1199 978 1315 qui
993 1197 1081 1285 facti
1096 1199 1149 1286 rei
1166 1198 1415 1315 patrocinium
1428 1199 1478 1284 ab
1493 1196 1667 1313 hac-lege
1682 1195 1848 1281 naturali
1863 1226 1926 1310 pe·

474 1319 630 1404 rebant:
655 1320 821 1433 prudens
850 1317 1065 1435 legislator,
1093 1342 1140 1404 ut
1156 1316 1316 1404 malitiae
1332 1316 1488 1404 istorum
1512 1336 1725 1400 occurreret
1749 1372 1764 1420 ,
1785 1335 1925 1428 tempe·

475 1432 631 1522 randam
649 1437 772 1552 legem
788 1437 966 1550 prudenti
980 1435 1289 1551 interpretatione
1304 1461 1376 1550 pro
1388 1465 1455 1521 sua
1471 1456 1658 1548 potestate
1674 1431 1857 1545 putavit,
1886 1457 1925 1517 ac

477 1552 640 1662 adjecit,
669 1554 791 1640 modo
805 1552 927 1640 idtiat
943 1583 1030 1639 cum
1058 1553 1316 1639 moderamine
1328 1551 1541 1667 inculpatae
1557 1548 1727 1636 tutelae:
1763 1549 1877 1664 quod
1900 1549 1925 1635 si

477 1668 696 1782 hujusmodi
721 1669 987 1758 additamento
1004 1671 1056 1757 sic
1069 1665 1195 1786 perfici
1209 1694 1337 1786 posset
1351 1668 1411 1757 lex
1427 1666 1633 1773 naturalis,
1665 1689 1714 1751 ut
1739 1694 1864 1782 aeque
1882 1697 1923 1752 o·

476 1789 627 1876 mnibus
641 1818 789 1904 semper
804 1787 1027 1877 conveniret
1043 1847 1056 1895 ,
1084 1787 1208 1875 multo
1224 1785 1397 1905 profecto
1414 1785 1535 1873 minus
1552 1782 1696 1902 negotii
1712 1807 1813 1869 esset
1827 1784 1864 1867 in
1877 1784 1923 1869 le·

479 1906 589 2021 gibus
606 1907 884 2019 temperandis
908 1904 986 1993 Sed
1001 1933 1087 1993 ecce
1102 1906 1194 1992 aliae
1209 1935 1291 1992 non
1307 1905 1470 1993 minores
1485 1899 1724 1999 difficultates
1740 1901 1927 1988 exsistam.

477 2027 585 2107 Nam
604 2022 633 2108 si
649 2021 749 2110 licuit
764 2023 868 2108 haud
887 2023 1001 2110 dubie
1030 2022 1121 2140 fuga
1140 2023 1215 2109 tale
1230 2022 1436 2139 periculum
1453 2021 1624 2124 evitare,
1654 2019 1730 2104 alia
1756 2019 1926 2105 nimirum

478 2167 592 2224 causa
608 2137 719 2226 luerit
734 2137 919 2226 fortissimi
933 2167 971 2226 et
986 2140 1084 2227 bello
1099 2139 1212 2226 incliti
1227 2140 1373 2245 militis,
1391 2139 1420 2226 si
1434 2139 1618 2255 quiscum
1633 2133 1747 2222 fuerit
1759 2137 1922 2242 adornas,

477 2255 555 2342 alia
579 2255 741 2344 hominis
757 2255 882 2375 ignavi
898 2282 979 2345 eta
1006 2257 1137 2344 bellica
1161 2256 1273 2346 laude
1289 2257 1523 2344 abhorrentis
1552 2285 1561 2339 :
1591 2251 1792 2340 interfecto
1826 2254 1924 2340 enim

478 2402 694 2492 aggressote
707 2436 720 2482 ,
734 2375 850 2494 longe
866 2405 970 2463 secus
987 2376 1036 2463 de
1057 2376 1263 2483 Thersite,
1292 2402 1409 2493 quam
1425 2375 1474 2461 de
1490 2371 1605 2486 Aiace
1633 2368 1748 2459 fuerit
1767 2370 1924 2484 judican-

476 2494 575 2579 dum
592 2521 674 2580 non
699 2493 740 2579 in
765 2491 852 2581 foto
868 2519 1049 2599 tantum,
1080 2494 1147 2580 sed
1176 2493 1291 2580 etiam
1319 2496 1358 2580 in
1383 2491 1515 2579 scholis
1542 2489 1836 2608 theologorum.
1868 2490 1923 2576 llle

477 2636 648 2726 namque
662 2611 739 2697 sine
756 2611 897 2724 jactura
913 2612 969 2698 sui
992 2610 1152 2698 nominis
1167 2607 1298 2727 fugere
1322 2632 1501 2727 poterat,
1523 2608 1610 2693 huic
1640 2609 1704 2694 vel
1718 2609 1858 2723 pedem
1873 2637 1923 2693 re·

478 2723 576 2812 ferre
593 2729 844 2844 turpissimum
857 2754 975 2834 esset,
999 2756 1044 2814 ac
1059 2727 1187 2814 mortis
1204 2730 1329 2814 instar.
1356 2728 1479 2823 Quod
1491 2722 1707 2840 exemplum
1733 2726 1776 2810 in
1793 2755 1866 2810 una
1877 2724 1924 2810 le·

478 2872 528 2960 ge
543 2842 707 2961 positum
723 2847 984 2962 perplurimas
999 2870 1124 2960 potest
1141 2842 1306 2932 facillime
1321 2842 1518 2931 transferri.
1535 2848 1661 2929 Tanta
1684 2868 1742 2930 est
1760 2843 1853 2930 enim
1869 2870 1922 2927 re·

481 2989 568 3046 rum
583 2962 837 3049 humanarum
853 2965 1035 3067 varietas,
1066 2989 1110 3050 ut
1122 2961 1307 3051 verissime
1322 2964 1465 3050 dictum
1482 2962 1526 3048 sit
1542 3022 1555 3069 ,
1586 2959 1695 3067 plura
1712 2990 1793 3048 esse
1814 2989 1922 3077 nego·

485 3078 566 3185 tia,
587 3108 703 3195 quam
720 3110 802 3168 non
818 3082 940 3170 modo
954 3080 1078 3199 leges,
1106 3080 1299 3168 sedetiam
1316 3078 1515 3169 vocabula.
1549 3078 1587 3165 Si
1602 3108 1698 3196 ergo
1721 3078 1845 3197 legem
1867 3106 1923 3162 na·

340 3265 348 3279 .
480 3220 590 3282 turae
605 3221 812 3313 temperare
836 3198 1122 3312 jurisconsulto,
1142 3199 1281 3303 aurei,
1297 3197 1407 3311 cujus
1422 3196 1642 3283 auctoritate
1658 3196 1738 3312 ipse
1754 3197 1855 3314 leges
1876 3192 1921 3280 ft·

480 3315 617 3422 rebat,
634 3317 734 3404 licuit
749 3318 916 3423 ,cunctis
941 3316 1156 3403 hominihus
1182 3317 1505 3431 approbantibus:
1524 3339 1673 3429 quanto
1700 3316 1821 3432 magis
1850 3341 1923 3429 pet·

483 3431 636 3519 missum
653 3462 730 3521 esse
746 3434 859 3521 debet
874 3433 1041 3550 pontifici
1065 3493 1077 3539 ‚
1099 3435 1167 3549 qui
1189 3433 1364 3521 omnibus
1393 3431 1616 3549 principibus
1637 3460 1683 3519 ac
1698 3433 1850 3548 regibus
1872 3429 1921 3518 di·

486 3549 631 3666 gnitate
645 3552 941 3667 auctoritateque
956 3558 1142 3668 praestat?

422 3769 424 3773 Ι
541 3670 610 3753 Xl.
667 3675 752 3786 Age
770 3697 862 3756 veto
884 3698 932 3753 ne
949 3695 1087 3754 temere
1112 3692 1151 3754 et
1167 3666 1318 3756 indocte
1347 3664 1506 3755 blandiri
1522 3692 1678 3754 naturae
1706 3665 1922 3770 videamur,

484 3811 578 3869 num
594 3783 671 3898 ejus
702 3787 780 3875 vim
801 3786 957 3900 ejusque
987 3787 1236 3871 constantiam
1252 3809 1396 3870 tantam
1427 3815 1506 3872 esse
1535 3812 1712 3901 putamus
1731 3787 1922 3889 ,utnulla

483 3930 526 3988 te
540 3928 667 3988 cursus
682 3901 760 4016 ejus
772 3903 941 4016 impediri
958 3902 1071 4018 possit
1085 3965 1097 4008 ,
1113 3928 1180 3989 aut
1194 3901 1368 3989 aliorsum
1387 3961 1401 4008 ,
1425 3931 1469 3988 ac
1486 3904 1598 3990 semel
1614 3903 1840 4006 intenderit,
1858 3902 1919 3986 de·

484 4017 610 4106 flecti:
638 4050 849 4222 numquam
866 4021 1021 4107 demum
1037 4020 1172 4108 eadem
1184 4048 1335 4135 peccare
1352 4021 1475 4111 valeat
1493 4082 1506 4127 ,
1532 4047 1576 4107 ut
1591 4021 1701 4136 ipsius
1717 4020 1814 4138 leges
1827 4047 1924 4106 sem·

484 4163 699 4250 perraras,
756 4151 881 4242 rmas,
908 4163 1146 4244 constantes,
1177 4164 1294 4253 atque
1316 4139 1564 4255 sempiternae
1591 4137 1819 4225 rectitudinis
1851 4165 1925 4224 esse

419 4266 421 4269 ’
484 4254 706 4341 credamus?
734 4261 789 4343 At
814 4283 902 4341 cunt
925 4255 976 4342 sit
1007 4256 1167 4342 maxime
1193 4258 1392 4365 naturale,
1423 4281 1467 4344 ut
1481 4285 1528 4343 ex
1542 4256 1699 4342 homine
1714 4259 1839 4345 homo
1856 4316 1869 4358 ,
1884 4285 1924 4342 ex

484 4399 589 4486 equo
603 4398 801 4488 generetur
816 4401 959 4487 equus:
992 4373 1182 4462 interdum
1197 4397 1325 4461 tamen
1353 4375 1551 4480 videmus,
1576 4403 1623 4460 ex
1646 4373 1732 4489 ipsis
1763 4399 1924 4462 monstra

483 4488 669 4604 quaedam
683 4495 783 4576 nasci
798 4521 821 4574 a
837 4490 957 4606 ligura
972 4494 1139 4578 humana
1155 4518 1194 4578 et
1208 4493 1298 4608 equi
1313 4490 1435 4578 forma
1451 4492 1583 4609 procul
1597 4493 1855 4580 abhorrentia.
1880 4497 1922 4575 Et

482 4633 572 4691 cum
588 4635 633 4693 ex
643 4606 764 4695 tritico
790 4605 981 4717 triticiun,
999 4607 1186 4697 hordeum
1202 4614 1253 4695 ex'
1270 4610 1418 4701 hordeo
1448 4613 1632 4725 procreati
1647 4635 1787 4698 natura
1815 4609 1922 4698 velit:

482 4723 606 4809 mttltis
621 4725 802 4813 tamenin
831 4723 950 4834 locis,
982 4727 1110 4815 hocin
1137 4757 1327 4834 avenam,
1352 4729 1442 4816 illud
1454 4730 1495 4815 in
1518 4731 1679 4846 typham
1697 4732 1920 4850 degenerare

339 4921 342 4926 ,
479 4866 663 4957 notatur,
690 4874 789 4966 quae
808 4845 947 4936 metito
975 4877 1000 4935 a
1030 4846 1260 4967 philosophis
1275 4872 1431 4938 naturae
1457 4873 1609 4968 peccata
1639 4874 1923 4978 nuncupantur.

1844 4969 1918 5070 Qut
