4020 5864
1031 342 1255 419 INDEX.

459 468 629 572 fungenda
644 466 785 544 externis
799 465 897 555 bonis
920 464 1026 557 juvari
1044 468 1107 540 de·
1205 467 1296 567 Cogi
1320 491 1387 542 non
1406 483 1527 569 potest.
1549 492 1638 570 344,
1658 475 1753 568 493,
1771 478 1876 557 liba·

461 577 531 652 bet.
563 591 643 656 299.
675 568 815 641 Virtutis
848 567 934 638 ratio
964 591 1033 637 non
1070 569 1105 639 in
1176 607 1178 612 ·
1207 594 1241 640 ra
1263 589 1325 639 est.
1347 571 1434 664 484.

462 695 562 770 opere
592 669 699 768 posita
736 688 816 750 est,
846 663 902 737 sed
937 666 1050 742 animo
1072 687 1106 738 ee
1158 667 1325 762 Voluptas
1354 672 1519 745 actionem
1539 673 1661 748 reddit
1689 679 1868 776 perfectio-

461 774 646 842 voluntate.
677 792 753 862 300.
780 765 903 835 ¹Virtus
939 764 1110 838 definitur.
1158 846 1162 854 ¹
1212 789 1293 836 rem.
1318 768 1398 838 282.
1435 847 1438 851 „

414 880 546 963 '309·
568 867 698 938 Vitium
723 866 763 937 fit
785 862 1063 954 abutendo3ro.
1158 870 1289 953 Votum
1310 868 1446 965 simplex
1467 894 1535 942 oon
1564 871 1719 945 dissolvit
1748 884 1858 952 matri.
1981 950 1982 953 ¹

415 976 495 1049 Vim
513 969 545 1038 vi
563 964 742 1061 quomodo
758 965 909 1059 repellere
925 962 1013 1033 licet.
1022 985 1107 1054 440.
1209 964 1373 1036 monium.
1407 993 1493 1059 422.
1526 973 1707 1044 Votorum
1730 999 1852 1050 nuncu.

465 1071 495 1138 Si
520 1089 578 1162 per
602 1067 669 1135 vim
693 1066 826 1160 cogitur
842 1061 958 1153 aliquis
977 1061 1020 1132 ad
1036 1088 1110 1132 ma·
1209 1064 1302 1160 patio
1337 1069 1488 1140 asseritur
1522 1090 1646 1143 contra
1669 1077 1860 1150 Erasmon.

463 1165 690 1246 trimonium,
720 1160 970 1232 matrimonium
999 1160 1112 1231 dissol·
1215 1182 1296 1256 579.
1598 1248 1600 1250 q

466 1266 501 1334 vi
527 1283 644 1360 potest.
662 1280 746 1351 419.
779 1265 871 1329 Cum
892 1257 950 1340 vi,
970 1281 1036 1350 qua
1053 1261 1113 1329 ho-
1161 1263 1316 1337 Urbanus
1335 1266 1381 1332 V.
1401 1264 1546 1337 succedit
1571 1272 1777 1342 Innocentio
1795 1275 1856 1343 Vl.

417 1374 429 1435 l
465 1388 523 1435 mo
537 1362 669 1458 cogitur
684 1360 729 1430 ad
740 1357 1010 1440 matrimonium,
1022 1365 1110 1454 Papa
1207 1361 1361 1434 Pontifici
1379 1411 1390 1446 ,
1409 1363 1517 1438 dictus
1541 1367 1641 1439 antea
1654 1369 1855 1444 Guilielmus

465 1462 650 1557 dispensare
672 1481 739 1527 non
771 1475 889 1554 potest.
906 1455 992 1545 458.
1208 1462 1428 1555 chrysantus.
1447 1465 1507 1532 68.

414 1565 495 1635 Vita
513 1558 618 1630 activa
632 1556 745 1627 utilior
761 1551 1036 1649 contemplativa,
1053 1552 1110 1624 sed
1157 1558 1270 1632 Urbes
1282 1581 1314 1629 et
1338 1582 1425 1632 arces
1444 1562 1611 1660 praesidiis
1641 1567 1852 1640 munienda,

464 1682 534 1732 non
559 1657 703 1753 dignior.
724 1679 803 1725 112.
830 1651 1051 1745 113.Activa
1075 1670 1109 1721 et
1211 1678 1289 1748 ¹5⁰·

464 1754 724 1850 contemplativa
751 1768 997 1846 comparantur.
1027 1769 1110 1841 239.
1158 1756 1361 1833 urbevetani
1382 1757 1505 1830 bellum
1522 1763 1646 1850 Joinni
1667 1763 1755 1834 Vico
1771 1761 1851 1834 inst.

465 1855 587 1929 Activa
604 1852 780 1924 necessaria
798 1868 847 1919 est
863 1848 907 1918 ad
929 1847 1030 1918 vitam
1049 1849 1110 1918 de-
1208 1854 1299 1928 rendi
1328 1858 1660 1942 consiliumeunt,
1684 1883 1720 1931 et
1742 1864 1780 1933 rb
1810 1887 1852 1934 eo

415 1942 427 2002 3'
464 1954 619 2054 gendam.
637 1972 719 2042 240.
732 1945 1002 2045 contemplativa
1017 1969 1111 2043 prae·
1155 2009 1159 2014 ,
1200 1976 1455 2050 oppugnantur.
1481 1977 1535 2047 15.
1560 1960 1600 2044 Se
1625 1959 1763 2030 tradunt
1781 1966 1850 2032 Ae-

465 2052 748 2124 stantior-activa.
773 2069 856 2138 241.
1155 2130 1158 2134 .
1208 2053 1608 2150 gidioAlbornotio.2r.
1797 2078 1799 2083 ·

417 2152 608 2228 Viterbium
637 2145 779 2238 Joannes
793 2145 896 2216 Vicus
921 2144 1109 2240 occupavit·
1160 2154 1397 2225 Urbevetanus.
1415 2155 1849 2245 Vid.Bonifatius.Joannes.

465 2275 501 2343 7.
517 2245 659 2318 Viterbii
676 2248 843 2316 tumultus
860 2242 1031 2313 excitatur.
1056 2265 1111 2330 15·
1160 2253 1327 2326 urbinum
1349 2250 1516 2326 Antonius
1538 2252 1716 2325 minimus
1740 2278 1845 2329 occu.

465 2345 654 2420 Viterbium
683 2369 701 2414 a
734 2348 861 2437 Joanne
884 2341 971 2410 Vico
1009 2340 1112 2411 tradi·
1159 2422 1161 2425 ¹
1209 2369 1277 2444 pat.
1296 2369 1330 2438 7.
1647 2345 1648 2349 ’
1851 2435 1853 2439 ι

465 2468 545 2530 tur,
570 2448 705 2536 eiusque
720 2452 856 2514 Ρῐᾶθῑθῐ
877 2439 1020 2510 efficitur
1037 2443 1110 2510 An·
1158 2450 1302 2524 Urbium
1326 2443 1575 2517 condendarum
1595 2450 1675 2521 situs
1705 2469 1739 2522 et
1756 2453 1851 2523 ratio.

467 2546 597 2617 drotus.
616 2565 673 2633 24.
693 2542 815 2612 Totius
838 2536 996 2609 Umbriae
1019 2540 1110 2608 velut
1214 2569 1292 2636 152.
1316 2550 1425 2614 Locus
1446 2566 1541 2642 aptus
1564 2549 1638 2618 urbi
1657 2549 1852 2622 condendae

465 2663 567 2740 caput
585 2664 650 2712 esse
670 2639 813 2710 videtur.
831 2656 887 2727 27.
907 2634 1064 2727 Jordanes
1077 2654 1111 2705 et
1209 2641 1411 2742 deligendus.
1449 2666 1527 2737 153·
1548 2644 1693 2716 Uibium
1727 2650 1850 2720 mariti-

467 2744 617 2840 Angelus
635 2759 790 2834 quaestor
813 2733 967 2806 Viterbio
992 2734 1111 2830 praefi·
1210 2766 1341 2815 marum
1358 2743 1593 2813 commoditas.
1611 2765 1690 2835 157.
1776 2800 1785 2816 .
1984 2737 1985 2742 ἵ

465 2843 612 2913 ciuntur.
652 2860 706 2932 34.
733 2835 922 2907 Viterbium
962 2832 1109 2927 pervenit
1157 2841 1248 2915 Urbs
1274 2861 1369 2910 vetus
1394 2889 1406 2923 ‚
1428 2841 1604 2938 oppidum.
1640 2848 1697 2912 16.
1738 2868 1789 2936 17.
1810 2848 1849 2918 Se
1990 2916 1991 2927 2

466 2937 641 3035 Aegidius.
658 2960 716 3028 74.
732 2936 784 3006 Ibi
798 2931 966 3006 Pontificis
982 2930 1108 3002 adven·
1205 2940 1307 3012 tradit
1325 2938 1479 3036 Aegidio.
1491 2965 1549 3009 21,
1561 2941 1603 3011 Ei
1616 2941 1763 3012 custodis
1774 2949 1849 3016 10«,

465 3057 543 3109 tum
565 3055 744 3131 exspectat.
767 3057 826 3128 75·
849 3030 990 3100 Vitesbfi
1010 3050 1109 3100 testa·
1205 3039 1427 3112 Albornotius
1454 3039 1652 3112 Richasulus
1691 3043 1850 3137 relinqui·

466 3153 619 3208 mentum
653 3133 770 3206 condit
800 3130 959 3228 Aegidius
982 3130 1107 3200 Albos*
1205 3157 1273 3207 tur.
1302 3144 1500 3228 23..Postea
1521 3139 1850 3228 JoannesAlbenus.

417 3266 419 3269 ·
467 3235 606 3319 notius,
634 3253 667 3305 et
687 3234 840 3304 moritur.
861 3249 919 3320 75·
1208 3259 1264 3329 34.
1292 3235 1350 3308 Ad
1380 3233 1508 3304 Urbem
1540 3254 1686 3306 veterem
1713 3241 1850 3311 Anichi-

416 3337 508 3410 Vitia
539 3352 674 3430 possunt
707 3329 829 3403 mutari
854 3330 888 3398 in
925 3322 1107 3398 contrarios
1204 3359 1285 3405 num
1304 3354 1337 3403 et
1354 3332 1568 3404 Ambrosium
1581 3337 1768 3410 Gomeiius
1785 3338 1849 3409 bel.

415 3460 417 3463 ’
465 3433 595 3506 habitus
606 3455 684 3503 cura
702 3432 735 3502 et
755 3424 1006 3500 cousuetudine.
1018 3425 1105 3515 485.
1205 3435 1239 3504 10
1259 3436 1473 3528 persequitur,
1486 3455 1542 3525 73.

411 3533 549 3608 'Ulricus
572 3533 743 3602 Huttenus
765 3550 843 3598 cum
882 3541 1018 3621 propter
1043 3521 1105 3591 ho·
1153 3531 1331 3602 vulsinum
1349 3530 1524 3626 oppidum,
1548 3532 1601 3599 16.

463 3629 636 3703 micidium
655 3629 747 3698 ltalia
773 3623 931 3705 cederet,
955 3618 1041 3716 fugit
1062 3617 1105 3690 ad
1154 3630 1402 3724 Uxorquando
1418 3626 1580 3700 ducenda.
1604 3650 1688 3722 144.
1713 3641 1852 3709 1210oest

360 3722 364 3735 ‘'
465 3726 723 3826 partesLutheri
738 3729 770 3794 in
780 3719 1010 3794 Germaniam.
1022 3730 1105 3809 476.
1202 3752 1288 3802 uxor
1302 3728 1390 3827 Regi
1404 3726 1569 3801 ducendi,
1591 3751 1675 3822 144·

400 3820 581 3909 Umbria,
605 3819 916 3918 Italiaeprovincia.
942 3840 999 3908 27.
1019 3817 1105 3887 Um·
1171 3872 1173 3875 .
1292 3891 1295 3911 Ι

460 3926 569 3998 briam
606 3923 727 4016 recepit
760 3917 930 4015 Aegidius.
964 3939 1017 4008 3⁰·
1049 3939 1103 4008 37.
1154 3996 1158 4002 .
1478 3929 1521 4012 X

461 4021 637 4095 Umbriam
662 4017 825 4092 custodiri
851 4012 988 4088 mandat
1014 4022 1102 4086 Pon·
1154 4090 1159 4103 ,
1352 4024 1354 4027 ’
1957 4047 1958 4063 .

459 4121 555 4194 tifex.
575 4143 629 4215 34.
911 4118 914 4123 ’
1149 4107 1301 4184 Xanthus
1316 4107 1468 4182 Miranda
1485 4108 1667 4206 compluti
1691 4115 1853 4213 sepulte·

406 4219 568 4319 Ungarus
578 4215 823 4299 Saxoferratus,
843 4234 929 4286 unus
944 4207 1099 4284 obsidum
1197 4207 1258 4280 dae
1274 4229 1478 4305 praeceptor.
1493 4210 1550 4299 84.

461 4344 523 4416 pro
539 4320 688 4389 Galeoto
710 4316 967 4403 Malatesta.4a.
1150 4308 1264 4383 Xerxis
1289 4331 1403 4408 pugna
1421 4306 1465 4380 ad
1487 4308 1754 4407 Thermopylas.
1772 4313 1853 4406 3⁶7·

380 4415 579 4502 'Voluntas
608 4435 656 4490 est
685 4412 823 4487 aetionis
855 4410 975 4487 forma.
1022 4409 1101 4504 306.
1155 4473 1157 4476 Α
1214 4495 1218 4501 Β
1281 4450 1283 4453 -

1019 4697 1211 4776 rrurs.
1302 4650 1305 4653 Α
