4192 5880
524 396 571 470 60
797 448 801 456 2
912 391 1140 471 RERUM
1176 391 1580 470 Gestarum

494 542 590 606 -ιιιιιι
628 542 757 606 nmen
795 513 947 637 ejusque
982 518 1173 605 sociorum
1204 518 1340 604 mattis
1364 516 1499 634 opibus
1525 532 1564 607 ιι
1582 516 1791 658 potentiae
1803 515 1956 611 minime

502 650 635 755 pares,
654 663 805 725 externa
827 639 980 724 ιιιιιιιιιι
971 669 1009 723 ιιι
1027 637 1168 724 ltaliam
1184 641 1468 725 convocabant
1505 644 1601 737 Quo
1614 639 1802 760 cognito,
1824 642 1955 729 Ponti

505 755 565 844 lex
580 761 686 843 Max
672 758 768 894 qui
781 757 953 871 ejusbelli
977 758 1133 844 ineundi
1148 783 1280 843 auctor
1305 758 1490 844 exstiterat
1507 785 1622 867 ,cum
1637 788 1770 897 parum
1797 786 1890 848 essct
1912 761 1958 854 ιιι

504 877 615 964 rebus
643 878 717 993 spei
731 939 746 984 ,
762 901 968 995 atroxque
963 876 1135 965 bellum
1125 877 1318 965 unminere
1343 876 1593 995 intelligeret,
1612 883 1676 964 nist
1666 879 1795 966 malis
1809 907 1952 996 serpen

498 996 601 1083 tibus
633 1020 912 1105 occurreretur,
929 1020 973 1083 ut
995 996 1120 1083 ltaliae
1151 997 1268 1114 quieti
1298 997 1508 1084 consuleret
1526 1060 1538 1106 ,
1555 999 1848 1085 Vicecomitibus
1873 1004 1951 1090 Bo·

503 1117 657 1201 nortiam
687 1115 728 1200 in
745 1114 946 1203 duodecim
974 1114 1095 1202 annos
1110 1144 1156 1202 ea
1172 1116 1256 1234 lege
1287 1115 1490 1232 permittit,
1504 1144 1550 1204 ut
1572 1117 1623 1203 illi
1653 1149 1782 1204 annua
1811 1117 1954 1209 tributa

503 1235 705 1324 duodecim
735 1234 850 1321 millia
877 1236 1106 1323 ducatorum
1121 1233 1293 1320 Pontifici
1317 1237 1550 1350 penderent
1580 1237 1641 1322 Sic
1670 1233 1768 1324 lacta
1797 1262 1854 1324 est
1877 1269 1952 1354 pax

499 1353 596 1442 inter
621 1331 853 1442 florentinos
877 1379 921 1441 et
951 1354 1200 1441 Vrcecomioes
1227 1381 1267 1441 et
1295 1355 1628 1472 utriusquepartis
1652 1358 1796 1442 socios
1843 1360 1952 1445 Haec

492 1500 586 1561 eum
620 1472 798 1606 Aegidius
820 1474 952 1559 animo
977 1467 1193 1590 repetisset,
1227 1472 1442 1560 collaudato
1471 1478 1619 1590 joanne
1646 1476 1786 1594 Olegio
1807 1504 1877 1589 pro
1904 1507 1952 1565 ιι

489 1593 636 1711 pietate
649 1622 778 1705 ,cutus
791 1621 829 1679 se
843 1592 879 1677 in
892 1592 1084 1679 ecclesiam
1103 1621 1183 1678 esse
1206 1591 1462 1706 profiteretur:
1456 1656 1505 1700 „
1520 1594 1636 1713 Nulla
1656 1625 1716 1680 se
1704 1596 1950 1709 ,respondit,¹

491 1763 524 1819 „
521 1713 734 1800 mandata
750 1713 809 1799 de
820 1711 952 1798 rebus
957 1710 1254 1797 Bononiensibus
1279 1741 1302 1794 a
1335 1712 1515 1798 Pontifice
1540 1706 1760 1828 accepisse:
1780 1742 1865 1799 eam
1894 1738 1951 1800 ta

495 1862 626 1938 „men
640 1831 868 1950 legationem
892 1859 929 1916 se
958 1830 1008 1915 ad
1041 1828 1258 1916 Pontificem
1290 1832 1411 1945 primo
1428 1862 1586 1951 quoque
1614 1857 1784 1948 tempore
1820 1834 1950 1918 relatu

495 2008 524 2055 „
538 1981 622 2036 rutn
636 1976 815 2065 ,etquae
829 1951 1063 2065 imperasset,
1082 1950 1439 2035 administraturum.
1450 1959 1476 2004 “

505 2073 606 2154 Χ.
665 2072 744 2154 His
752 2069 962 2184 responsis,
976 2067 1175 2154 redeuntes
1207 2069 1356 2186 legatos
1367 2071 1567 2187 Aegidius
1575 2101 1644 2158 suo
1677 2066 1784 2156 more
1794 2004 1949 2187 amplis

497 2189 710 2275 muneribus
731 2207 953 2309 prosecutus
965 2212 1050 2272 est
1068 2189 1331 2303 protinusque
1341 2190 1561 2275 Pontificem
1585 2190 1709 2276 litteris
1738 2191 1951 2308 nuntioque

319 2333 418 2397 amau
450 2334 482 2382 ιι
498 2309 557 2393 de
566 2303 731 2422 Joannis
758 2302 888 2423 Olegii
915 2308 1112 2392 voluntate
1140 2331 1179 2391 et
1207 2308 1371 2392 timeatis
1381 2300 1654 2414 Bononiensis,
1688 2308 1870 2425 simulque
1903 2310 1954 2398 de

304 2397 506 2509 ιῗιῖὶιοιι
496 2429 726 2513 inmanitate
754 2451 793 2512 et
820 2426 972 2510 avarina
987 2426 1219 2511 Batnabouis
1243 2427 1441 2511 certiorem
1472 2425 1587 2531 facit,
1603 2453 1643 2513 er
1670 2427 1763 2560 quid
1791 2425 1954 2515 fierive

305 2532 382 2574 “““
497 2546 563 2650 lit,
581 2572 624 2633 ut
649 2576 688 2632 se
702 2548 839 2632 doceat
853 2534 1078 2660 ,perquirit.
1114 2545 1236 2636 Quod
1252 2573 1339 2628 cum
1357 2544 1533 2633 Pontifex
1560 2546 1611 2630 ad
1626 2544 1827 2630 concilium
1851 2571 1951 2633 retu

281 2690 297 2731 ι
496 2665 619 2773 Ιιιιιι,
636 2665 796 2751 multum
814 2687 869 2747 est
892 2662 1079 2748 sententiis
1094 2661 1189 2747 inter
1214 2689 1335 2777 patres
1350 2662 1621 2778 discrepatum.
1654 2664 1823 2757 Quidam
1851 2666 1954 2754 enim

305 2786 485 2905 ,ξξῗηὲξθ
496 2815 645 2903 servate
673 2782 790 2871 fidem
810 2782 1102 2868 vicecomitibus
1130 2782 1363 2888 censebant,
1381 2784 1516 2898 quibus
1534 2781 1740 2868 Bononia
1731 2806 1770 2866 m
1808 2782 1955 2870 duodea

292 2915 393 2977 Μ
499 2904 572 2992 cim
594 2934 715 2990 annos
731 2900 902 3019 permissa
918 2922 1035 2987 esset:
1053 2928 1121 2984 nec
1138 2900 1298 3017 longum
1327 2929 1424 3006 esse,
1442 2901 1594 3037 peractis
1621 2900 1695 3011 jam
1725 2924 1844 3007 octo,
1860 2933 1955 3018 qua·

365 3088 371 3114 s
499 3048 588 3110 tuot
618 3047 861 3136 exspectare:
892 3044 977 3133 post
1006 3017 1124 3152 quod
1139 3044 1287 3134 tempus
1320 3019 1397 3104 sine
1422 3019 1629 3134 cujuspiam
1656 3017 1832 3132 perfidiae
1860 3049 1956 3108 nota

501 3167 541 3229 ct
570 3141 646 3226 sine
664 3139 912 3274 repugnantia
935 3167 981 3222 ea
994 3137 1123 3221 civitas
1151 3138 1200 3222 ad
1216 3137 1405 3222 ecclesiam
1432 3163 1526 3222 esset
1554 3137 1738 3222 reditura
1776 3138 1850 3222 Cui
1872 3169 1956 3225 sena

500 3258 713 3346 tentiaealii
725 3256 972 3369 adjiciebant,
990 3256 1264 3340 Vitecomitum
1282 3253 1490 3371 potentiam
1504 3256 1602 3341 adeo
1627 3256 1764 3370 opibus
1790 3280 1829 3340 et
1844 3258 1957 3345 ι1ιιιι

498 3376 614 3463 telis
605 3376 824 3512 increvisse,
852 3401 896 3492 p
914 3371 1065 3461 difficile
1083 3374 1297 3478 videretur,
1318 3373 1497 3458 traditum
1518 3375 1706 3490 oppidum
1731 3404 1840 3491 posse
1870 3378 1956 3462 reti-¹

499 3495 613 3601 neci,
628 3495 665 3579 in
682 3496 790 3610 quod
818 3489 1070 3608 recipiendum
1103 3492 1182 3577 illos
1205 3521 1338 3577 omnes
1366 3521 1449 3578 suas
1464 3492 1747 3608 amicorumque
1765 3493 1859 3580 vires
1874 3494 1957 3580 col·

499 3612 673 3718 laturos,
692 3639 773 3696 non
802 3635 897 3696 esset
913 3610 1190 3699 dubitandum:
1208 3611 1262 3696 his
1284 3611 1485 3718 accedere,
1504 3611 1612 3728 quod
1633 3612 1814 3699 aerarium
1840 3613 1953 3698 eccle

499 3732 577 3816 siae
591 3732 694 3816 adeo
709 3729 957 3844 superioribus
973 3727 1075 3812 bellis
1091 3729 1312 3813 exhaustum
1325 3755 1447 3835 esset,
1464 3756 1508 3816 ut
1522 3731 1608 3815 huic
1626 3730 1825 3836 ducendo,
1847 3733 1957 3847 quod

501 3849 691 3935 diutinum
707 3848 788 3933 fore
802 3848 1006 3951 videretur,
1016 3843 1256 3931 suffecturum
1279 3877 1359 3932 non
1373 3873 1479 3934 esset.
1511 3849 1584 3937 Sed
1599 3849 1727 3965 potior
1743 3849 1848 3965 apud
1858 3855 1953 3937 Pon·

500 3964 640 4053 tilicem
657 3994 790 4052 eorum
813 3962 882 4050 fuir
905 3965 1110 4070 sententia,
1126 3994 1191 4079 qur
1182 3960 1349 4051 foedus
1368 3961 1581 4104 ‘foedifrage
1591 3997 1740 4056 servare
1754 3993 1835 4052 non
1866 3997 1960 4054 cen·

504 4109 679 4172 suerunt.
706 4084 827 4196 Porro
840 4082 1104 4188 Vicecomites,
1120 4108 1381 4220 praeterquam
1397 4085 1573 4202 quod
1521 4117 1663 4222 primo
1660 4111 1798 4170 contra
1812 4085 1868 4197 {us
1886 4085 1958 4173 fas·

504 4232 582 4319 que
607 4181 763 4288 alienam
787 4204 921 4288 urbem
955 4201 1186 4315 rapuissent,
1204 4227 1290 4318 post
1315 4204 1407 4288 inita
1439 4231 1577 4319 pacta,
1599 4204 1640 4288 in
1670 4234 1768 4320 quae
1784 4200 1959 4291 Pontifex

506 4322 623 4437 magis
636 4321 852 4407 necessitate
868 4350 1012 4438 ,quam
1028 4320 1183 4404 consilio
1204 4321 1476 4425 descendissem
1495 4351 1645 4439 pactum
1668 4323 1853 4407 tributum
1868 4352 1960 4436 pen-

506 4439 627 4525 dete
607 4439 879 4543 intermisisse,
893 4467 940 4522 ac
961 4436 1100 4522 ideirco
1116 4435 1249 4524 foedus
1278 4470 1366 4525 eum
1381 4440 1536 4527 violasse
1549 4439 1689 4526 videri:
1681 4469 1811 4559 quae
1822 4468 1960 4526 causae

504 4556 534 4641 si
555 4559 678 4642 ιιιιιιιιι
702 4561 918 4661 subessent,
932 4581 1059 4641 tamen
1085 4557 1316 4644 Barnabovis
1344 4558 1585 4693 tyrannidem
1618 4585 1698 4642 non
1736 4585 1813 4645 esse
1838 4554 1956 4643 feren

506 4675 610 4759 dam
611 4676 704 4793 ,qui
729 4671 917 4761 civitatem
935 4674 1213 4760 Bononiensem
1230 4677 1351 4760 nullo
1347 4676 1463 4790 aequi
1486 4675 1671 4792 bonique
1667 4700 1842 4792 respectu
1855 4705 1957 4791 quo-

501 4791 595 4879 tidie
625 4794 863 4908 compilaret
900 4796 1003 4875 Nam
1032 4790 1098 4905 qui
1126 4818 1305 4907 putarent
1330 4795 1515 4931 oppidum
1543 4822 1651 4881 non
1646 4823 1757 4910 posse
1785 4794 1958 4899 retineri,

500 4911 634 5068 timide
656 4910 783 5000 eosicl
804 4908 1075 5036 temporisecel
1075 4908 1251 4998 esiasticas
1264 4912 1362 5001 vites
1387 4914 1508 5000 mem
1524 4941 1763 5031 ,parumque
1778 4912 1954 5032 Aegidii,

1891 5060 1961 5121 31⁶
