4140 5872
416 400 1305 494 uuustuuouaxouxtvoxuu.
1498 418 1560 505 1⁶5

143 529 374 627 moravimus
389 592 402 638 ,
418 527 622 643 Januario,
639 523 762 611 Sextili
777 550 893 640 atque
909 526 1111 612 Decembri
1125 526 1204 613 bini
1220 527 1296 612 dies
1312 553 1585 639 accrescerent,

148 649 432 770 Aprili,]unio,
450 641 681 761 Septembri,
698 643 931 749 Novembri,
947 644 1104 760 singuli:
1126 668 1170 728 ut
1190 669 1401 732 ceterorum
1417 652 1592 738 omnium

147 774 324 887 cujusque
348 790 493 883 praeter
520 760 759 848 Februarium
773 820 787 866 ,
801 762 869 875 qui
900 792 1026 847 suum,
1041 789 1240 847 numerum
1265 764 1442 869 retinuit,
1459 768 1590 855 triceni

143 889 278 1008 singuli
306 886 382 972 dies
408 903 692 971 numerarentur
710 940 723 984 ,
739 879 878 967 horum
907 902 1073 995 quatuor
1097 878 1248 964 triceni.
1281 884 1366 965 Nec
1380 882 1479 968 enim
1493 890 1589 972 Cae·

143 1035 229 1113 sar,
255 1006 377 1091 homo
395 1000 546 1086 minime
573 996 863 1112 superstitiosus,
881 1024 1127 1083 numerorum
1143 995 1359 1111 religionem
1383 1003 1593 1088 commodi·

146 1123 217 1211 tati
245 1120 399 1208 rationis
422 1116 728 1232 anteponendam
744 1113 909 1230 putavit.
940 1117 1064 1202 Porto
1089 1142 1138 1199 ne
1152 1114 1342 1228 quadrans
1357 1116 1429 1202 diei
1444 1179 1458 1222 ,
1475 1149 1593 1235 quem

145 1240 205 1327 sol
230 1240 327 1325 ultra
346 1261 532 1324 trecentos
547 1234 735 1350 sexaginta
750 1231 920 1348 quinque
949 1232 1027 1318 dies
1056 1262 1125 1317 suo
1147 1256 1258 1316 motu
1288 1228 1364 1318 fere
1391 1237 1592 1345 consumit,

146 1357 217 1444 diu
248 1385 293 1443 ac
311 1383 419 1470 saepe
444 1350 705 1466 multiplicatio
728 1377 874 1466 pareret
903 1350 1112 1440 multorum
1128 1349 1273 1435 dierum
1297 1378 1489 1459 errorem,
1514 1356 1592 1471 pla-

145 1474 227 1561 cuit
241 1471 429 1588 ,expleris
443 1494 609 1587 quatuor
629 1468 758 1572 annis,
777 1467 816 1552 id
837 1493 918 1574 est,
937 1467 1075 1583 quinto
1091 1482 1248 1582 quoque
1275 1495 1403 1574 anno,
1420 1470 1520 1555 diem
1543 1502 1593 1557 u·

147 1620 240 1678 num
255 1590 456 1695 Februario
481 1616 609 1673 mense
634 1585 860 1673 intercalati.
883 1584 1008 1692 Quod
1028 1614 1117 1671 cum
1140 1584 1292 1701 triginta
1317 1614 1379 1672 sex
1399 1599 1593 1675 annos‘sa·

146 1712 344 1798 cerdotum
360 1733 527 1822 ,quarto
549 1731 620 1819 pro
635 1704 772 1819 quinto
799 1731 956 1820 quoque
981 1731 1085 1788 anno
1108 1703 1402 1789 intercalanrium
1421 1766 1433 1810 ,
1453 1705 1594 1794 inscitia

147 1822 273 1915 fitbset
288 1819 650 1940 perperamfacrum
667 1881 681 1928 ,
697 1825 890 1936 Augustus
905 1825 1042 1910 Caesar
1058 1881 1072 1927 ,
1088 1820 1223 1923 omissa
1247 1820 1449 1907 duodecim
1474 1825 1594 1910 conti·
1672 1916 1673 1921 Ν

147 1945 234 2030 nuis
262 1941 367 2028 annis
391 1937 694 2044 intercalatione,
710 1938 1024 2042 incommodum,
1042 1939 1249 2051 quoderat
1278 1963 1474 2053 acceptum
1490 2001 1505 2046 ,
1519 1972 1592 2028 sus·

148 2060 263 2167 tulit,
292 2083 510 2173 annumque
538 2054 682 2171 redegit
709 2054 748 2140 in
775 2055 948 2142 eamdem
975 2050 1166 2162 formam,
1189 2072 1267 2171 qua
1288 2053 1410 2143 fuerat
1438 2053 1461 2142 a
1491 2059 1594 2170 Julio
1780 2167 1785 2175 ι

145 2179 395 2265 constitutus.
427 2177 541 2272 Quae
574 2173 673 2258 ratio
696 2197 737 2260 et
758 2167 882 2259 forma
909 2199 993 2261 tum
1016 2173 1132 2277 anni,
1157 2198 1242 2258 tunt
1265 2175 1378 2260 etiam
1410 2177 1594 2264 mensium
1686 2210 1689 2222 ι

148 2296 322 2411 quamvis
345 2323 489 2411 magno
503 2318 689 2378 consensu
711 2317 862 2406 recepta
877 2288 988 2378 fuerit
1003 2304 1033 2376 a
1048 2289 1262 2405 posteritate
1276 2289 1501 2406 ecclesiaque
1516 2299 1591 2379 Ro·

150 2443 293 2520 mana,
316 2414 420 2499 etad
437 2411 538 2494 hunc
567 2435 689 2526 usquc
713 2409 813 2495 diem
840 2433 1013 2511 retenta,
1036 2430 1080 2492 ut
1095 2408 1267 2493 omnium
1292 2409 1594 2499 commodissima

149 2558 192 2617 et
206 2532 256 2618 ad
272 2530 355 2616 solis
369 2557 521 2615 cursum
537 2523 945 2612 accommodatissima:
960 2520 1152 2638 dupliciter
1173 2549 1301 2610 tamen
1324 2526 1374 2610 ita
1387 2525 1594 2639 depravata

145 2672 209 2734 est
227 2708 239 2754 ,
255 2673 299 2735 ut
314 2677 459 2753 annus,
474 2673 556 2761 quo
574 2670 676 2728 nunc
700 2643 860 2746 urimur,
877 2641 1007 2759 viginti
1030 2637 1106 2726 fere
1130 2641 1275 2728 dierum
1292 2638 1498 2755 differentia
1522 2644 1595 2732 dis·

143 2791 279 2880 crepet
302 2767 352 2852 ab
379 2764 438 2851 illa
463 2760 622 2851 naturali
647 2785 687 2848 ct
711 2761 926 2878 incorrupta
949 2757 1101 2868 forma,
1122 2787 1241 2878 quam
1267 2759 1415 2849 tradere
1437 2764 1594 2877 posteris

144 2886 292 2978 ‘Caesar‘
316 2884 384 2969 sibi
408 2901 680 3000 proposuerat.
805 2931 806 2939 κ
1524 2962 1526 2965 ,

209 3005 262 3086 V.
321 3001 564 3117 Depravandi
583 3029 676 3089 vero
693 2998 882 3089 notissima
904 3023 961 3087 est
985 2997 1168 3118 plerisque
1183 2999 1358 3089 omnibus
1373 2997 1488 3090 altera
1503 3031 1591 3091 cau·
1607 3001 1788 3122 ἑξιῗξῃξᾞξ

143 3147 193 3205 sa
209 3118 347 3234 ,quod
374 3119 457 3205 solis
476 3128 737 3205 'cursusanno'
754 3148 835 3205 non
858 3142 986 3204 totum
1011 3119 1114 3203 illum
1129 3120 1202 3206 diei
1218 3181 1230 3226 ,
1248 3121 1298 3207 de
1312 3152 1395 3237 quo
1405 3122 1590 3231 diximus,
1608 3137 1662 3180 ⁸⁸⁶·

151 3238 408 3351 quadrantem
427 3266 513 3323 cum
538 3266 642 3322 anno
665 3235 882 3350 consumit,
909 3237 976 3322 sed
1003 3265 1200 3350 supersunt
1227 3237 1304 3350 ejus
1333 3236 1478 3354 aliquot
1508 3244 1593 3327 mo-

150 3379 278 3448 menta
295 3417 309 3460 ,
325 3384 424 3470 quae
443 3351 580 3440 Graeci
603 3379 691 3440 vtum
712 3356 844 3437 λεπταὶ
862 3411 876 3458 ,
897 3376 979 3437 tum
1003 3351 1177 3466 ἒξιιωστιὶ
1203 3364 1344 3439 vrnuta
1373 3356 1450 3443 sive
1474 3368 1591 3444 minu·

149 3479 228 3554 rias
242 3496 282 3558 et
300 3481 556 3582 sexagesimus
569 3479 783 3581 particulas
796 3468 1014 3556 nominant:
1029 3498 1132 3585 quae
1148 3474 1359 3575 aCaesare,
1377 3499 1420 3559 ut
1432 3503 1490 3562 res
1507 3505 1586 3589 par·

150 3587 191 3674 vi
206 3590 410 3696 momenti,
427 3589 624 3706 neglecta,
641 3589 916 3703 diutissimeque
931 3587 1196 3703 multiplicata,
1216 3588 1360 3675 dierum
1377 3587 1450 3700 jam
1468 3593 1590 3678 credet

151 3704 223 3790 cim
239 3734 400 3792 errorem
420 3731 669 3823 pepererunt,
685 3732 729 3792 ut
750 3707 871 3792 solent
891 3734 916 3789 a
936 3704 1057 3820 parvis
1072 3705 1180 3791 initiis
1196 3735 1346 3801 errores
1373 3706 1412 3791 in
1432 3706 1588 3795 immen-

150 3852 235 3907 sum
258 3851 456 3939 augescere
481 3824 787 3952 progrediendo:
807 3847 847 3907 et
873 3821 942 3907 nisi
968 3821 1211 3938 provideatur
1227 3884 1240 3930 ,
1256 3824 1372 3910 totius
1398 3826 1487 3909 anni
1501 3825 1591 3940 ejus·

149 3968 228 4054 que
242 3965 458 4055 temporum
485 3966 523 4027 et
550 3946 731 4026 festorum
746 3940 846 4026 ordo
871 3963 1068 4054 tantopere
1098 3935 1353 4028 confundetur
1373 4000 1393 4039 ,ι
1414 3967 1457 4029 ut
1475 3943 1592 4030 sithi-

150 4082 229 4143 ems
255 4058 440 4144 mensibus
466 4057 555 4144 olim
584 4059 760 4165 aestivis,
782 4083 899 4144 aestas
929 4055 1117 4159 bibernis,
1144 4082 1227 4143 tum
1255 4058 1391 4144 Christi
1423 4056 1591 4148 fervente

149 4173 344 4280 canicula,
362 4176 518 4288 Joannis
535 4177 724 4292 baptistae
750 4174 872 4261 natale
903 4174 943 4259 in
969 4172 1167 4292 frigoribus
1195 4174 1429 4261 celebretur.
1464 4177 1592 4265 Altera

148 4286 425 4402 depravationis
439 4323 551 4380 causa
567 4319 620 4381 est
638 4358 652 4401 ,
674 4322 791 4411 quam
806 4294 1001 4408 hucusque
1021 4295 1071 4377 ab
1084 4291 1259 4377 omnibus
1274 4291 1484 4411 corrigendi
1502 4296 1592 4386 anni

148 4405 364 4490 auctoribus
378 4412 670 4522 praetermissam
698 4440 775 4498 esse
798 4410 959 4497 demiror
973 4471 985 4514 ,
998 4409 1107 4524 quod
1134 4406 1354 4525 principium
1369 4411 1475 4525 primi
1491 4444 1590 4500 men·

146 4523 196 4608 sis
220 4521 427 4634 sejunctum
450 4553 506 4613 est
530 4530 579 4614 ab
605 4530 696 4616 anni
718 4528 895 4615 muralis
920 4527 1052 4632 initio,
1069 4526 1109 4611 id
1134 4551 1217 4633 est,
1234 4527 1410 4614 calendae
1427 4531 1595 4641 Januarii

120 4640 199 4756 ab
225 4641 383 4728 hiberno
409 4643 588 4730 solstitio.
621 4652 726 4733 Nam
749 4675 793 4731 ut
821 4675 895 4750 ea,
922 4673 1039 4760 quam
1070 4643 1265 4751 diximus,
1289 4645 1593 4735 commodissima
1640 4660 1655 4684 ⁰

146 4758 244 4844 tario
266 4760 402 4847 tradita
428 4766 583 4876 posteris
613 4789 667 4851 est
696 4794 720 4846 a
743 4767 902 4848 Caesare
926 4763 1106 4848 dictatore
1131 4792 1196 4877 per
1226 4791 1369 4849 novam
1398 4763 1593 4851 institutio·

143 4903 234 4963 nem
251 4938 264 4987 ,
282 4878 331 4968 sic
356 4906 568 4999 numquam
593 4880 628 4970 ei
657 4879 892 5003 proposituri
919 4877 989 4970 luit
1010 4881 1219 5000 quidquam
1254 4885 1402 4997 praeter
1426 4904 1593 5088 vererlpm

141 5061 142 5065 =
1550 5027 1597 5088 Os
