4192 5880
580 401 622 494 ,ι
969 390 1191 470 nanum
1225 392 1571 470 castinum

549 519 729 634 „coactis
745 518 882 609 viribus
897 518 1036 635 ‚quod
1061 516 1198 655 magis
1194 512 1276 605 fore
1300 517 1502 631 putabam,
1521 516 1661 635 praelio
1689 542 1785 608 esset
1797 513 2004 613 decernen-

554 642 690 753 „dum
706 703 718 747 ,
733 665 878 729 vestrae
891 640 1048 755 quidem
1071 635 1227 743 virtuti,
1244 634 1334 720 ιιιίιιι
1365 638 1489 723 multis
1500 640 1725 775 magnisque
1747 640 1911 757 periculis
1934 673 2002 732 co·

545 822 573 867 ‚,
594 761 750 876 gnitae,
767 787 1004 874 summopere
1017 699 1256 842 confidebain
1273 817 1285 861 ‚
1301 783 1346 839 ac
1374 757 1587 843 strenuitate
1612 761 1834 846 recreabar:
1861 770 1998 878 anceps

545 903 717 989 „tamen
750 878 901 963 fortuna
917 876 1002 960 belli
1026 874 1237 1010 dubiusque
1268 898 1425 960 eventus
1452 876 1700 962 indubitatam
1720 878 1999 967 multitudinem

544 1059 572 1105 „
590 996 755 1081 hostium
783 996 910 1079 animo
934 993 1254 1127 praecipientem
1237 1021 1300 1078 me
1323 993 1473 1077 anxium
1497 995 1677 1081 habebat.
1710 1002 1826 1082 Nunc
1838 1026 1926 1083 cum
1941 1028 1999 1085 res

545 1142 635 1224 „eo
651 1114 814 1200 deducta
844 1114 917 1217 sit,
935 1139 978 1197 ut
994 1110 1171 1246 tyranni,
1190 1109 1256 1226 qui
1279 1110 1466 1197 universas
1482 1142 1574 1226 opes
1588 1142 1669 1199 non
1696 1114 1814 1200 inutili
1844 1116 1998 1204 consilio

546 1293 574 1342 ,‚
589 1230 852 1335 contulerant,
873 1230 957 1320 satis
973 1229 1109 1346 gnari,
1128 1228 1232 1314 haud
1248 1228 1432 1313 alitersuis
1448 1230 1584 1316 viribus
1607 1255 1778 1318 nostrum
1796 1234 1997 1320 exercitum

544 1411 573 1459 ,‚
586 1377 662 1434 esse
678 1292 943 1452 tolerandum,
959 1347 1081 1432 divisis
1108 1347 1222 1459 copiis
1239 1375 1406 1463 pugnare
1426 1372 1634 1480 cogantur.
1654 1349 1747 1465 quid
1762 1352 1916 1437 tandem
1932 1381 1994 1440 ex-

545 1467 825 1575 „istimandum
841 1490 922 1571 est,
935 1466 1002 1549 nisi
991 1464 1145 1551 Deum
1158 1463 1362 1571 Christum,
1377 1495 1447 1581 pro
1472 1466 1574 1581 cujus
1591 1468 1740 1554 ecclesia
1762 1468 1902 1554 bellum
1925 1500 1997 1586 ge·

547 1584 726 1693 „rimus,
743 1584 929 1670 vindicem
951 1583 1102 1685 adesse,
1122 1606 1162 1668 et
1180 1611 1334 1668 suorum
1360 1584 1526 1670 hostium
1540 1585 1667 1669 animis
1681 1588 1852 1672 tenebras
1883 1585 1997 1673 obfu-

546 1764 574 1810 ‚,
588 1702 702 1788 disse.
727 1726 771 1787 ut
786 1703 834 1788 de
851 1701 999 1818 regibus
1016 1644 1338 1787 Ambrrhaeorum
1353 1702 1460 1787 sacris
1474 1703 1599 1788 litteris
1613 1703 1804 1818 proditum
1817 1727 1885 1808 est,
1897 1732 1998 1819 quos

351 1859 430 1924 rome
440 1864 483 1909 ιο
544 1882 572 1927 ‚,
585 1823 760 1904 turbavit
779 1824 962 1904 Dominus
976 1847 1001 1901 a
1005 1817 1117 1922 saue
1134 1820 1282 1923 lsrae'i,
1242 1827 1337 1902 let
1354 1829 1537 1903 contrivit
1548 1827 1595 1930 pl
1593 1847 1669 1929 aga
1698 1846 1832 1954 magna
1861 1829 1900 1902 in
1916 1822 1996 1905 Ga·

546 1940 699 2045 ‚,baon.
731 1937 812 2032 Qui
826 1966 914 2021 cum
927 1935 1239 2051 partecopiarum
1256 1960 1467 2022 nostrarum
1498 1935 1700 2054 confligere
1717 1938 1815 2043 rati,
1834 1937 1996 2026 solidum

546 2054 788 2163 „exercitum
809 2057 934 2141 adesse
962 2081 1055 2140 tunc
1082 2055 1239 2140 demum
1268 2053 1457 2159 sentient,
1475 2082 1563 2139 cum
1588 2084 1667 2140 sera
1692 2083 1842 2173 pugnae
1867 2059 1997 2168 poeni-

546 2234 577 2281 „
591 2172 709 2260 tentia
731 2174 939 2279 subeunte,
956 2201 1036 2259 non
1052 2172 1119 2257 nisr
1109 2170 1250 2290 fugae
1267 2171 1371 2257 locus
1387 2172 1483 2258 erit:
1500 2200 1617 2288 quam
1641 2197 1770 2258 tamen
1802 2173 1998 2289 plerosque

548 2320 725 2398 „eorum
739 2319 820 2376 non
845 2291 982 2379 invitos
1009 2317 1199 2406 arreptum
1221 2293 1275 2374 ire
1290 2315 1435 2376 certum
1451 2290 1596 2377 habeo.
1633 2297 1717 2376 Nec
1747 2292 1846 2376 enim
1877 2313 2014 2407 genus

547 2468 577 2516 „
590 2409 676 2494 belli
696 2408 827 2493 nobis
818 2434 990 2524 ignotum
1015 2433 1100 2514 est,
1115 2433 1183 2495 aut
1193 2407 1356 2493 hostis
1347 2435 1559 2543 ignoratur
1594 2406 1696 2492 Cum
1719 2407 1774 2493 his
1796 2433 1852 2494 est
1875 2409 1997 2515 vobis,

548 2585 578 2634 „
592 2527 732 2631 milites,
750 2525 1016 2632 dimicandum,
1035 2526 1103 2641 ι]ιιι
1125 2555 1307 2642 tyrannos
1319 2555 1419 2610 exosr
1408 2526 1566 2630 duces,
1578 2551 1622 2610 ut
1635 2522 1917 2611 hominumfert
1932 2555 1998 2611 na·

548 2668 699 2751 „tura
715 2644 913 2729 trahuntur
938 2643 1055 2761 magis
1083 2643 1133 2729 ad
1162 2644 1429 2730 exsecrandum
1445 2587 1609 2749 bellurh,
1637 2674 1753 2779 quam
1781 2643 1994 2750 ducuntur,

548 2819 579 2870 „
591 2761 682 2847 nihil
697 2761 812 2879 magis
826 2790 943 2877 quam
957 2757 1115 2879 fugere,
1131 2791 1160 2846 ιι
1149 2762 1254 2848 ''id
1244 2789 1398 2896 impune
1420 2760 1526 2846 liceat
1544 2821 1555 2866 ,
1573 2763 1709 2874 parati.
1744 2766 1872 2846 Taceo
1888 2763 1998 2876 quod

549 2880 756 2989 „veterani
781 2879 910 2965 milites
940 2908 1028 2965 cum
1054 2905 1191 2992 tyrone
1218 2880 1381 2964 exercitu
1404 2878 1604 2994 pugnaturi
1621 2880 1729 2964 estis
1721 2878 1940 2994 ,religiosi,
1958 2905 2000 2966 et

549 2998 721 3106 „animis
742 2998 999 3113 spiritibusque
1014 2998 1068 3082 ob
1084 2998 1320 3105 honestatem
1340 3024 1472 3080 causae
1488 2995 1586 3109 pleni
1618 3020 1658 3081 et
1672 2938 1880 3083 cohhrmati
1910 3024 2000 3081 cum

549 3115 769 3223 „sceleratis
801 3141 840 3201 et
862 3144 949 3202 suae
964 3114 1158 3228 impietatis
1188 3115 1412 3200 conscientia
1439 3111 1660 3246 profligatis.
1695 3111 1767 3199 Sed
1793 3138 1837 3199 ut
1863 3112 2000 3199 intelli-

550 3294 580 3342 „
592 3233 711 3351 gatis,
728 3232 859 3319 milites
888 3232 1050 3339 Christi,
1073 3258 1218 3348 quanta
1247 3231 1360 3317 animi
1375 3231 1617 3317 contentione
1645 3260 1813 3348 pugnam
1837 3257 2000 3345 capesse·

538 3362 540 3365 ’
550 3379 633 3460 ,,ιι
650 3351 812 3436 debeatis
827 3411 840 3456 ,
855 3351 985 3487 ponite
1011 3348 1242 3437 anreoculos
1256 3369 1399 3465 quanta
1414 3377 1539 3433 rerum
1568 3374 1762 3434 momenta
1791 3347 1998 3438 discrimine

551 3529 581 3577 ‚,
595 3466 704 3579 hujus
735 3470 941 3554 certaminis
955 3492 1168 3571 vertantur.
1204 3467 1326 3553 Vobis
1342 3468 1441 3553 enim
1457 3466 1642 3552 hodierno
1667 3466 1727 3552 die
1742 3464 1909 3551 Christus
1937 3493 1998 3550 ec·

553 3646 582 3694 „
596 3585 740 3671 clesiam
766 3616 871 3671 suam
897 3586 963 3672 sibi
983 3618 1053 3672 suo
1075 3611 1115 3673 et
1130 3586 1452 3671 innumerabilium
1468 3586 1687 3698 Martyrum
1715 3582 1893 3699 sanguine
1919 3611 2002 3718 par·

556 3765 585 3812 „
598 3727 677 3787 tam
701 3702 928 3808 committit,
947 3728 991 3789 ut
1005 3733 1089 3789 eam
1105 3727 1227 3791 vestra
1243 3704 1382 3790 virtute
1409 3732 1431 3788 e
1461 3698 1686 3787 nefariorum
1705 3701 1937 3784 hominum
1928 3731 2002 3785 rm-

553 3820 823 3936 „piorumque
841 3820 1031 3906 latronum
1047 3820 1219 3906 manibus
1233 3821 1417 3906 asseratis.
1434 3820 1500 3934 qui
1516 3850 1545 3904 ιι
1532 3818 1894 3952 superiores,quod
1909 3817 2001 3904 abo-

555 3998 583 4047 „
596 3937 743 4043 minor,
762 3939 985 4044 evasissent,
1000 3936 1160 4044 frustra,
1176 3938 1315 4025 credite
1338 3937 1428 4023 mihi
1445 3999 1457 4042 ‚
1474 3938 1719 4053 superioribus
1738 3935 1930 4052 praeliis
1894 3934 2005 4021 vicis-

554 4115 583 4163 „
595 4055 700 4140 setis.
729 4057 939 4191 Siquidem
934 4084 1022 4141 cum
1038 4001 1348 4191 inexplebilem
1323 4057 1418 4141 ιιιιιιι
1435 4080 1564 4141 ιιοιιιο
1581 4056 1805 4169 piorumque
1823 4051 2004 4166 sanguine

561 4173 815 4281 „satiassent,
831 4174 957 4258 erectis
982 4172 1122 4258 sceleris
1134 4173 1238 4258 sociis
1250 4173 1344 4288 ,ι]ιιι
1365 4197 1488 4259 vestra
1503 4174 1641 4262 virtute
1657 4173 1807 4283 jacent,
1826 4197 1907 4254 non
1934 4169 2006 4257 du·

556 4289 704 4399 „bium
731 4313 810 4393 est,
825 4290 917 4403 quin
942 4290 1128 4375 ecclesiam
1146 4319 1190 4374 ac
1223 4290 1440 4406 religionem
1455 4290 1742 4378 Christianam'
1732 4316 1897 4403 ipsorum
1928 4315 2005 4376 sce·

557 4408 677 4516 „lere
702 4402 959 4492 labefactatam
991 4407 1158 4493 funditus
1184 4431 1304 4492 essent
1330 4408 1513 4496 eversuri
1544 4409 1660 4493 ht
1634 4438 1662 4493 ιι
1689 4406 1777 4494 victi
1805 4429 1940 4508 erunt,
1959 4430 2004 4491 ut

558 4588 586 4634 „
600 4549 735 4628 erunt,
753 4523 844 4610 novi
860 4523 961 4609 enim
976 4551 1137 4611 vestram
1153 4524 1359 4630 virtutem,
1374 4551 1413 4612 et
1419 4555 1605 4662 praesens
1624 4553 1766 4610 numen
1781 4524 1907 4609 adesse
1923 4549 2005 4608 sen-

558 4703 586 4749 „
602 4643 685 4747 tio,
702 4642 898 4726 laceratam
921 4642 1108 4727 ecclesiam
1125 4642 1290 4730 reficietis
1304 4645 1517 4760 ,captivam
1534 4645 1573 4729 in
1587 4644 1792 4730 libertatem
1817 4640 2006 4746 assereris,

559 4818 587 4868 „
601 4783 640 4844 et
667 4760 914 4845 Christianam
940 4760 1153 4877 religionem
1185 4762 1357 4846 ultimum
1382 4764 1575 4849 discrimen
1606 4765 1808 4848 adeuntem
1837 4758 2007 4873 pristinae

559 4876 771 4996 „dignitati
786 4877 1002 4967 restituetis.
1032 4881 1135 4968 Cum
1150 4886 1238 4970 Deo
1258 4909 1350 4998 ergo
1367 4881 1490 4970 bene
1480 4906 1651 5000 yuvante,
1665 4879 1734 4969 virt
1722 4875 1887 4985 fortes,
1903 4905 2008 4961 arma

1902 5024 2007 5106 ”⁶²⁶
