4006 5850
499 355 582 444 ιιι
850 347 919 421 nn·
943 345 1064 423 nuru
1081 344 1229 421 >nunu
1253 349 1319 420 ar
1343 345 1542 421 ursanus.

401 483 405 490 “
478 476 611 576 -nubia‘
619 501 640 582 ,·
648 500 860 591 utcumque
879 473 1039 562 dabatur
1054 537 1067 582 ‚
1083 500 1184 592 runc
1192 471 1247 561 fas
1268 498 1348 567 erat
1366 475 1635 591 multiplicare:
1665 500 1755 592 post
1770 505 1867 564 vero
1881 483 1940 568 nli

489 597 705 684 necessitate
714 618 906 711 ¹causaque
932 595 1104 702 sublata,
1133 596 1301 682 habitam
1334 622 1412 680 esse
1442 595 1627 682 rationem
1645 596 1863 685 dilatandae
1878 629 1940 684 ca-

426 819 430 827 ,
488 715 627 804 citatis:
662 740 705 800 ut
728 714 833 830 plura
850 739 970 801 essent
995 714 1270 802 necessitudinis
1297 712 1510 829 amorisque
1526 715 1681 800 vincula
1697 716 1858 832 ‚quibus
1873 718 1939 805 ho

486 835 605 921 mines
632 834 919 951 astringerentur
944 896 960 940 ,Α
986 833 1015 918 si
1038 834 1134 920 inter
1154 833 1251 925 alios
1278 832 1460 949 cognatio
1482 891 1502 940 a,
1534 833 1630 919 inter
1658 833 1754 921 alios
1785 833 1937 928 affinitas

486 952 787 1049 benevolentiam
816 951 1038 1067 conciliaret.
1495 1004 1499 1011 -

491 1100 493 1110 ’
545 1072 641 1170 XV.
695 1071 864 1182 Diximus
889 1073 938 1159 de
965 1071 1310 1189 consanguinitate,
1339 1099 1438 1185 quae
1453 1099 1534 1158 non
1560 1071 1682 1158 solum
1691 1071 1831 1160 -obstat
1845 1103 1936 1161 con·

486 1192 675 1288 trahendo
704 1190 973 1297 matrimonio,
1002 1191 1069 1277 sed
1095 1190 1232 1278 dirimit
1263 1191 1378 1277 etiam
1404 1215 1663 1278 contractum.
1691 1193 1786 1306 jam
1802 1191 1936 1284 demi·

414 1321 417 1325 ’
488 1312 632 1417 nitate,
649 1339 749 1428 quae
774 1310 860 1396 huic
876 1308 1031 1396 finitima
1054 1334 1137 1417 est,
1166 1309 1395 1399 disseramus.

296 1411 413 1524 llll?
426 1411 494 1505 ⁶³⁶*
545 1433 652 1518 XVI.
714 1424 891 1515 Affinitas
919 1453 975 1515 est
1000 1427 1196 1517 vinculum
1223 1428 1607 1527 necessitudiriscum
1625 1429 1791 1517 externis
1805 1492 1821 1538 .‚
1837 1432 1936 1548 quod

384 1644 386 1647 ,
490 1578 539 1635 ex
566 1547 669 1636 coitu
695 1547 852 1634 naturali
871 1548 1239 1664 consanguineorum
1256 1547 1402 1635 exsistit.
1416 1549 1523 1636 licet
1538 1549 1638 1636 enim
1652 1549 1937 1666 aliquandopcr

488 1668 652 1755 vetitum
681 1667 925 1754 concubitum
936 1727 955 1773 „
985 1692 1052 1754 aut
1076 1695 1142 1782 per
1174 1667 1455 1754 matrimonium
1486 1666 1673 1782 pontificis
1708 1668 1936 1787 indulgentia

486 1786 760 1904 privilegioque
789 1806 1025 1874 contractum
1039 1813 1225 1904 congruat
1238 1847 1253 1893 f,
1264 1809 1314 1872 ut
1332 1786 1399 1902 qui
1415 1788 1721 1906 consanguineus
1737 1813 1833 1894 erat,
1844 1788 1935 1874 idem

489 1901 613 1994 affinis
638 1902 847 2011 efficiatur,
878 1905 953 1990 hoc
979 1930 1107 1993 tamen
1131 1934 1178 1991 ex
1201 1903 1382 1991 accidenti
1405 1933 1627 2024 praeterque
1653 1907 1846 1996 rationem
1866 1904 1937 2014 affi-

298 2036 476 2160 ‘3022ss
491 2025 613 2126 nitatis
638 2023 836 2142 contingit.
865 2028 970 2108 Nam
999 2053 1045 2109 ex
1070 2022 1194 2113 illicito
1225 2022 1337 2108 etiam
1360 2025 1567 2112 concubina
1600 2021 1830 2114 affinitatem
1855 2055 1936 2114 con·

299 2172 478 2270 pgr-2333·
490 2141 585 2229 trahi
596 2202 612 2246 a,
631 2141 844 2228 declaratid
859 2140 968 2258 quod
979 2142 1221 2229 Innocentius
1235 2141 1363 2228 tertius
1375 2143 1437 2230 ad
1450 2142 1788 2258 Archiepiscopum
1802 2147 1937 2261 Stn'go·

470 2252 653 2351 'mensem
682 2257 887 2376 rescripsit:
919 2257 1112 2369 Affinitas
1127 2320 1140 2368 ,
1157 2260 1277 2377 inquit
1292 2321 1305 2366 ‚
1318 2277 1408 2370 post
1433 2270 1707 2353 matrimonium
1721 2271 1842 2370 inique
1857 2287 1935 2346 corr·

491 2397 648 2487 tractu,
677 2389 739 2467 'r'lli
757 2406 887 2466 nocere
896 2405 972 2465 -norr
992 2383 1124 2486 debet,
1150 2387 1215 2487 qui
1229 2384 1444 2486 iniquitatis
1458 2389 1659 2492 parriceps
1684 2388 1760 2468 nori
1777 2388 1932 2469 exsistis.

492 2499 800 2619 quuiturenim
823 2497 877 2587 de
892 2494 1073 2587 affinitate
1100 2528 1146 2586 ex
1176 2498 1391 2616 turpissimo
1423 2498 1528 2587 coitu
1556 2529 1645 2587 cum
1677 2501 1808 2588 uxoris
1836 2528 1934 2588 soro-

493 2650 534 2708 re
566 2645 670 2706 nata.
1411 2669 1413 2673 ν

344 2755 482 2810 ‘affinium
556 2739 679 2825 xvn
732 2731 938 2827 llffinitatis
960 2754 1077 2855 porto
1091 2765 1229 2855 genera
1242 2762 1389 2827 ueteres
1406 2738 1476 2825 tria
1491 2768 1569 2830 esse
1584 2741 1806 2828 statuebant
1821 2801 1834 2846 ‚
1849 2763 1936 2854 quae

304 2817 484 2882 generaexpll·
595 2857 605 2874 ‚

304 2894 398 3001 2¹1¹:ss
400 2881 434 2990 gg
440 2880 486 2987 gl
499 2855 735 2945 matrimonia
759 2856 997 2945 infirmarent.
1028 2855 1139 2943 Prinu
1156 2856 1308 2975 generis
1333 2854 1492 2944 affinitas
1520 2888 1567 2948 ex
1590 2861 1697 2947 coitu
1725 2861 1804 2948 sive
1821 2855 1935 2943 matri

306 3001 405 3110 berge
415 3012 486 3065 cons·
495 2978 631 3066 monio
659 2977 926 3095 consanguinei
949 3006 1038 3064 cum
1070 3001 1222 3062 externa
1249 2977 1468 3063 nascebatur
1480 3008 1495 3062 .:
1522 3002 1567 3064 ut
1593 2979 1692 3064 inter
1725 2979 1884 3068 levirum
1903 2997 1937 3059 et

304 3072 333 3111 “
367 3089 390 3119 '⁹
500 3088 646 3215 glorem
662 3158 675 3203 ‚
700 3096 796 3182 inter
812 3095 918 3188 Esau
933 3156 946 3202 ‚
975 3093 1132 3209 exempli
1161 3095 1280 3212 gratia
1297 3156 1310 3202 ,
1333 3121 1372 3182 et
1385 3096 1528 3182 Rachel
1543 3124 1708 3185 uxorem
1739 3097 1864 3210 Jacob
1878 3089 1938 3180 lra-

501 3215 566 3303 tris
595 3215 683 3328 ejus.
714 3215 874 3302 Secundi
890 3243 1006 3329 porro
1033 3212 1203 3326 exprimi
1220 3215 1369 3328 generis
1389 3210 1612 3302 affiniscum
1627 3217 1819 3302 exteriore
1834 3246 1844 3300 :
1859 3241 1937 3329 qua·

500 3333 542 3421 lis
556 3358 651 3421 esset
672 3331 687 3445 (
703 3362 751 3419 ne
767 3364 789 3418 a
805 3332 1000 3449 proposito
1017 3331 1190 3447 exemplo
1206 3330 1571 3446 discedamus)·inter
1587 3334 1691 3415 Esau
1708 3356 1856 3418 etcum
1869 3329 1938 3445 qui,

502 3479 658 3540 mortuo
674 3451 824 3564 Jacob,
840 3451 981 3540 Rachel
995 3478 1150 3536 uxorem
1169 3450 1340 3536 duxisset.
1366 3455 1487 3536 Porto
1503 3448 1653 3535 tertium
1670 3479 1798 3566 genus
1812 3449 1939 3534 eodem

503 3572 626 3659 modo
643 3599 709 3688 per
726 3568 1004 3656 matrimonium
1021 3568 1098 3655 sive
1125 3568 1369 3654 concubitum
1390 3567 1541 3654 secundi
1555 3567 1701 3684 generis
1722 3565 1848 3654 affinis
1860 3560 1941 3651 effi

503 3691 681 3779 ciebatur.
710 3688 784 3776 Sed
801 3718 889 3775 cum
904 3714 982 3774 tam
998 3686 1113 3804 longe
1139 3686 1290 3802 lateque
1306 3711 1450 3801 pateret
1469 3681 1654 3792 affinitas,
1682 3711 1723 3774 et
1752 3686 1847 3772 olim
1872 3713 1942 3770 ma·

504 3807 732 3897 trimoniain
752 3807 858 3895 nullo
878 3835 959 3893 non
975 3820 1112 3924 genere
1126 3805 1352 3921 impediret,
1377 3803 1536 3893 concilio
1551 3830 1690 3897 ¹tamen
1710 3800 1943 3893 Lateranenst’

313 3917 520 4044 ε,ξὲξξῖὲίξέἓ(
536 3929 595 4015 cui
611 3922 770 4044 praefuit
787 3927 1030 4012 Innocentius
1054 3923 1209 4041 tertius)
1233 3924 1452 4040 antiquatae
1467 3949 1555 4010 sunt
1582 3924 1684 4041 leges
1709 3920 1941 4040 pontificiae,

505 4044 729 4137 insecundo
753 4069 793 4132 et
820 4045 933 4132 tertio
956 4072 1100 4162 genere
1124 4041 1362 4130 matrimonia
1381 4043 1669 4130 interdicentes:
1700 4069 1742 4130 et
1767 4037 1943 4143 affinitas,

505 4199 606 4287 quae
629 4165 824 4254 connubiis
840 4194 927 4251 non
952 4193 1060 4271 secus
1078 4191 1131 4248 ac
1152 4161 1455 4280 consanguinitas
1484 4161 1676 4267 obstaret,
1704 4161 1760 4248 ad
1790 4157 1943 4278 primun

506 4312 657 4375 tantum
686 4294 805 4403 genus
815 4282 1014 4400 justissimis
1031 4282 1079 4368 de
1107 4282 1224 4368 causis
1239 4306 1418 4370 revocata
1432 4304 1810 4396 contractaque-est:
1840 4301 1943 4393 atqu

445 4502 450 4513 ,
506 4406 560 4493 ita
571 4429 764 4493 contracta
782 4467 794 4510 ,
821 4428 864 4490 ut
880 4401 1109 4519 prohibiti0,
1132 4400 1368 4516 quaeveteri
1382 4400 1519 4519 legein
1545 4399 1652 4486 omni
1668 4427 1817 4517 genere
1838 4397 1943 4483 adst·

327 4532 329 4536 '
508 4525 670 4642 primum
690 4551 808 4639 usque
835 4522 996 4639 gradum
1013 4582 1025 4626 ,
1041 4544 1085 4617 ut
1109 4520 1149 4606 in
1176 4519 1499 4725 consanguicqitqte
1521 4518 1756 4634 ,serpebat,
1784 4516 1944 4628 ddnceps

535 4648 631 4733 uarti
673 4644 783 4730 radus
825 4639 907 4725 rimi
957 4640 1073 4726 eneris
1089 4668 1138 4724 an
1166 4637 1375 4729 ustiisinrer
1409 4668 1435 4723 u
1463 4662 1599 4725 eretur.

316 4676 535 4882 „gitlffigq
563 4677 705 4851 XVlgll.
763 4672 915 4847 Giadus
930 4672 1058 4845 durem
1075 4669 1308 4846 in'agflinitate
1328 4756 1557 4845 numerandi
1584 4757 1720 4844 cadem
1747 4780 1946 4874 propemo-

505 4886 628 4998 dum,
654 4880 806 5002 quaein
821 4877 1142 5000 consangumitate
1155 4878 1252 4969 ratio
1266 4901 1335 4969 cst.
1369 4881 1473 4968 Nam
1488 4901 1533 4966 ut
1553 4875 1713 4967 intecta
1728 4875 1834 4967 linea
1853 4895 1946 4996 pater

1916 5010 1949 5077 cl
