4034 5858
563 355 633 432 DE
661 349 807 450 Jusrts
835 352 969 426 autur
1000 351 1168 428 causis.
1466 366 1531 457 '345

107 502 203 608 ergo
221 485 375 606 quidam
395 477 617 570 cavillantur
634 544 646 589 ,
664 477 919 597 evangelicam
936 479 1035 565 illam
1051 478 1346 595 compulsionem
1368 474 1418 570 ad
1433 513 1555 574 exem·
1612 521 1616 530 ’

102 610 254 725 plorum
280 632 321 693 et
350 602 613 691 miraculorum
639 602 717 688 vim
747 628 824 687 esse
852 597 1114 704 referendam,
1140 601 1439 687 commentitium
1467 629 1551 710 est,

101 754 142 813 et
155 726 308 842 stropha
323 720 597 810 haereticorum
623 723 673 805 ab
692 719 907 836 Augustino
929 719 968 804 in
991 719 1126 809 eadem
1141 721 1191 805 ad
1219 718 1453 806 Bonifacium
1476 723 1552 838 epi-

101 845 198 931 stola
219 841 441 931 confutata.

158 967 284 1050 XXll.
344 962 416 1044 Aa
428 980 623 1067 quartum:
653 962 770 1075 Nego
786 957 1025 1044 commodius
1040 957 1220 1044 barbaros
1236 987 1303 1072 per
1319 956 1440 1044 solam
1452 989 1552 1074 prae·

99 1079 329 1169 dicationem
345 1078 395 1165 ad
421 1077 535 1164 fidem
560 1077 713 1183 induci,
741 1079 905 1192 quamsi
935 1079 1035 1192 prius
1058 1073 1196 1163 fuerint
1228 1076 1402 1164 debellati
1422 1108 1444 1160 r·
1460 1079 1552 1193 quin

97 1200 251 1316 potius,
275 1197 342 1285 nisi
358 1196 619 1302 debellentur,
650 1193 790 1281 multae
805 1221 1021 1312 etmagnae
1043 1192 1278 1283 difficultates
1293 1197 1432 1281 obsunt
1448 1226 1552 1311 prae·

103 1318 283 1404 dicationi
314 1340 355 1403 et
388 1315 657 1419 conversioni,
693 1314 742 1400 de
772 1313 909 1431 quibus
931 1343 1043 1429 supra
1068 1313 1245 1400 diximus.
1283 1316 1397 1412 Quae
1425 1315 1555 1403 omnia

98 1435 368 1550 impedimenta
384 1434 598 1540 tolluntur,
627 1433 655 1519 si
672 1432 771 1548 prius
786 1458 917 1550 gentes
945 1429 1142 1518 fuerintin
1169 1431 1468 1519 Christianorum
1499 1434 1554 1521 di·

96 1552 241 1640 tionem
256 1554 449 1642 redactae.
478 1559 611 1668 ltaque
626 1550 766 1636 bellum
785 1577 841 1637 est
855 1551 1098 1637 necessarium
1120 1552 1170 1636 ad
1186 1552 1502 1664 praedicationem
1513 1576 1553 1638 et

97 1673 413 1775 conversionem,
439 1701 518 1757 non
531 1669 685 1785 quidem
703 1668 938 1781 simpliciter,
956 1669 1022 1755 sed
1037 1669 1125 1784 quia
1142 1692 1269 1774 recte,
1302 1670 1378 1753 hoc
1392 1695 1474 1776 est,
1502 1671 1552 1755 si-

96 1818 147 1875 ne
169 1792 314 1907 magnis
331 1785 633 1892 difficultatibus,
650 1816 706 1872 res
722 1783 800 1871 ficri
817 1817 896 1873 non
915 1811 1067 1902 potest,
1100 1786 1167 1871 nisi
1188 1787 1363 1904 gentibus
1389 1788 1552 1878 debella·

96 1911 170 1993 tis.
204 1914 308 1994 Nam
334 1934 421 1993 cum
447 1906 690 1993 necessarium
717 1904 887 2021 quinque
909 1906 1030 1991 modis
1052 1906 1197 1992 dicatur
1224 1931 1378 1991 auctore
1405 1907 1552 1993 Aristo-
1590 1919 1742 1986 areant-‘a

95 2026 198 2130 tele,
226 2058 308 2114 uno
334 2026 454 2113 modo
478 2025 721 2110 necessarium
737 2024 777 2109 id
810 2053 887 2111 esse
915 2023 1127 2139 intelligitur
1154 2084 1168 2128 ,
1202 2023 1279 2108 sine
1300 2053 1381 2138 quo
1399 2053 1455 2108 res
1486 2052 1554 2113 aut

94 2146 282 2253 omnino,
313 2170 380 2230 aut
408 2169 508 2229 recte
524 2142 601 2228 fieri
616 2171 696 2227 non
711 2166 856 2256 potest.
892 2142 1038 2226 Bellum
1069 2142 1182 2258 igitur
1198 2142 1441 2227 necessarium
1467 2170 1551 2251 est,

96 2262 166 2347 nisi
195 2261 294 2350 sorte
317 2261 463 2349 barbari
489 2261 688 2349 voluntate
713 2321 725 2364 ,
749 2285 788 2344 et
811 2259 889 2344 sine
912 2258 1023 2344 armis
1060 2258 1099 2343 in
1134 2257 1316 2345 ditionem
1345 2261 1553 2379 redigeren-

96 2402 185 2464 tur.
215 2387 320 2465 Nam
353 2380 414 2468 via
427 2378 708 2494 praedicationis
723 2375 800 2463 sine
822 2377 896 2463 ulla
924 2377 963 2467 vi
990 2376 1108 2498 longa
1134 2401 1218 2485 est,
1245 2403 1283 2466 et
1311 2379 1434 2466 mutis
1452 2378 1552 2468 diffi-

100 2497 300 2584 cultatibus
325 2497 526 2613 impedita.

157 2619 297 2702 XXlll.
357 2619 430 2701 Ad
448 2627 639 2724 quintum:
672 2616 822 2735 Duplex
838 2616 912 2703 hoc
929 2619 969 2703 in
983 2615 1084 2704 bello
1100 2617 1251 2737 intelligi
1269 2644 1393 2737 potest
1418 2620 1552 2707 admo·

93 2733 214 2843 nitio,
242 2764 319 2821 una
334 2765 411 2851 qua
426 2766 500 2849 pax
516 2731 704 2842 offertut,
730 2737 758 2822 si
786 2732 941 2823 fecerint
956 2738 1163 2852 imperata,
1191 2765 1235 2824 ut
1264 2739 1484 2854 praecipitur
1511 2741 1551 2825 in
1626 2779 1629 2784 ’
1668 2838 1670 2842 ,

94 2854 400 2940 Deuteronomio
426 2854 482 2938 his
514 2853 670 2941 verbis:
704 2855 919 2961 Siquando
948 2867 1156 2940 accesseris
1189 2863 1242 2940 od
1268 2852 1552 2966 expugnandam
1615 2874 1641 2923 τ·
1655 2885 1705 2928 ιω

91 2978 314 3076 civitatem,
328 2971 462 3076 offero
478 2978 514 3054 ei
525 2979 690 3081 primum
701 2992 845 3081 pacem.
869 2974 918 3056 Si
933 2984 1135 3083 receperit,
1151 2990 1189 3057 et
1201 2984 1550 3086 aperueritportas,

90 3107 249 3173 cunctus
258 3098 433 3200 populus,
451 3097 516 3197 qui
541 3096 581 3174 in
598 3116 642 3172 ea
658 3108 729 3196 est,
746 3093 979 3195 salvabitur,
1001 3110 1042 3176 et
1057 3102 1200 3176 serviet
1216 3095 1290 3176 ribi
1307 3097 1547 3181 subtritam.

92 3208 207 3304 Quae
225 3208 437 3295 admonitio
452 3236 532 3293 non
549 3208 588 3292 in
611 3209 686 3294 hoc
702 3208 847 3314 solum,
867 3211 932 3296 sed
956 3211 994 3293 in
1011 3212 1117 3294 omni
1132 3210 1231 3298 bello
1246 3209 1339 3321 juste
1352 3208 1548 3300 inferendo

92 3327 294 3413 necessaria
311 3351 396 3433 est,
422 3326 451 3411 si
468 3323 565 3410 forte
582 3326 751 3433 ratione,
781 3351 847 3413 aut
861 3328 1145 3414 denuntiatione
1162 3329 1313 3442 periculi
1330 3392 1342 3433 ,
1364 3331 1441 3417 sine
1460 3361 1550 3417 san-

92 3445 209 3560 guine
235 3448 361 3531 hostes
394 3446 444 3531 ad
468 3442 699 3530 deditionem
725 3444 978 3560 compellere,
1007 3471 1045 3532 et
1070 3448 1178 3562 quod
1212 3449 1371 3562 petimus
1403 3451 1548 3565 assequi

88 3561 204 3647 detur
215 3625 230 3645 ..
262 3563 346 3650 Alia
361 3588 454 3650 esset
471 3562 709 3668 admonitio,
734 3562 782 3648 de
798 3591 875 3680 qua
890 3594 1001 3679 supra
1017 3567 1337 3672 memoravimus,
1360 3591 1400 3652 et
1429 3596 1547 3684 quam

89 3678 259 3766 inutilem
286 3682 367 3769 fore
399 3744 412 3791 ,
453 3710 497 3767 ac
524 3677 683 3797 proinde
702 3680 877 3768 omissam
895 3744 907 3792 ,
924 3706 965 3770 et
992 3682 1244 3774 omittendam
1276 3712 1353 3772 esse
1380 3685 1556 3772 demon-w

90 3822 313 3887 stravimus.

152 3922 299 4006 XXIV.
358 3924 431 4006 Ad
442 3937 588 4008 sextum
602 3924 815 4040 respondeo
832 3987 844 4031 ,
864 3923 972 4011 istam
987 3925 1172 4013 rationem
1190 3922 1279 4010 nihil
1304 3924 1421 4043 magis
1447 3953 1545 4013 con-

88 4059 150 4120 tra
168 4041 242 4127 hoc
271 4039 410 4126 bellum
436 4039 590 4148 lacere,
621 4073 738 4159 quam
768 4069 900 4130 contra
935 4069 1056 4131 cetera
1085 4107 1097 4148 ,
1128 4073 1371 4160 quacumque
1398 4045 1544 4130 ratione

88 4148 228 4242 fuerint
245 4160 370 4246 illata:
395 4161 457 4248 vix
483 4161 583 4247 enim
609 4190 791 4277 umquam
817 4161 956 4247 bellum
987 4188 1134 4280 gestum
1148 4188 1204 4250 est
1219 4163 1298 4248 sine
1323 4162 1467 4279 magnis
1481 4163 1544 4247 in·

93 4277 424 4364 commoditatibus
445 4305 483 4363 et
511 4279 686 4393 iacturis,
717 4280 794 4367 sine
824 4280 947 4396 aliqua
970 4281 1100 4390 iniuria
1125 4307 1163 4366 et
1193 4276 1394 4365 maleficio.
1427 4284 1541 4367 Cete-
1571 4377 1573 4382 Α

88 4416 177 4474 rum
203 4422 281 4478 non
297 4397 325 4479 si
342 4391 487 4482 difficile
512 4423 567 4483 est
582 4397 747 4504 bellum,
765 4423 805 4484 et
830 4428 997 4484 excausa
1014 4398 1139 4509 justa,
1169 4422 1360 4515 gerentem
1395 4398 1542 4511 injurias

87 4531 130 4592 et
155 4510 332 4596 maleficia
357 4542 489 4603 cavere
506 4517 675 4630 protinus
713 4542 769 4602 est
797 4516 1046 4630 impossibile,
1076 4545 1145 4602 nec
1165 4517 1320 4629 Principi
1336 4580 1347 4621 ‚
1365 4521 1467 4632 cujus
1485 4518 1541 4628 ju-

86 4650 176 4731 sta,
203 4631 263 4715 vel
288 4631 419 4743 iniusta
443 4662 554 4718 causa
581 4635 722 4720 bellum
752 4635 888 4745 justum
917 4631 1031 4739 facit,
1056 4662 1121 4721 aut
1147 4635 1300 4722 vicissim
1332 4635 1538 4747 injustum,

86 4747 312 4863 assignanda
328 4776 415 4836 sunt
444 4751 596 4836 crimina
611 4782 633 4835 a
660 4750 832 4836 militibus
849 4778 992 4866 praeter
1007 4754 1084 4868 ejus
1102 4753 1336 4843 voluntatem
1353 4752 1535 4853 admissn3

90 4892 227 5072 necTea
245 4898 290 4955 ex
315 4898 426 4958 causa
452 4868 547 4984 justa
564 4868 738 4984 injustam
772 4865 916 4958 faciunt
943 4871 1018 4960 sive
1052 4867 1327 4958 damnandam.
1364 4871 1486 4974 Quod
1514 4869 1544 4951 si

191 5015 260 5072 om.
276 4988 346 5076 IV.
