<?xml version="1.0" encoding="UTF-8"?>
<!DOCTYPE html PUBLIC "-//W3C//DTD XHTML 1.0 Transitional//EN"
    "http://www.w3.org/TR/xhtml1/DTD/xhtml1-transitional.dtd">
<html xmlns="http://www.w3.org/1999/xhtml" xml:lang="en" lang="en">
 <head>
  <title>
</title>
<meta http-equiv="Content-Type" content="text/html;charset=utf-8" />
  <meta name='ocr-system' content='tesseract 3.04.00' />
  <meta name='ocr-capabilities' content='ocr_page ocr_carea ocr_par ocr_line ocrx_word'/>
</head>
<body>
  <div class='ocr_page' id='page_1' title='image "./joannisgenesiis01sepgoog/joannisgenesiis01sepgoog_0581.png"; bbox 0 0 4020 5864; ppageno 0'>
   <div class='ocr_carea' id='block_1_1' title="bbox 462 319 1541 460">
    <p class='ocr_par' dir='ltr' id='par_1_1' title="bbox 462 319 1541 460">
     <span class='ocr_line' id='line_1_1' title="bbox 462 319 1541 460; baseline -0.004 -18"><span class='ocrx_word' id='word_1_1' title='bbox 462 395 467 405; x_wconf 92' lang='lat'><strong>·</strong></span> <span class='ocrx_word' id='word_1_2' title='bbox 537 371 543 376; x_wconf 90' lang='grc'><strong><em>·</em></strong></span> <span class='ocrx_word' id='word_1_3' title='bbox 632 365 1078 442; x_wconf 76' lang='grc' dir='ltr'>ιιιιιιιιιιιιιι</span> <span class='ocrx_word' id='word_1_4' title='bbox 1128 319 1141 325; x_wconf 54' lang='grc'><strong><em>’</em></strong></span> <span class='ocrx_word' id='word_1_5' title='bbox 1475 369 1541 460; x_wconf 80' lang='lat'>587</span> 
     </span>
    </p>
   </div>
   <div class='ocr_carea' id='block_1_2' title="bbox 7 491 1687 5068">
    <p class='ocr_par' dir='ltr' id='par_1_2' title="bbox 7 491 1687 5068">
     <span class='ocr_line' id='line_1_2' title="bbox 116 491 1687 622; baseline -0.008 -29.992"><span class='ocrx_word' id='word_1_6' title='bbox 116 500 355 622; x_wconf 81' lang='lat' dir='ltr'>displicere</span> <span class='ocrx_word' id='word_1_7' title='bbox 322 535 374 590; x_wconf 85' lang='lat' dir='ltr'>ats</span> <span class='ocrx_word' id='word_1_8' title='bbox 382 503 557 588; x_wconf 90' lang='lat' dir='ltr'>istorum</span> <span class='ocrx_word' id='word_1_9' title='bbox 583 498 818 604; x_wconf 89' lang='lat' dir='ltr'>consilium,</span> <span class='ocrx_word' id='word_1_10' title='bbox 847 523 927 581; x_wconf 89' lang='lat' dir='ltr'>non</span> <span class='ocrx_word' id='word_1_11' title='bbox 957 494 1046 612; x_wconf 92' lang='lat' dir='ltr'>quia</span> <span class='ocrx_word' id='word_1_12' title='bbox 1068 491 1210 580; x_wconf 86' lang='lat' dir='ltr'>faciunt</span> <span class='ocrx_word' id='word_1_13' title='bbox 1236 516 1369 580; x_wconf 87' lang='lat' dir='ltr'>contra</span> <span class='ocrx_word' id='word_1_14' title='bbox 1384 494 1562 580; x_wconf 82' lang='lat' dir='ltr'>caerimo</span> <span class='ocrx_word' id='word_1_15' title='bbox 1684 541 1687 546; x_wconf 94' lang='lat'>·</span> 
     </span>
     <span class='ocr_line' id='line_1_3' title="bbox 113 560 1560 753; baseline -0.006 -46"><span class='ocrx_word' id='word_1_16' title='bbox 113 626 190 709; x_wconf 91' lang='lat' dir='ltr'>nias</span> <span class='ocrx_word' id='word_1_17' title='bbox 214 650 253 708; x_wconf 90' lang='lat' dir='ltr'>et</span> <span class='ocrx_word' id='word_1_18' title='bbox 279 653 403 709; x_wconf 89' lang='lat' dir='ltr'>mores</span> <span class='ocrx_word' id='word_1_19' title='bbox 420 621 619 725; x_wconf 88' lang='lat' dir='ltr'>ecclesiae,</span> <span class='ocrx_word' id='word_1_20' title='bbox 642 643 707 704; x_wconf 87' lang='lat' dir='ltr'>aut</span> <span class='ocrx_word' id='word_1_21' title='bbox 724 560 845 734; x_wconf 79' lang='lat' dir='ltr'>legein</span> <span class='ocrx_word' id='word_1_22' title='bbox 862 615 988 753; x_wconf 91' lang='lat' dir='ltr'>potius</span> <span class='ocrx_word' id='word_1_23' title='bbox 1004 614 1259 699; x_wconf 84' lang='lat' dir='ltr'>firmissimam.</span> <span class='ocrx_word' id='word_1_24' title='bbox 1291 614 1438 700; x_wconf 90' lang='lat' dir='ltr'>Nam</span> <span class='ocrx_word' id='word_1_25' title='bbox 1411 645 1439 698; x_wconf 84' lang='lat' dir='ltr'>st</span> <span class='ocrx_word' id='word_1_26' title='bbox 1456 644 1560 727; x_wconf 87' lang='lat' dir='ltr'>prae·</span> 
     </span>
     <span class='ocr_line' id='line_1_4' title="bbox 111 679 1557 855; baseline -0.005 -30"><span class='ocrx_word' id='word_1_27' title='bbox 111 767 220 855; x_wconf 88' lang='lat' dir='ltr'>cepta</span> <span class='ocrx_word' id='word_1_28' title='bbox 237 744 422 855; x_wconf 81' lang='lat' dir='ltr'>majorum</span> <span class='ocrx_word' id='word_1_29' title='bbox 455 741 493 824; x_wconf 91' lang='lat' dir='ltr'>in</span> <span class='ocrx_word' id='word_1_30' title='bbox 524 679 674 854; x_wconf 77' lang='lat' dir='ltr'>singitlis</span> <span class='ocrx_word' id='word_1_31' title='bbox 702 736 931 850; x_wconf 86' lang='lat' dir='ltr'>provinciis,</span> <span class='ocrx_word' id='word_1_32' title='bbox 954 759 998 819; x_wconf 92' lang='lat' dir='ltr'>ut</span> <span class='ocrx_word' id='word_1_33' title='bbox 1028 734 1287 847; x_wconf 76' lang='lat' dir='ltr'>Hieronymus</span> <span class='ocrx_word' id='word_1_34' title='bbox 1302 733 1351 817; x_wconf 91' lang='lat' dir='ltr'>ad</span> <span class='ocrx_word' id='word_1_35' title='bbox 1373 732 1557 820; x_wconf 89' lang='lat' dir='ltr'>Licinium</span> 
     </span>
     <span class='ocr_line' id='line_1_5' title="bbox 107 852 1556 991; baseline -0.006 -47"><span class='ocrx_word' id='word_1_36' title='bbox 107 862 266 945; x_wconf 88' lang='lat' dir='ltr'>scribens</span> <span class='ocrx_word' id='word_1_37' title='bbox 291 886 347 945; x_wconf 90' lang='lat' dir='ltr'>est</span> <span class='ocrx_word' id='word_1_38' title='bbox 373 886 531 962; x_wconf 86' lang='lat' dir='ltr'>auctor,</span> <span class='ocrx_word' id='word_1_39' title='bbox 567 887 638 972; x_wconf 91' lang='lat' dir='ltr'>pro</span> <span class='ocrx_word' id='word_1_40' title='bbox 665 857 806 991; x_wconf 85' lang='lat' dir='ltr'>legibus</span> <span class='ocrx_word' id='word_1_41' title='bbox 840 852 1053 967; x_wconf 89' lang='lat' dir='ltr'>apostolicis</span> <span class='ocrx_word' id='word_1_42' title='bbox 1081 875 1169 937; x_wconf 89' lang='lat' dir='ltr'>sunt</span> <span class='ocrx_word' id='word_1_43' title='bbox 1201 852 1421 954; x_wconf 88' lang='lat' dir='ltr'>habenda,</span> <span class='ocrx_word' id='word_1_44' title='bbox 1455 877 1494 937; x_wconf 91' lang='lat' dir='ltr'>et</span> <span class='ocrx_word' id='word_1_45' title='bbox 1517 853 1556 936; x_wconf 95' lang='lat' dir='ltr'>in</span> 
     </span>
     <span class='ocr_line' id='line_1_6' title="bbox 104 971 1554 1092; baseline -0.005 -31"><span class='ocrx_word' id='word_1_46' title='bbox 104 979 353 1081; x_wconf 90' lang='lat' dir='ltr'>omnibus,</span> <span class='ocrx_word' id='word_1_47' title='bbox 344 979 535 1092; x_wconf 81' lang='lat' dir='ltr'>inquibus</span> <span class='ocrx_word' id='word_1_48' title='bbox 561 974 651 1059; x_wconf 89' lang='lat' dir='ltr'>nihil</span> <span class='ocrx_word' id='word_1_49' title='bbox 667 975 756 1059; x_wconf 89' lang='lat' dir='ltr'>certi</span> <span class='ocrx_word' id='word_1_50' title='bbox 789 971 919 1060; x_wconf 86' lang='lat' dir='ltr'>definit</span> <span class='ocrx_word' id='word_1_51' title='bbox 942 999 1043 1056; x_wconf 86' lang='lat' dir='ltr'>sacra</span> <span class='ocrx_word' id='word_1_52' title='bbox 1061 972 1271 1085; x_wconf 89' lang='lat' dir='ltr'>scriptura,</span> <span class='ocrx_word' id='word_1_53' title='bbox 1302 993 1345 1054; x_wconf 94' lang='grc' dir='ltr'>ιιι</span> <span class='ocrx_word' id='word_1_54' title='bbox 1376 971 1554 1085; x_wconf 85' lang='lat' dir='ltr'>Augusti</span> 
     </span>
     <span class='ocr_line' id='line_1_7' title="bbox 108 1088 1552 1205; baseline -0.003 -27"><span class='ocrx_word' id='word_1_55' title='bbox 108 1123 179 1178; x_wconf 90' lang='lat' dir='ltr'>nus</span> <span class='ocrx_word' id='word_1_56' title='bbox 197 1097 245 1181; x_wconf 93' lang='lat' dir='ltr'>ad</span> <span class='ocrx_word' id='word_1_57' title='bbox 264 1096 511 1181; x_wconf 89' lang='lat' dir='ltr'>Cassulanum</span> <span class='ocrx_word' id='word_1_58' title='bbox 541 1093 688 1197; x_wconf 86' lang='lat' dir='ltr'><strong>scribit,</strong></span> <span class='ocrx_word' id='word_1_59' title='bbox 718 1122 800 1177; x_wconf 90' lang='lat' dir='ltr'>mos</span> <span class='ocrx_word' id='word_1_60' title='bbox 829 1091 958 1205; x_wconf 92' lang='lat' dir='ltr'>populi</span> <span class='ocrx_word' id='word_1_61' title='bbox 977 1089 1050 1175; x_wconf 89' lang='lat' dir='ltr'>Dei</span> <span class='ocrx_word' id='word_1_62' title='bbox 1093 1116 1208 1205; x_wconf 89' lang='lat' dir='ltr'>atque</span> <span class='ocrx_word' id='word_1_63' title='bbox 1235 1089 1399 1174; x_wconf 81' lang='lat' dir='ltr'>instituta</span> <span class='ocrx_word' id='word_1_64' title='bbox 1429 1088 1552 1200; x_wconf 87' lang='lat' dir='ltr'>majo</span> 
     </span>
     <span class='ocr_line' id='line_1_8' title="bbox 93 1206 1551 1331; baseline -0.001 -37"><span class='ocrx_word' id='word_1_65' title='bbox 93 1236 191 1296; x_wconf 70' lang='lat' dir='ltr'>&#39;rum</span> <span class='ocrx_word' id='word_1_66' title='bbox 217 1243 287 1326; x_wconf 93' lang='lat' dir='ltr'>pro</span> <span class='ocrx_word' id='word_1_67' title='bbox 312 1213 395 1329; x_wconf 88' lang='lat' dir='ltr'>lege</span> <span class='ocrx_word' id='word_1_68' title='bbox 407 1212 572 1299; x_wconf 87' lang='lat' dir='ltr'>tenenda</span> <span class='ocrx_word' id='word_1_69' title='bbox 591 1235 702 1331; x_wconf 84' lang='lat' dir='ltr'>sunt:</span> <span class='ocrx_word' id='word_1_70' title='bbox 739 1234 888 1324; x_wconf 87' lang='lat' dir='ltr'>quanto</span> <span class='ocrx_word' id='word_1_71' title='bbox 919 1206 1089 1293; x_wconf 87' lang='lat' dir='ltr'>firmioris</span> <span class='ocrx_word' id='word_1_72' title='bbox 1118 1207 1265 1324; x_wconf 87' lang='lat' dir='ltr'>legis</span> <span class='ocrx_word' id='word_1_73' title='bbox 1229 1239 1307 1294; x_wconf 91' lang='lat' dir='ltr'>vun</span> <span class='ocrx_word' id='word_1_74' title='bbox 1345 1233 1551 1292; x_wconf 87' lang='lat' dir='ltr'>consuctu-</span> 
     </span>
     <span class='ocr_line' id='line_1_9' title="bbox 7 1325 1550 1454; baseline -0.003 -39"><span class='ocrx_word' id='word_1_75' title='bbox 7 1344 9 1350; x_wconf 72' lang='lat'>‘</span> <span class='ocrx_word' id='word_1_76' title='bbox 108 1329 162 1415; x_wconf 93' lang='lat' dir='ltr'>do</span> <span class='ocrx_word' id='word_1_77' title='bbox 180 1331 316 1416; x_wconf 89' lang='lat' dir='ltr'>habete</span> <span class='ocrx_word' id='word_1_78' title='bbox 334 1333 477 1435; x_wconf 89' lang='lat' dir='ltr'>debet,</span> <span class='ocrx_word' id='word_1_79' title='bbox 505 1359 604 1446; x_wconf 89' lang='lat' dir='ltr'>quae</span> <span class='ocrx_word' id='word_1_80' title='bbox 618 1328 785 1414; x_wconf 84' lang='lat' dir='ltr'>maximo</span> <span class='ocrx_word' id='word_1_81' title='bbox 805 1328 921 1413; x_wconf 91' lang='lat' dir='ltr'>totius</span> <span class='ocrx_word' id='word_1_82' title='bbox 952 1327 1051 1413; x_wconf 93' lang='lat' dir='ltr'>robis</span> <span class='ocrx_word' id='word_1_83' title='bbox 1073 1325 1273 1411; x_wconf 82' lang='lat' dir='ltr'>Christiani</span> <span class='ocrx_word' id='word_1_84' title='bbox 1303 1325 1550 1454; x_wconf 87' lang='lat' dir='ltr'>ecclesiaeque</span> 
     </span>
     <span class='ocr_line' id='line_1_10' title="bbox 104 1441 1549 1560; baseline -0.002 -29"><span class='ocrx_word' id='word_1_85' title='bbox 104 1446 143 1531; x_wconf 91' lang='lat' dir='ltr'>in</span> <span class='ocrx_word' id='word_1_86' title='bbox 161 1447 333 1535; x_wconf 87' lang='lat' dir='ltr'>Concilio</span> <span class='ocrx_word' id='word_1_87' title='bbox 347 1449 566 1536; x_wconf 88' lang='lat' dir='ltr'>Laodicensi</span> <span class='ocrx_word' id='word_1_88' title='bbox 581 1475 766 1533; x_wconf 88' lang='lat' dir='ltr'>consensu</span> <span class='ocrx_word' id='word_1_89' title='bbox 784 1471 931 1560; x_wconf 89' lang='lat' dir='ltr'>recepta</span> <span class='ocrx_word' id='word_1_90' title='bbox 945 1442 1243 1560; x_wconf 87' lang='lat' dir='ltr'>confirmataque</span> <span class='ocrx_word' id='word_1_91' title='bbox 1259 1468 1331 1548; x_wconf 90' lang='lat' dir='ltr'>est,</span> <span class='ocrx_word' id='word_1_92' title='bbox 1344 1468 1397 1548; x_wconf 91' lang='lat' dir='ltr'>et,</span> <span class='ocrx_word' id='word_1_93' title='bbox 1415 1468 1458 1527; x_wconf 92' lang='lat' dir='ltr'>ut</span> <span class='ocrx_word' id='word_1_94' title='bbox 1473 1441 1549 1528; x_wconf 86' lang='lat' dir='ltr'>fere</span> 
     </span>
     <span class='ocr_line' id='line_1_11' title="bbox 104 1561 1586 1682; baseline -0.002 -34"><span class='ocrx_word' id='word_1_95' title='bbox 104 1592 265 1675; x_wconf 89' lang='lat' dir='ltr'>constat,</span> <span class='ocrx_word' id='word_1_96' title='bbox 281 1568 521 1679; x_wconf 86' lang='lat' dir='ltr'>Hieronymo</span> <span class='ocrx_word' id='word_1_97' title='bbox 535 1590 573 1651; x_wconf 92' lang='lat' dir='ltr'>et</span> <span class='ocrx_word' id='word_1_98' title='bbox 591 1564 737 1682; x_wconf 84' lang='lat' dir='ltr'>ignatio</span> <span class='ocrx_word' id='word_1_99' title='bbox 752 1567 813 1677; x_wconf 87' lang='lat' dir='ltr'>J0.</span> <span class='ocrx_word' id='word_1_100' title='bbox 834 1563 1095 1680; x_wconf 86' lang='lat' dir='ltr'>Evangelistae</span> <span class='ocrx_word' id='word_1_101' title='bbox 1119 1561 1297 1677; x_wconf 84' lang='lat' dir='ltr'>discipulo</span> <span class='ocrx_word' id='word_1_102' title='bbox 1315 1561 1542 1666; x_wconf 90' lang='lat' dir='ltr'>auctoribus,</span> <span class='ocrx_word' id='word_1_103' title='bbox 1581 1580 1586 1653; x_wconf 74' lang='grc' dir='ltr'>ζ</span> 
     </span>
     <span class='ocr_line' id='line_1_12' title="bbox 103 1680 1546 1801; baseline -0.001 -36"><span class='ocrx_word' id='word_1_104' title='bbox 103 1683 175 1765; x_wconf 90' lang='lat' dir='ltr'>ab</span> <span class='ocrx_word' id='word_1_105' title='bbox 166 1714 249 1797; x_wconf 84' lang='lat' dir='ltr'>rpsrs</span> <span class='ocrx_word' id='word_1_106' title='bbox 266 1715 385 1801; x_wconf 87' lang='lat' dir='ltr'>usque</span> <span class='ocrx_word' id='word_1_107' title='bbox 400 1685 537 1769; x_wconf 86' lang='lat' dir='ltr'>Christi</span> <span class='ocrx_word' id='word_1_108' title='bbox 569 1686 629 1770; x_wconf 88' lang='lat' dir='ltr'>vel</span> <span class='ocrx_word' id='word_1_109' title='bbox 656 1682 927 1796; x_wconf 87' lang='lat' dir='ltr'>Apostolorum</span> <span class='ocrx_word' id='word_1_110' title='bbox 945 1682 1175 1794; x_wconf 86' lang='lat' dir='ltr'>temporibus</span> <span class='ocrx_word' id='word_1_111' title='bbox 1201 1680 1380 1793; x_wconf 89' lang='lat' dir='ltr'>repetita,</span> <span class='ocrx_word' id='word_1_112' title='bbox 1405 1681 1455 1765; x_wconf 93' lang='lat' dir='ltr'>ad</span> <span class='ocrx_word' id='word_1_113' title='bbox 1472 1708 1546 1763; x_wconf 86' lang='lat' dir='ltr'>no·</span> 
     </span>
     <span class='ocr_line' id='line_1_13' title="bbox 103 1796 1542 1918; baseline -0.004 -34"><span class='ocrx_word' id='word_1_114' title='bbox 103 1825 216 1886; x_wconf 90' lang='lat' dir='ltr'>stram</span> <span class='ocrx_word' id='word_1_115' title='bbox 234 1833 352 1918; x_wconf 86' lang='lat' dir='ltr'>usque</span> <span class='ocrx_word' id='word_1_116' title='bbox 381 1803 548 1887; x_wconf 91' lang='lat' dir='ltr'>manavit</span> <span class='ocrx_word' id='word_1_117' title='bbox 581 1809 765 1886; x_wconf 88' lang='lat' dir='ltr'>aetatem?</span> <span class='ocrx_word' id='word_1_118' title='bbox 793 1802 874 1894; x_wconf 92' lang='lat' dir='ltr'>Qui</span> <span class='ocrx_word' id='word_1_119' title='bbox 895 1829 988 1916; x_wconf 90' lang='lat' dir='ltr'>ergo</span> <span class='ocrx_word' id='word_1_120' title='bbox 1012 1798 1206 1883; x_wconf 87' lang='lat' dir='ltr'>moderate</span> <span class='ocrx_word' id='word_1_121' title='bbox 1237 1796 1408 1899; x_wconf 91' lang='lat' dir='ltr'>idem,</span> <span class='ocrx_word' id='word_1_122' title='bbox 1399 1826 1438 1880; x_wconf 93' lang='grc' dir='ltr'>ιιι</span> <span class='ocrx_word' id='word_1_123' title='bbox 1471 1824 1542 1879; x_wconf 89' lang='lat' dir='ltr'>oc</span> 
     </span>
     <span class='ocr_line' id='line_1_14' title="bbox 102 1914 1548 2036; baseline -0.002 -34"><span class='ocrx_word' id='word_1_124' title='bbox 102 1918 298 2036; x_wconf 89' lang='lat' dir='ltr'>cultoque,</span> <span class='ocrx_word' id='word_1_125' title='bbox 315 1921 426 2005; x_wconf 90' lang='lat' dir='ltr'>etiarn</span> <span class='ocrx_word' id='word_1_126' title='bbox 443 1920 520 2005; x_wconf 94' lang='lat' dir='ltr'>sine</span> <span class='ocrx_word' id='word_1_127' title='bbox 539 1920 751 2004; x_wconf 83' lang='lat' dir='ltr'>necessitate</span> <span class='ocrx_word' id='word_1_128' title='bbox 767 1915 951 2021; x_wconf 84' lang='lat' dir='ltr'>fecerint,</span> <span class='ocrx_word' id='word_1_129' title='bbox 969 1916 1142 2002; x_wconf 91' lang='lat' dir='ltr'>horum</span> <span class='ocrx_word' id='word_1_130' title='bbox 1133 1914 1343 2001; x_wconf 82' lang='lat' dir='ltr'>institutum</span> <span class='ocrx_word' id='word_1_131' title='bbox 1359 1915 1442 2029; x_wconf 91' lang='lat' dir='ltr'>quis</span> <span class='ocrx_word' id='word_1_132' title='bbox 1468 1942 1548 2000; x_wconf 94' lang='lat' dir='ltr'>non</span> 
     </span>
     <span class='ocr_line' id='line_1_15' title="bbox 102 2033 1542 2168; baseline -0.003 -49"><span class='ocrx_word' id='word_1_133' title='bbox 102 2062 211 2150; x_wconf 92' lang='lat' dir='ltr'>putet</span> <span class='ocrx_word' id='word_1_134' title='bbox 240 2067 262 2121; x_wconf 89' lang='lat' dir='ltr'>a</span> <span class='ocrx_word' id='word_1_135' title='bbox 283 2063 321 2124; x_wconf 89' lang='lat' dir='ltr'>te</span> <span class='ocrx_word' id='word_1_136' title='bbox 338 2039 440 2122; x_wconf 89' lang='lat' dir='ltr'>haud</span> <span class='ocrx_word' id='word_1_137' title='bbox 464 2038 674 2125; x_wconf 85' lang='lat' dir='ltr'>admodum</span> <span class='ocrx_word' id='word_1_138' title='bbox 692 2036 917 2148; x_wconf 80' lang='lat' dir='ltr'>improbari?</span> <span class='ocrx_word' id='word_1_139' title='bbox 950 2035 1167 2119; x_wconf 78' lang='lat' dir='ltr'>Praesertim</span> <span class='ocrx_word' id='word_1_140' title='bbox 1184 2063 1269 2118; x_wconf 91' lang='lat' dir='ltr'>cum</span> <span class='ocrx_word' id='word_1_141' title='bbox 1286 2034 1324 2117; x_wconf 89' lang='lat' dir='ltr'>in</span> <span class='ocrx_word' id='word_1_142' title='bbox 1350 2060 1415 2117; x_wconf 91' lang='lat' dir='ltr'>eos</span> <span class='ocrx_word' id='word_1_143' title='bbox 1432 2033 1542 2168; x_wconf 76' lang='lat' dir='ltr'>ipsos,</span> 
     </span>
     <span class='ocr_line' id='line_1_16' title="bbox 102 2150 1549 2269; baseline -0.004 -32"><span class='ocrx_word' id='word_1_144' title='bbox 102 2155 168 2268; x_wconf 92' lang='lat' dir='ltr'>qui</span> <span class='ocrx_word' id='word_1_145' title='bbox 198 2155 322 2269; x_wconf 91' lang='lat' dir='ltr'>palam</span> <span class='ocrx_word' id='word_1_146' title='bbox 353 2153 529 2260; x_wconf 86' lang='lat' dir='ltr'>faciunt,</span> <span class='ocrx_word' id='word_1_147' title='bbox 559 2180 598 2239; x_wconf 90' lang='lat' dir='ltr'>et</span> <span class='ocrx_word' id='word_1_148' title='bbox 626 2155 662 2239; x_wconf 95' lang='lat' dir='ltr'>in</span> <span class='ocrx_word' id='word_1_149' title='bbox 689 2154 890 2238; x_wconf 90' lang='lat' dir='ltr'>ludibrium</span> <span class='ocrx_word' id='word_1_150' title='bbox 930 2153 1239 2237; x_wconf 84' lang='lat' dir='ltr'>caerimoniarum</span> <span class='ocrx_word' id='word_1_151' title='bbox 1279 2177 1318 2237; x_wconf 88' lang='lat' dir='ltr'>et</span> <span class='ocrx_word' id='word_1_152' title='bbox 1345 2150 1549 2237; x_wconf 84' lang='lat' dir='ltr'>vetustissi-</span> 
     </span>
     <span class='ocr_line' id='line_1_17' title="bbox 103 2269 1546 2375; baseline -0.001 -23"><span class='ocrx_word' id='word_1_153' title='bbox 103 2300 188 2356; x_wconf 88' lang='lat' dir='ltr'>mae</span> <span class='ocrx_word' id='word_1_154' title='bbox 211 2275 490 2358; x_wconf 85' lang='lat' dir='ltr'>consuetudinis</span> <span class='ocrx_word' id='word_1_155' title='bbox 512 2272 715 2375; x_wconf 87' lang='lat' dir='ltr'>ecclesiae,</span> <span class='ocrx_word' id='word_1_156' title='bbox 742 2299 821 2357; x_wconf 91' lang='lat' dir='ltr'>non</span> <span class='ocrx_word' id='word_1_157' title='bbox 837 2272 939 2354; x_wconf 91' lang='lat' dir='ltr'>aliter</span> <span class='ocrx_word' id='word_1_158' title='bbox 963 2269 1337 2355; x_wconf 89' lang='lat' dir='ltr'>animadvertendum</span> <span class='ocrx_word' id='word_1_159' title='bbox 1362 2296 1438 2354; x_wconf 90' lang='lat' dir='ltr'>esse</span> <span class='ocrx_word' id='word_1_160' title='bbox 1455 2295 1546 2351; x_wconf 88' lang='lat' dir='ltr'>cen-</span> 
     </span>
     <span class='ocr_line' id='line_1_18' title="bbox 103 2329 1546 2520; baseline 0 -50"><span class='ocrx_word' id='word_1_161' title='bbox 103 2414 208 2492; x_wconf 87' lang='lat' dir='ltr'>seas,</span> <span class='ocrx_word' id='word_1_162' title='bbox 236 2418 353 2503; x_wconf 89' lang='lat' dir='ltr'>quam</span> <span class='ocrx_word' id='word_1_163' title='bbox 373 2415 417 2474; x_wconf 95' lang='lat' dir='ltr'>ut</span> <span class='ocrx_word' id='word_1_164' title='bbox 441 2329 748 2491; x_wconf 77' lang='lat' dir='ltr'>admoneanrui,</span> <span class='ocrx_word' id='word_1_165' title='bbox 779 2388 839 2473; x_wconf 93' lang='lat' dir='ltr'>vel</span> <span class='ocrx_word' id='word_1_166' title='bbox 855 2415 943 2470; x_wconf 87' lang='lat' dir='ltr'>cum</span> <span class='ocrx_word' id='word_1_167' title='bbox 961 2386 1211 2492; x_wconf 86' lang='lat' dir='ltr'>severissime,</span> <span class='ocrx_word' id='word_1_168' title='bbox 1227 2388 1339 2471; x_wconf 89' lang='lat' dir='ltr'>etiam</span> <span class='ocrx_word' id='word_1_169' title='bbox 1355 2386 1546 2520; x_wconf 84' lang='lat' dir='ltr'>increpen</span> 
     </span>
     <span class='ocr_line' id='line_1_19' title="bbox 101 2448 1544 2619; baseline -0.001 -31"><span class='ocrx_word' id='word_1_170' title='bbox 101 2526 192 2589; x_wconf 92' lang='lat' dir='ltr'>tur:</span> <span class='ocrx_word' id='word_1_171' title='bbox 220 2535 306 2591; x_wconf 91' lang='lat' dir='ltr'>cum</span> <span class='ocrx_word' id='word_1_172' title='bbox 324 2530 451 2592; x_wconf 89' lang='lat' dir='ltr'>tamen</span> <span class='ocrx_word' id='word_1_173' title='bbox 477 2530 654 2608; x_wconf 88' lang='lat' dir='ltr'>constet,</span> <span class='ocrx_word' id='word_1_174' title='bbox 677 2535 741 2590; x_wconf 90' lang='lat' dir='ltr'>eos</span> <span class='ocrx_word' id='word_1_175' title='bbox 758 2535 829 2618; x_wconf 93' lang='lat' dir='ltr'>pro</span> <span class='ocrx_word' id='word_1_176' title='bbox 857 2505 1047 2589; x_wconf 87' lang='lat' dir='ltr'>haereticis</span> <span class='ocrx_word' id='word_1_177' title='bbox 1072 2448 1294 2608; x_wconf 83' lang='lat' dir='ltr'>habendos,</span> <span class='ocrx_word' id='word_1_178' title='bbox 1320 2503 1385 2619; x_wconf 91' lang='lat' dir='ltr'>qui</span> <span class='ocrx_word' id='word_1_179' title='bbox 1417 2502 1544 2616; x_wconf 88' lang='lat' dir='ltr'>pervi-</span> 
     </span>
     <span class='ocr_line' id='line_1_20' title="bbox 101 2621 1545 2736; baseline 0.001 -32"><span class='ocrx_word' id='word_1_180' title='bbox 101 2623 235 2707; x_wconf 88' lang='lat' dir='ltr'>caciter</span> <span class='ocrx_word' id='word_1_181' title='bbox 255 2650 294 2709; x_wconf 91' lang='lat' dir='ltr'>et</span> <span class='ocrx_word' id='word_1_182' title='bbox 321 2624 538 2709; x_wconf 87' lang='lat' dir='ltr'>insultantes</span> <span class='ocrx_word' id='word_1_183' title='bbox 555 2647 812 2709; x_wconf 90' lang='lat' dir='ltr'>contemnunt</span> <span class='ocrx_word' id='word_1_184' title='bbox 831 2622 1046 2736; x_wconf 85' lang='lat' dir='ltr'>hujusmodi</span> <span class='ocrx_word' id='word_1_185' title='bbox 1067 2647 1211 2709; x_wconf 88' lang='lat' dir='ltr'>sanctas</span> <span class='ocrx_word' id='word_1_186' title='bbox 1227 2649 1266 2708; x_wconf 89' lang='lat' dir='ltr'>et</span> <span class='ocrx_word' id='word_1_187' title='bbox 1292 2621 1545 2707; x_wconf 87' lang='lat' dir='ltr'>ecclesiasticas</span> 
     </span>
     <span class='ocr_line' id='line_1_21' title="bbox 101 2742 707 2827; baseline 0.002 -3"><span class='ocrx_word' id='word_1_188' title='bbox 101 2742 391 2827; x_wconf 89' lang='lat' dir='ltr'>consuetudines</span> <span class='ocrx_word' id='word_1_189' title='bbox 420 2768 458 2827; x_wconf 90' lang='lat' dir='ltr'>et</span> <span class='ocrx_word' id='word_1_190' title='bbox 484 2742 707 2827; x_wconf 89' lang='lat' dir='ltr'>sanctiones</span> 
     </span>
     <span class='ocr_line' id='line_1_22' title="bbox 164 2820 1544 2974; baseline 0.003 -36"><span class='ocrx_word' id='word_1_191' title='bbox 164 2857 252 2943; x_wconf 90' lang='lat' dir='ltr'>LX</span> <span class='ocrx_word' id='word_1_192' title='bbox 311 2860 421 2945; x_wconf 87' lang='lat' dir='ltr'>Sed</span> <span class='ocrx_word' id='word_1_193' title='bbox 413 2890 486 2970; x_wconf 68' lang='lat' dir='ltr'>ram</span> <span class='ocrx_word' id='word_1_194' title='bbox 509 2858 624 2944; x_wconf 91' lang='lat' dir='ltr'>finem</span> <span class='ocrx_word' id='word_1_195' title='bbox 651 2859 737 2943; x_wconf 92' lang='lat' dir='ltr'>huic</span> <span class='ocrx_word' id='word_1_196' title='bbox 761 2857 972 2974; x_wconf 85' lang='lat' dir='ltr'>quaestioni</span> <span class='ocrx_word' id='word_1_197' title='bbox 997 2855 1187 2944; x_wconf 87' lang='lat' dir='ltr'>faciamus.</span> <span class='ocrx_word' id='word_1_198' title='bbox 1219 2820 1321 2942; x_wconf 86' lang='lat' dir='ltr'>Nam</span> <span class='ocrx_word' id='word_1_199' title='bbox 1349 2859 1397 2944; x_wconf 89' lang='lat' dir='ltr'>de</span> <span class='ocrx_word' id='word_1_200' title='bbox 1414 2851 1544 2963; x_wconf 86' lang='lat' dir='ltr'>festis,</span> 
     </span>
     <span class='ocr_line' id='line_1_23' title="bbox 102 2974 1543 3092; baseline 0.002 -36"><span class='ocrx_word' id='word_1_201' title='bbox 102 2974 151 3057; x_wconf 92' lang='lat' dir='ltr'>de</span> <span class='ocrx_word' id='word_1_202' title='bbox 168 3002 320 3079; x_wconf 89' lang='lat' dir='ltr'>cantu,</span> <span class='ocrx_word' id='word_1_203' title='bbox 344 2976 393 3060; x_wconf 93' lang='lat' dir='ltr'>de</span> <span class='ocrx_word' id='word_1_204' title='bbox 408 2977 553 3082; x_wconf 88' lang='lat' dir='ltr'>cereis,</span> <span class='ocrx_word' id='word_1_205' title='bbox 578 2977 626 3061; x_wconf 90' lang='lat' dir='ltr'>de</span> <span class='ocrx_word' id='word_1_206' title='bbox 647 2999 784 3060; x_wconf 90' lang='lat' dir='ltr'>ornatu</span> <span class='ocrx_word' id='word_1_207' title='bbox 808 2976 1067 3090; x_wconf 87' lang='lat' dir='ltr'>templorum,</span> <span class='ocrx_word' id='word_1_208' title='bbox 1093 3001 1132 3062; x_wconf 93' lang='lat' dir='ltr'>et</span> <span class='ocrx_word' id='word_1_209' title='bbox 1155 2976 1231 3060; x_wconf 87' lang='lat' dir='ltr'>aliis</span> <span class='ocrx_word' id='word_1_210' title='bbox 1247 2975 1286 3062; x_wconf 92' lang='lat' dir='ltr'>id</span> <span class='ocrx_word' id='word_1_211' title='bbox 1314 3004 1433 3092; x_wconf 89' lang='lat' dir='ltr'>genus</span> <span class='ocrx_word' id='word_1_212' title='bbox 1456 3004 1543 3060; x_wconf 78' lang='lat' dir='ltr'>cae·</span> 
     </span>
     <span class='ocr_line' id='line_1_24' title="bbox 100 3089 1544 3228; baseline 0.004 -56"><span class='ocrx_word' id='word_1_213' title='bbox 100 3090 264 3178; x_wconf 88' lang='lat' dir='ltr'>timoniis</span> <span class='ocrx_word' id='word_1_214' title='bbox 284 3095 526 3209; x_wconf 89' lang='lat' dir='ltr'>,ceterisque</span> <span class='ocrx_word' id='word_1_215' title='bbox 545 3095 655 3179; x_wconf 90' lang='lat' dir='ltr'>rebus</span> <span class='ocrx_word' id='word_1_216' title='bbox 681 3095 841 3208; x_wconf 90' lang='lat' dir='ltr'>longum</span> <span class='ocrx_word' id='word_1_217' title='bbox 866 3117 959 3178; x_wconf 89' lang='lat' dir='ltr'>esset</span> <span class='ocrx_word' id='word_1_218' title='bbox 982 3117 1021 3178; x_wconf 91' lang='lat' dir='ltr'>et</span> <span class='ocrx_word' id='word_1_219' title='bbox 1053 3094 1222 3228; x_wconf 81' lang='lat' dir='ltr'>ineptum</span> <span class='ocrx_word' id='word_1_220' title='bbox 1248 3089 1443 3194; x_wconf 86' lang='lat' dir='ltr'>fortasse,</span> <span class='ocrx_word' id='word_1_221' title='bbox 1472 3093 1544 3177; x_wconf 89' lang='lat' dir='ltr'>sin·</span> 
     </span>
     <span class='ocr_line' id='line_1_25' title="bbox 100 3207 1544 3331; baseline 0.004 -40"><span class='ocrx_word' id='word_1_222' title='bbox 100 3207 287 3321; x_wconf 89' lang='lat' dir='ltr'>gulatim,</span> <span class='ocrx_word' id='word_1_223' title='bbox 313 3240 411 3323; x_wconf 89' lang='lat' dir='ltr'>quae</span> <span class='ocrx_word' id='word_1_224' title='bbox 434 3236 477 3296; x_wconf 93' lang='lat' dir='ltr'>tu</span> <span class='ocrx_word' id='word_1_225' title='bbox 506 3210 720 3316; x_wconf 86' lang='lat' dir='ltr'>scripseris,</span> <span class='ocrx_word' id='word_1_226' title='bbox 751 3237 791 3295; x_wconf 89' lang='lat' dir='ltr'>et</span> <span class='ocrx_word' id='word_1_227' title='bbox 815 3211 909 3331; x_wconf 89' lang='lat' dir='ltr'>quid</span> <span class='ocrx_word' id='word_1_228' title='bbox 932 3241 1077 3295; x_wconf 89' lang='lat' dir='ltr'>summa</span> <span class='ocrx_word' id='word_1_229' title='bbox 1101 3210 1139 3294; x_wconf 94' lang='lat' dir='ltr'>in</span> <span class='ocrx_word' id='word_1_230' title='bbox 1166 3211 1217 3296; x_wconf 92' lang='lat' dir='ltr'>eis</span> <span class='ocrx_word' id='word_1_231' title='bbox 1240 3211 1384 3296; x_wconf 89' lang='lat' dir='ltr'>ratione</span> <span class='ocrx_word' id='word_1_232' title='bbox 1416 3235 1544 3323; x_wconf 90' lang='lat' dir='ltr'>repte-</span> 
     </span>
     <span class='ocr_line' id='line_1_26' title="bbox 99 3324 1542 3432; baseline 0.006 -25"><span class='ocrx_word' id='word_1_233' title='bbox 99 3325 244 3412; x_wconf 88' lang='lat' dir='ltr'>hendat</span> <span class='ocrx_word' id='word_1_234' title='bbox 271 3328 395 3432; x_wconf 87' lang='lat' dir='ltr'>Pius,</span> <span class='ocrx_word' id='word_1_235' title='bbox 433 3357 770 3415; x_wconf 90' lang='lat' dir='ltr'>commemorare:</span> <span class='ocrx_word' id='word_1_236' title='bbox 805 3357 894 3413; x_wconf 91' lang='lat' dir='ltr'>cum</span> <span class='ocrx_word' id='word_1_237' title='bbox 921 3324 1087 3412; x_wconf 88' lang='lat' dir='ltr'>facilis</span> <span class='ocrx_word' id='word_1_238' title='bbox 1062 3352 1108 3414; x_wconf 88' lang='lat' dir='ltr'>stt</span> <span class='ocrx_word' id='word_1_239' title='bbox 1135 3329 1184 3414; x_wconf 90' lang='lat' dir='ltr'>de</span> <span class='ocrx_word' id='word_1_240' title='bbox 1209 3328 1337 3415; x_wconf 91' lang='lat' dir='ltr'>ceteris</span> <span class='ocrx_word' id='word_1_241' title='bbox 1367 3329 1542 3415; x_wconf 92' lang='lat' dir='ltr'>omnibus</span> 
     </span>
     <span class='ocr_line' id='line_1_27' title="bbox 98 3442 1540 3560; baseline 0.004 -35"><span class='ocrx_word' id='word_1_242' title='bbox 98 3442 312 3553; x_wconf 79' lang='lat' dir='ltr'>conjectura</span> <span class='ocrx_word' id='word_1_243' title='bbox 337 3474 382 3530; x_wconf 85' lang='lat' dir='ltr'>ex</span> <span class='ocrx_word' id='word_1_244' title='bbox 407 3445 496 3529; x_wconf 93' lang='lat' dir='ltr'>his</span> <span class='ocrx_word' id='word_1_245' title='bbox 488 3446 570 3560; x_wconf 90' lang='lat' dir='ltr'>tpsis</span> <span class='ocrx_word' id='word_1_246' title='bbox 587 3446 740 3559; x_wconf 90' lang='lat' dir='ltr'>paucis,</span> <span class='ocrx_word' id='word_1_247' title='bbox 768 3474 869 3558; x_wconf 88' lang='lat' dir='ltr'>quae</span> <span class='ocrx_word' id='word_1_248' title='bbox 893 3445 1075 3531; x_wconf 89' lang='lat' dir='ltr'>invitante</span> <span class='ocrx_word' id='word_1_249' title='bbox 1096 3447 1250 3532; x_wconf 88' lang='lat' dir='ltr'>materia</span> <span class='ocrx_word' id='word_1_250' title='bbox 1278 3445 1444 3559; x_wconf 88' lang='lat' dir='ltr'>pluribus</span> <span class='ocrx_word' id='word_1_251' title='bbox 1459 3474 1540 3532; x_wconf 88' lang='lat' dir='ltr'>ver-</span> 
     </span>
     <span class='ocr_line' id='line_1_28' title="bbox 100 3557 1544 3694; baseline 0.006 -53"><span class='ocrx_word' id='word_1_252' title='bbox 100 3557 155 3643; x_wconf 92' lang='lat' dir='ltr'>bis</span> <span class='ocrx_word' id='word_1_253' title='bbox 172 3622 184 3664; x_wconf 99' lang='lat'>,</span> <span class='ocrx_word' id='word_1_254' title='bbox 201 3591 317 3694; x_wconf 83' lang='lat' dir='ltr'>quam</span> <span class='ocrx_word' id='word_1_255' title='bbox 334 3562 564 3649; x_wconf 88' lang='lat' dir='ltr'>institueram</span> <span class='ocrx_word' id='word_1_256' title='bbox 580 3623 591 3668; x_wconf 95' lang='lat'>,</span> <span class='ocrx_word' id='word_1_257' title='bbox 607 3562 785 3665; x_wconf 89' lang='lat' dir='ltr'>disserui,</span> <span class='ocrx_word' id='word_1_258' title='bbox 810 3562 1023 3647; x_wconf 88' lang='lat' dir='ltr'>summatim</span> <span class='ocrx_word' id='word_1_259' title='bbox 1041 3586 1181 3650; x_wconf 89' lang='lat' dir='ltr'>tamen.</span> <span class='ocrx_word' id='word_1_260' title='bbox 1210 3568 1348 3678; x_wconf 92' lang='lat' dir='ltr'>Neque</span> <span class='ocrx_word' id='word_1_261' title='bbox 1364 3563 1464 3646; x_wconf 91' lang='lat' dir='ltr'>enim</span> <span class='ocrx_word' id='word_1_262' title='bbox 1481 3565 1544 3650; x_wconf 90' lang='lat' dir='ltr'>mi·</span> 
     </span>
     <span class='ocr_line' id='line_1_29' title="bbox 98 3675 1542 3813; baseline 0.006 -54"><span class='ocrx_word' id='word_1_263' title='bbox 98 3675 139 3759; x_wconf 95' lang='lat' dir='ltr'>hi</span> <span class='ocrx_word' id='word_1_264' title='bbox 165 3678 412 3813; x_wconf 83' lang='lat' dir='ltr'>propositum</span> <span class='ocrx_word' id='word_1_265' title='bbox 422 3676 494 3766; x_wconf 85' lang='lat' dir='ltr'>fuit</span> <span class='ocrx_word' id='word_1_266' title='bbox 522 3676 912 3794; x_wconf 86' lang='lat' dir='ltr'>,quemadmodum</span> <span class='ocrx_word' id='word_1_267' title='bbox 912 3708 1023 3794; x_wconf 88' lang='lat' dir='ltr'>supra</span> <span class='ocrx_word' id='word_1_268' title='bbox 1051 3681 1158 3785; x_wconf 84' lang='lat' dir='ltr'>dixi,</span> <span class='ocrx_word' id='word_1_269' title='bbox 1185 3704 1230 3765; x_wconf 95' lang='lat' dir='ltr'>ut</span> <span class='ocrx_word' id='word_1_270' title='bbox 1256 3680 1457 3766; x_wconf 85' lang='lat' dir='ltr'>sententias</span> <span class='ocrx_word' id='word_1_271' title='bbox 1487 3682 1542 3769; x_wconf 91' lang='lat' dir='ltr'>Pii</span> 
     </span>
     <span class='ocr_line' id='line_1_30' title="bbox 96 3795 1572 3931; baseline 0.006 -55"><span class='ocrx_word' id='word_1_272' title='bbox 96 3819 241 3928; x_wconf 86' lang='lat' dir='ltr'>magno</span> <span class='ocrx_word' id='word_1_273' title='bbox 268 3796 378 3909; x_wconf 88' lang='lat' dir='ltr'>ipsius</span> <span class='ocrx_word' id='word_1_274' title='bbox 401 3795 556 3913; x_wconf 90' lang='lat' dir='ltr'>ingenio</span> <span class='ocrx_word' id='word_1_275' title='bbox 569 3823 684 3931; x_wconf 88' lang='lat' dir='ltr'>atque</span> <span class='ocrx_word' id='word_1_276' title='bbox 702 3797 874 3882; x_wconf 89' lang='lat' dir='ltr'>doctrina</span> <span class='ocrx_word' id='word_1_277' title='bbox 891 3797 1157 3884; x_wconf 87' lang='lat' dir='ltr'>accuratissime</span> <span class='ocrx_word' id='word_1_278' title='bbox 1174 3796 1442 3904; x_wconf 87' lang='lat' dir='ltr'>confirmatas,</span> <span class='ocrx_word' id='word_1_279' title='bbox 1470 3829 1540 3885; x_wconf 88' lang='lat' dir='ltr'>no-</span> <span class='ocrx_word' id='word_1_280' title='bbox 1564 3813 1572 3822; x_wconf 80' lang='grc'><strong>“</strong></span> 
     </span>
     <span class='ocr_line' id='line_1_31' title="bbox 97 3910 1540 4030; baseline 0.006 -34"><span class='ocrx_word' id='word_1_281' title='bbox 97 3911 154 3996; x_wconf 89' lang='lat' dir='ltr'>vis</span> <span class='ocrx_word' id='word_1_282' title='bbox 178 3910 254 4025; x_wconf 92' lang='lat' dir='ltr'>ipse</span> <span class='ocrx_word' id='word_1_283' title='bbox 276 3917 504 4029; x_wconf 84' lang='lat' dir='ltr'>argumentis</span> <span class='ocrx_word' id='word_1_284' title='bbox 529 3943 595 4030; x_wconf 85' lang='lat' dir='ltr'>per</span> <span class='ocrx_word' id='word_1_285' title='bbox 622 3915 772 4000; x_wconf 87' lang='lat' dir='ltr'>inanem</span> <span class='ocrx_word' id='word_1_286' title='bbox 799 3943 953 4030; x_wconf 91' lang='lat' dir='ltr'>operam</span> <span class='ocrx_word' id='word_1_287' title='bbox 980 3917 1291 4021; x_wconf 88' lang='lat' dir='ltr'>corroborarem,</span> <span class='ocrx_word' id='word_1_288' title='bbox 1319 3945 1407 4002; x_wconf 88' lang='lat' dir='ltr'>cum</span> <span class='ocrx_word' id='word_1_289' title='bbox 1438 3918 1540 4004; x_wconf 87' lang='lat' dir='ltr'>nulla</span> 
     </span>
     <span class='ocr_line' id='line_1_32' title="bbox 97 4028 1540 4168; baseline 0.007 -56"><span class='ocrx_word' id='word_1_290' title='bbox 97 4028 143 4112; x_wconf 87' lang='lat' dir='ltr'>sir</span> <span class='ocrx_word' id='word_1_291' title='bbox 158 4029 253 4114; x_wconf 91' lang='lat' dir='ltr'>inter</span> <span class='ocrx_word' id='word_1_292' title='bbox 268 4061 338 4115; x_wconf 92' lang='lat' dir='ltr'>vos</span> <span class='ocrx_word' id='word_1_293' title='bbox 367 4032 416 4117; x_wconf 93' lang='lat' dir='ltr'>de</span> <span class='ocrx_word' id='word_1_294' title='bbox 431 4035 565 4118; x_wconf 90' lang='lat' dir='ltr'>rebus</span> <span class='ocrx_word' id='word_1_295' title='bbox 556 4032 638 4168; x_wconf 78' lang='lat' dir='ltr'>ipsis</span> <span class='ocrx_word' id='word_1_296' title='bbox 663 4033 942 4119; x_wconf 89' lang='lat' dir='ltr'>controversia:</span> <span class='ocrx_word' id='word_1_297' title='bbox 973 4033 1040 4119; x_wconf 90' lang='lat' dir='ltr'>sed</span> <span class='ocrx_word' id='word_1_298' title='bbox 1059 4059 1125 4141; x_wconf 89' lang='lat' dir='ltr'>ut,</span> <span class='ocrx_word' id='word_1_299' title='bbox 1142 4033 1264 4119; x_wconf 89' lang='lat' dir='ltr'>dilutis</span> <span class='ocrx_word' id='word_1_300' title='bbox 1285 4034 1474 4119; x_wconf 89' lang='lat' dir='ltr'>calumniis</span> <span class='ocrx_word' id='word_1_301' title='bbox 1500 4060 1540 4122; x_wconf 90' lang='lat' dir='ltr'>et</span> 
     </span>
     <span class='ocr_line' id='line_1_33' title="bbox 23 4146 1541 4267; baseline 0.007 -39"><span class='ocrx_word' id='word_1_302' title='bbox 23 4256 30 4260; x_wconf 8' lang='grc' dir='ltr'>ἢ</span> <span class='ocrx_word' id='word_1_303' title='bbox 95 4146 411 4234; x_wconf 79' lang='lat' dir='ltr'>criminationibus</span> <span class='ocrx_word' id='word_1_304' title='bbox 428 4180 554 4267; x_wconf 91' lang='lat' dir='ltr'>,quae</span> <span class='ocrx_word' id='word_1_305' title='bbox 580 4151 618 4236; x_wconf 93' lang='lat' dir='ltr'>in</span> <span class='ocrx_word' id='word_1_306' title='bbox 632 4149 740 4236; x_wconf 91' lang='lat' dir='ltr'>Pium</span> <span class='ocrx_word' id='word_1_307' title='bbox 758 4150 1076 4254; x_wconf 88' lang='lat' dir='ltr'>intendebantur,</span> <span class='ocrx_word' id='word_1_308' title='bbox 1106 4152 1357 4237; x_wconf 86' lang='lat' dir='ltr'>excusationes</span> <span class='ocrx_word' id='word_1_309' title='bbox 1388 4181 1541 4267; x_wconf 83' lang='lat' dir='ltr'>respon-</span> 
     </span>
     <span class='ocr_line' id='line_1_34' title="bbox 95 4212 1539 4384; baseline 0.008 -37"><span class='ocrx_word' id='word_1_310' title='bbox 95 4261 294 4380; x_wconf 85' lang='lat' dir='ltr'>sionesque</span> <span class='ocrx_word' id='word_1_311' title='bbox 320 4290 402 4352; x_wconf 87' lang='lat' dir='ltr'>tuas</span> <span class='ocrx_word' id='word_1_312' title='bbox 436 4324 450 4374; x_wconf 91' lang='lat'>,</span> <span class='ocrx_word' id='word_1_313' title='bbox 484 4269 620 4383; x_wconf 89' lang='lat' dir='ltr'>quibus</span> <span class='ocrx_word' id='word_1_314' title='bbox 648 4268 739 4353; x_wconf 92' lang='lat' dir='ltr'>illius</span> <span class='ocrx_word' id='word_1_315' title='bbox 770 4295 965 4353; x_wconf 88' lang='lat' dir='ltr'>censuram</span> <span class='ocrx_word' id='word_1_316' title='bbox 999 4212 1154 4355; x_wconf 72' lang='lat' dir='ltr'>velitri</span> <span class='ocrx_word' id='word_1_317' title='bbox 1146 4268 1311 4384; x_wconf 80' lang='lat' dir='ltr'>iniquam</span> <span class='ocrx_word' id='word_1_318' title='bbox 1344 4268 1539 4359; x_wconf 86' lang='lat' dir='ltr'>excludere</span> 
     </span>
     <span class='ocr_line' id='line_1_35' title="bbox 93 4384 1539 4523; baseline 0.009 -60"><span class='ocrx_word' id='word_1_319' title='bbox 93 4384 270 4489; x_wconf 88' lang='lat' dir='ltr'>conaris,</span> <span class='ocrx_word' id='word_1_320' title='bbox 295 4412 430 4496; x_wconf 92' lang='lat' dir='ltr'>parum</span> <span class='ocrx_word' id='word_1_321' title='bbox 450 4413 527 4470; x_wconf 90' lang='lat' dir='ltr'>esse</span> <span class='ocrx_word' id='word_1_322' title='bbox 543 4386 713 4488; x_wconf 88' lang='lat' dir='ltr'>validas,</span> <span class='ocrx_word' id='word_1_323' title='bbox 737 4416 855 4499; x_wconf 88' lang='lat' dir='ltr'>quam</span> <span class='ocrx_word' id='word_1_324' title='bbox 883 4385 1094 4471; x_wconf 89' lang='lat' dir='ltr'>brevissime</span> <span class='ocrx_word' id='word_1_325' title='bbox 1118 4418 1295 4523; x_wconf 87' lang='lat' dir='ltr'>possem,</span> <span class='ocrx_word' id='word_1_326' title='bbox 1326 4388 1539 4479; x_wconf 89' lang='lat' dir='ltr'>edocerem.</span> 
     </span>
     <span class='ocr_line' id='line_1_36' title="bbox 92 4499 1539 4623; baseline 0.012 -45"><span class='ocrx_word' id='word_1_327' title='bbox 92 4499 288 4584; x_wconf 88' lang='lat' dir='ltr'>Summa</span> <span class='ocrx_word' id='word_1_328' title='bbox 280 4503 392 4617; x_wconf 77' lang='lat' dir='ltr'>agitur</span> <span class='ocrx_word' id='word_1_329' title='bbox 421 4502 559 4618; x_wconf 90' lang='lat' dir='ltr'>culpa,</span> <span class='ocrx_word' id='word_1_330' title='bbox 591 4533 709 4618; x_wconf 90' lang='lat' dir='ltr'>quam</span> <span class='ocrx_word' id='word_1_331' title='bbox 726 4504 793 4587; x_wconf 93' lang='lat' dir='ltr'>tibi</span> <span class='ocrx_word' id='word_1_332' title='bbox 825 4502 909 4587; x_wconf 86' lang='lat' dir='ltr'>Pius</span> <span class='ocrx_word' id='word_1_333' title='bbox 925 4531 1013 4586; x_wconf 89' lang='lat' dir='ltr'>cum</span> <span class='ocrx_word' id='word_1_334' title='bbox 1032 4503 1155 4590; x_wconf 91' lang='lat' dir='ltr'>multis</span> <span class='ocrx_word' id='word_1_335' title='bbox 1183 4507 1375 4623; x_wconf 86' lang='lat' dir='ltr'>assignat,</span> <span class='ocrx_word' id='word_1_336' title='bbox 1404 4510 1539 4597; x_wconf 92' lang='lat' dir='ltr'>nonin</span> 
     </span>
     <span class='ocr_line' id='line_1_37' title="bbox 93 4620 1539 4735; baseline 0.01 -39"><span class='ocrx_word' id='word_1_337' title='bbox 93 4640 144 4697; x_wconf 90' lang='lat' dir='ltr'>eo</span> <span class='ocrx_word' id='word_1_338' title='bbox 171 4640 255 4721; x_wconf 91' lang='lat' dir='ltr'>est,</span> <span class='ocrx_word' id='word_1_339' title='bbox 284 4621 393 4734; x_wconf 91' lang='lat' dir='ltr'>quod</span> <span class='ocrx_word' id='word_1_340' title='bbox 422 4649 521 4735; x_wconf 90' lang='lat' dir='ltr'>quae</span> <span class='ocrx_word' id='word_1_341' title='bbox 547 4645 646 4706; x_wconf 90' lang='lat' dir='ltr'>recte</span> <span class='ocrx_word' id='word_1_342' title='bbox 671 4649 839 4735; x_wconf 89' lang='lat' dir='ltr'>vereque</span> <span class='ocrx_word' id='word_1_343' title='bbox 866 4635 954 4706; x_wconf 87' lang='lat' dir='ltr'>sunt</span> <span class='ocrx_word' id='word_1_344' title='bbox 982 4649 1005 4704; x_wconf 84' lang='lat' dir='ltr'>a</span> <span class='ocrx_word' id='word_1_345' title='bbox 1032 4620 1231 4735; x_wconf 78' lang='lat' dir='ltr'>majoribus</span> <span class='ocrx_word' id='word_1_346' title='bbox 1255 4624 1353 4713; x_wconf 91' lang='lat' dir='ltr'>vel</span> <span class='ocrx_word' id='word_1_347' title='bbox 1345 4626 1539 4731; x_wconf 82' lang='lat' dir='ltr'>instituta,</span> 
     </span>
     <span class='ocr_line' id='line_1_38' title="bbox 92 4678 1540 4856; baseline 0.009 -38"><span class='ocrx_word' id='word_1_348' title='bbox 92 4730 158 4818; x_wconf 90' lang='lat' dir='ltr'>vel</span> <span class='ocrx_word' id='word_1_349' title='bbox 173 4678 341 4841; x_wconf 88' lang='lat' dir='ltr'>tradita,</span> <span class='ocrx_word' id='word_1_350' title='bbox 367 4764 412 4820; x_wconf 90' lang='lat' dir='ltr'>ea</span> <span class='ocrx_word' id='word_1_351' title='bbox 441 4761 480 4822; x_wconf 90' lang='lat' dir='ltr'>te</span> <span class='ocrx_word' id='word_1_352' title='bbox 497 4738 624 4824; x_wconf 90' lang='lat' dir='ltr'>dicant</span> <span class='ocrx_word' id='word_1_353' title='bbox 644 4763 771 4850; x_wconf 85' lang='lat' dir='ltr'>aperte</span> <span class='ocrx_word' id='word_1_354' title='bbox 815 4737 994 4854; x_wconf 90' lang='lat' dir='ltr'>clarisque</span> <span class='ocrx_word' id='word_1_355' title='bbox 1020 4742 1175 4827; x_wconf 89' lang='lat' dir='ltr'>vocibus</span> <span class='ocrx_word' id='word_1_356' title='bbox 1201 4744 1440 4856; x_wconf 85' lang='lat' dir='ltr'>improbare,</span> <span class='ocrx_word' id='word_1_357' title='bbox 1474 4746 1540 4831; x_wconf 87' lang='lat' dir='ltr'>sed</span> 
     </span>
     <span class='ocr_line' id='line_1_39' title="bbox 96 4796 1671 4979; baseline 0.008 -43"><span class='ocrx_word' id='word_1_358' title='bbox 96 4852 210 4967; x_wconf 91' lang='lat' dir='ltr'>quod</span> <span class='ocrx_word' id='word_1_359' title='bbox 234 4854 283 4943; x_wconf 88' lang='lat' dir='ltr'>de</span> <span class='ocrx_word' id='word_1_360' title='bbox 310 4796 530 4945; x_wconf 78' lang='lat' dir='ltr'>donnullis</span> <span class='ocrx_word' id='word_1_361' title='bbox 520 4881 574 4947; x_wconf 84' lang='lat' dir='ltr'>tta</span> <span class='ocrx_word' id='word_1_362' title='bbox 597 4855 806 4946; x_wconf 79' lang='lat' dir='ltr'>disserueris</span> <span class='ocrx_word' id='word_1_363' title='bbox 831 4857 1042 4974; x_wconf 88' lang='lat' dir='ltr'>periculosis</span> <span class='ocrx_word' id='word_1_364' title='bbox 1071 4861 1251 4979; x_wconf 77' lang='lat' dir='ltr'>scrupul&#39;u</span> <span class='ocrx_word' id='word_1_365' title='bbox 1278 4863 1469 4965; x_wconf 84' lang='lat' dir='ltr'>serendis,</span> <span class='ocrx_word' id='word_1_366' title='bbox 1498 4885 1543 4948; x_wconf 91' lang='lat' dir='ltr'>ut</span> <span class='ocrx_word' id='word_1_367' title='bbox 1666 4890 1671 4895; x_wconf 80' lang='grc'><strong><em>’</em></strong></span> 
     </span>
     <span class='ocr_line' id='line_1_40' title="bbox 940 4981 1547 5068; baseline 0.01 -6"><span class='ocrx_word' id='word_1_368' title='bbox 940 4981 1080 5068; x_wconf 82' lang='lat' dir='ltr'>Eeeea</span> <span class='ocrx_word' id='word_1_369' title='bbox 1436 5008 1547 5068; x_wconf 88' lang='lat' dir='ltr'>nurn-</span> 
     </span>
    </p>
   </div>
   <div class='ocr_carea' id='block_1_3' title="bbox 0 0 2014 5864">
    <p class='ocr_par' dir='ltr' id='par_1_3' title="bbox 0 0 2014 5864">
     <span class='ocr_line' id='line_1_41' title="bbox 0 0 2014 5864; baseline 0 6"><span class='ocrx_word' id='word_1_370' title='bbox 0 0 2014 5864; x_wconf 95' lang='lat' dir='ltr'> </span> 
     </span>
    </p>
   </div>
  </div>
 </body>
</html>
