4192 5880
569 373 613 459 56
958 364 1180 441 neuun
1216 366 1565 443 onsrnnou

465 496 466 499 ‘
542 554 571 600 „
588 490 694 579 velut
709 490 865 578 militem
879 512 1100 578 veteranum
1116 547 1128 593 ,
1144 484 1222 598 ejus
1250 488 1666 583 munerisvacarionem
1680 493 1880 584 emeritum
1909 497 2006 587 vido

455 599 460 610 ’
531 674 567 718 ,,,
585 610 614 694 ri
643 641 771 727 posse.
807 613 1055 724 Quamquam
1073 606 1309 720 ,cujusmodi
1330 636 1427 696 esset
1456 610 1494 695 in
1520 614 1710 701 ecclesiam
1728 615 1842 701 animi
1873 617 2007 705 studii-

540 791 568 836 „
581 760 658 844 que
674 793 686 836 ,
704 760 754 820 ne
781 731 848 815 has
863 726 1020 845 quidem
1037 755 1166 811 causas
1198 726 1400 813 obstituras
1423 725 1556 836 fuisse,
1573 762 1655 848 quo
1679 732 1809 820 vminus
1840 735 1879 821 id
1894 739 2006 852 quod

540 910 567 953 „
586 875 791 963 superesset
815 848 943 934 aetatis
960 908 973 953 ,
992 847 1100 932 bono
1118 843 1269 959 publico
1283 870 1323 932 et
1339 847 1600 937 ecclesiasticae
1627 852 1799 968 dignitati
1833 853 2005 969 imparti-

372 1020 403 1069 1,
434 1017 522 1089 Hp„
536 1029 569 1074 „
583 994 685 1054 retur
702 979 716 1073 ',
733 969 761 1054 si
788 968 898 1082 ipsius
913 994 1031 1080 opera
1059 963 1154 1050 utilis
1178 959 1260 1076 fore
1275 964 1446 1052 Pontifici
1479 969 1721 1087 patribusque
1743 971 1823 1058 visa
1846 967 2003 1080 ”frisam

343 1081 565 1198 3{²¹¹¹,{‘},⁸,¹,‘50¹;„
582 1115 687 1192 non,
705 1086 733 1171 si
764 1087 919 1174 eosdem
948 1085 1094 1170 labores
1125 1111 1315 1191 remeare,
1332 1086 1519 1203 totiesque
1551 1117 1639 1175 cum
1673 1089 1840 1177 hostibus
1865 1091 2002 1181 iterum

344 1202 497 1324 ξζῖξξξξξξξξ
539 1206 800 1334 „depugnare
818 1205 1027 1317 iuberetur.
1062 1208 1176 1286 Tunc
1193 1231 1286 1289 vero
1312 1206 1518 1291 necessario
1534 1236 1573 1295 se
1598 1208 1637 1291 in
1662 1203 1791 1294 fratres
1806 1235 1845 1296 et
1860 1238 2001 1327 cogna-

538 1385 567 1436 ‚,
581 1347 641 1410 tos
658 1323 785 1410 officio
813 1323 989 1427 evocari,
1005 1320 1177 1435 quicum
1193 1349 1336 1437 magno
1352 1346 1392 1408 et
1407 1324 1585 1437 pertinaci
1615 1326 1766 1412 dissIdio
1798 1329 1849 1414 ad
1868 1329 2000 1416 vulne·

524 1477 567 1551 ·„
582 1472 623 1528 ra
649 1471 769 1557 usque
785 1443 1070 1558 processissent,
1087 1440 1241 1554 ipseque
1258 1439 1357 1526 solus
1374 1441 1486 1527 tantis
1504 1441 1608 1528 malis
1640 1471 1833 1530 occurrere
1848 1474 1907 1538 ac·
1921 1476 2002 1533 me·

539 1561 662 1670 „deri
684 1592 793 1677 posse
810 1561 1045 1663 crederetur,
1061 1585 1143 1641 non
1157 1585 1233 1642 esse
1248 1559 1566 1647 committendum
1582 1622 1595 1666 ,
1612 1586 1657 1648 ut
1678 1591 1724 1647 ea
1738 1592 1827 1652 cura
1858 1563 2001 1678 deposi-

538 1738 568 1790 „
582 1704 645 1784 ta,
663 1705 848 1796 cognatos
868 1707 913 1763 ac
928 1677 1057 1762 fratres
1090 1674 1288 1762 deseruisse
1322 1677 1512 1764 videretur
1527 1740 1539 1784 ,
1557 1680 1623 1793 qui
1650 1681 1759 1793 ipsius
1790 1682 2000 1770 adventum

537 1827 820 1918 „magnacum
844 1795 1119 1912 exspectatione
1136 1792 1418 1908 opperirentur.
1447 1796 1609 1882 Proinde
1625 1796 1847 1884 Pontificem
1863 1824 1999 1917 patres·

539 1977 567 2025 „
584 1945 661 2030 que
689 1918 800 2004 eriam
840 1940 955 2030 atque
975 1912 1087 1999 etiam
1121 1911 1309 2026 deprecati
1325 1973 1338 2017 ,
1354 1937 1397 1998 ut
1431 1942 1518 1998 curn
1545 1913 1652 2000 multi
1674 1944 1721 2002 ex
1753 1917 1918 2030 patribus
1942 1947 1997 2005 es·

540 2095 568 2141 „
585 2059 666 2119 sent
682 2098 694 2142 ,
712 2036 847 2151 quibus
880 2032 1040 2146 plurium
1065 2058 1188 2115 rerum
1214 2059 1323 2112 usum
1338 2090 1350 2134 ,
1368 2055 1409 2118 et
1424 2031 1720 2148 magnitudinem
1744 2035 1856 2120 animi
1881 2035 1998 2152 longe

526 2217 529 2226 .
537 2211 568 2261 „
582 2154 870 2265 praesentiorem
886 2152 935 2238 ad
952 2151 991 2236 id
1013 2177 1148 2232 munus
1174 2146 1397 2233 obeundum
1430 2149 1682 2256 concederet,
1699 2175 1940 2265 paterentur,
1956 2183 1999 2240 se

537 2270 622 2380 „in
639 2301 784 2360 summa
803 2270 1017 2356 necessitate
1032 2265 1250 2381 propinquis
1277 2293 1321 2349 ac
1350 2263 1521 2365 fratribus
1538 2298 1647 2354 suum
1680 2266 1846 2355 officium
1860 2271 1995 2383 impat-

528 2448 568 2496 .„
584 2389 665 2496 titi,
691 2391 800 2508 quod
824 2388 994 2475 ecclesiae
1009 2438 1023 2491 ,
1039 2413 1127 2473 cum
1152 2383 1306 2475 finisset
1322 2383 1398 2476 sine
1411 2384 1543 2511 insigni
1567 2384 1725 2477 criminis
1750 2413 1867 2496 nota,
1884 2388 1996 2478 libem

542 2507 719 2614 „tissime
752 2506 996 2625 praestitisset·
1009 2510 1036 2560 “
1515 2565 1517 2570 -
1609 2599 1613 2605 ,,

600 2630 663 2709 111.
723 2631 779 2714 At
806 2656 971 2714 summus
987 2622 1178 2732 Pontifex,
1196 2627 1263 2742 qui
1293 2628 1334 2713 in
1356 2629 1472 2716 rantis
1499 2625 1774 2719 difficultaubus
1809 2656 1996 2717 sunmam

545 2769 651 2855 spem
666 2742 891 2863 inAegidio
912 2741 1186 2847 collocaverat,
1203 2770 1361 2860 quanto,
1381 2747 1438 2832 ille
1455 2749 1683 2836 constantius
1715 2749 1911 2863 negotium
1937 2775 1996 2832 re·

539 2861 722 2965 cusabat,
739 2886 849 2949 tanto
881 2863 955 2975 ipse
973 2861 1089 2978 magis
1106 2860 1285 2949 desiderio
1313 2866 1586 2953 ascendebatur
1601 2927 1614 2970 ,
1629 2894 1831 2979 causasque
1847 2862 1998 2980 Aegirbi

541 2980 781 3110 potissimum
798 2979 967 3066 mittendi
998 2979 1233 3066 inveniebat.
1268 2985 1406 3094 Neque
1421 2983 1521 3069 enim
1544 2981 1663 3070 modo
1686 2985 1930 3097 praesentiam
1959 3010 1995 3066 e·

542 3123 599 3208 pus
637 3096 749 3182 animi
776 3095 1060 3212 felicitatemque
1082 3097 1121 3182 in
1147 3099 1409 3186 'certaminibus
1430 3103 1656 3216 reputabat,
1683 3101 1749 3187 sed
1778 3099 1997 3213 meminerat

543 3212 657 3299 etiam
685 3214 808 3303 multo
832 3217 971 3331 majora
1004 3214 1099 3303 bella
1125 3215 1278 3301 consilio
1302 3215 1381 3328 ejus
1407 3214 1515 3305 fuisse
1544 3213 1715 3305 confecta
1731 3279 1743 3323 ,
1759 3246 1875 3332 quam
1901 3216 1995 3301 alter

548 3333 696 3450 magnis
712 3334 850 3425 viribus
866 3335 1075 3454 pugnando
1089 3331 1329 3419 confecisset.
1358 3336 1432 3421 Sed
1449 3364 1517 3422 nec
1539 3334 1629 3423 illud
1645 3365 1778 3450 parum
1801 3333 1995 3437 movebat,

545 3477 719 3566 reputare
742 3453 939 3571 inquanta
955 3476 1064 3567 saepe
1091 3451 1404 3539 omniurn'retum
1417 3451 1623 3571 indigentia
1652 3452 1781 3541 milites
1795 3451 1997 3540 continuis·

420 3630 423 3636 -
544 3593 602 3655 set
617 3631 629 3677 ,
646 3570 945 3688 sustinuissetque
971 3570 1098 3687 gravia
1124 3569 1220 3657 bella
1236 3631 1248 3674 ,
1264 3595 1347 3657 tum
1369 3571 1640 3658 commeatibus
1670 3571 1889 3686 parcendo,
1910 3593 1995 3656 tum

540 3681 593 3775 de
616 3719 685 3775 suo
706 3689 784 3778 sine
808 3688 1048 3779 cunctatione
1077 3689 1345 3804 suggerendo,
1362 3715 1444 3775 tum
1464 3688 1620 3776 demum
1651 3689 1785 3796 iniecta
1812 3688 1996 3803 sapienter

542 3832 607 3918 spe
628 3808 772 3895 animos
783 3809 941 3899 militum
959 3803 1155 3920 fovendo·
1201 3805 1271 3892 His
1286 3806 1487 3895 accedebat
1504 3805 1637 3920 ,quod
1667 3808 1714 3895 ab
1739 3808 1913 3905 omnibus
1939 3806 1994 3917 in·

344 3959 447 4025 neuras
481 3969 527 4028 no„
541 3923 738 4031 etabatur,
754 3927 900 4042 Aegidii
922 3954 1064 4013 nomen
1096 3923 1262 4036 tyrannis
1289 3951 1366 4008 esse
1396 3918 1709 4031 formidolosum,
1736 3951 1776 4012 et
1809 3927 1849 4009 in
1874 3924 1994 4045 gratia

345 4032 527 4138 dilllbl¹3¹⁵
543 4071 689 4139 summa
731 4047 834 4157 apud
859 4073 990 4129 omnes
1012 4041 1177 4127 civitates
1197 4037 1472 4136 ecclesiasticas.
1501 4044 1620 4132 Omni
1649 4072 1742 4162 crgo
1766 4043 1909 4130 ratione
1930 4070 1996 4126 co·

346 4159 416 4200 ‘¹¹³²'
545 4186 654 4247 natus
674 4163 834 4247 insuam
849 4160 1070 4252 sententiam
1085 4160 1292 4262 adducere,
1309 4159 1474 4246 ostendit
1498 4159 1660 4278 denique
1679 4222 1692 4265 ,
1708 4187 1752 4246 ac
1767 4157 1889 4246 multis
1904 4186 1993 4244 con-

545 4277 669 4369 firmat
692 4281 890 4395 exemplis,
917 4281 946 4367 si
973 4277 1164 4366 necessitas
1195 4277 1390 4392 optionem
1423 4276 1569 4365 dederit
1594 4339 1607 4382 ,
1632 4301 1815 4392 cognatos
1846 4278 1994 4392 potius,

543 4426 658 4513 quam
676 4426 743 4486 aut
771 4399 931 4515 patriam
945 4422 1013 4484 aut
1036 4395 1251 4510 religionem
1278 4423 1354 4481 esse
1384 4396 1628 4483 deserendos.
1660 4399 1784 4480 'Porro
1805 4396 1994 4482 ecclesiam

544 4544 767 4604 cunctorum
800 4517 949 4630 piorum
965 4513 1121 4628 patriam
1144 4542 1220 4598 esse
1234 4537 1275 4598 et
1288 4514 1528 4630 religionem,
1544 4535 1611 4597 aut
1639 4538 1738 4598 certe
1754 4515 1871 4626 patria
1897 4511 1993 4597 mul·

543 4659 588 4720 ro
612 4637 791 4721 cariorem
809 4664 886 4721 esse
915 4635 1053 4723 debere
1076 4660 1199 4746 :quae
1213 4631 1243 4715 si
1256 4632 1435 4746 sacrilegis
1448 4659 1487 4716 et
1505 4629 1684 4716 sceleratis
1702 4630 1912 4718 hominibus
1927 4658 1994 4744 per

541 4776 776 4839 contemtum
796 4753 944 4870 agenda
960 4748 1188 4864 ferendaque
1213 4751 1485 4865 permitteretur
1516 4749 1696 4864 impune,
1714 4779 1794 4834 non
1818 4780 1895 4836 esse
1922 4749 1993 4834 du·

546 4869 769 4981 bitandum,
784 4874 878 4989 quin
900 4871 1005 4960 brevi
1020 4867 1149 4985 religio
1164 4868 1373 4956 Clnistiana
1395 4898 1586 4961 summum
1604 4867 1871 4957 detrimentum
1902 4886 1995 4954 esset

1935 5013 1994 5074 ac·
