4050 5858
527 375 598 445 280
986 371 1457 446 DEMOCRATES

499 497 787 600 extenuatione,
803 495 892 580 item
918 519 963 580 ut
978 494 1106 583 vivere
1127 519 1291 611 nequeat
1314 496 1365 583 ad
1388 494 1535 583 alterius
1551 490 1819 600 voluntatem,
1839 524 1944 611 prae·

499 642 670 732 terquam
693 615 899 700 anricottun
915 674 927 717 ,
944 613 1035 731 illud
1050 614 1150 699 enim
1167 639 1222 700 est
1237 615 1387 702 servile.
1421 619 1553 730 Itaque
1579 642 1714 699 omnes
1730 614 1944 702 adulatores

499 736 619 824 servili
651 735 778 819 animo
808 756 895 819 sunt
913 793 925 836 ,
943 756 982 817 et
1009 731 1143 842 abjecti
1170 732 1342 818 homines
1374 756 1619 819 assentatores
1649 731 1872 818 habentur:
1903 763 1944 820 ac

498 882 548 937 ne
573 852 758 938 malorum
773 851 928 966 quidem
951 849 1186 954 meminisse,
1213 851 1443 967 nngnanimi
1461 876 1545 957 est,
1569 850 1634 937 sed
1653 850 1861 938 connivere
1875 884 1944 967 po

500 971 571 1056 tius
593 972 631 1055 in
660 970 860 1056 commissis
889 968 1077 1073 aliorum,
1102 993 1141 1054 et
1165 967 1331 1082 ipsorum
1355 969 1538 1056 oblivisci.
1571 973 1674 1052 Nam
1695 997 1786 1054 curn
1814 971 1942 1058 suain

498 1087 590 1174 alios
614 1085 778 1174 officiose
808 1083 907 1173 facta
937 1116 1144 1172 memorare
1170 1086 1334 1171 alienum
1359 1112 1414 1173 est
1438 1090 1489 1171 ab
1512 1086 1584 1171 hac
1603 1115 1750 1171 summa
1777 1086 1941 1196 virtute,

497 1231 582 1293 tum
599 1207 759 1292 aliorum
776 1207 814 1290 in
831 1234 869 1290 se
891 1205 1087 1289 commissa
1113 1205 1365 1318 exprobrare,
1382 1205 1503 1290 multo
1524 1207 1637 1290 etiam
1662 1205 1780 1322 magis
1798 1237 1810 1290 ε
1835 1209 1946 1291 Nlltil

309 1334 333 1432 l:
348 1317 462 1440 iim·
496 1333 594 1409 erta'm
619 1329 844 1407 laudabilius
861 1384 873 1427 ,
889 1346 933 1406 ut
948 1323 1082 1407 Cicero
1107 1346 1289 1428 testatur,
1311 1325 1407 1405 nibil
1430 1348 1561 1433 magna
1576 1338 1614 1406 et
1632 1330 1838 1431 praeclaro
1857 1333 1942 1410 vira

498 1448 653 1552 dignius
678 1445 1075 1552 placabilitate‘atque
1103 1448 1293 1523 clementia
1311 1472 1320 1522 :
1338 1439 1377 1524 in
1397 1469 1478 1556 quo
1511 1469 1649 1557 genere
1672 1440 1816 1552 Julium
1846 1445 1944 1528 Cae·

499 1590 619 1648 sarem
647 1559 852 1644 excelluisse
877 1558 1033 1674 legimus
1062 1557 1099 1640 in
1127 1562 1390 1642 Romanorum
1421 1557 1704 1644 monumentis.
1735 1560 1801 1645 Ad
1829 1586 1945 1648 extre·

500 1709 608 1764 mum
637 1678 879 1795 magnanimo
901 1703 1083 1791 perquam
1111 1704 1213 1761 rarus
1244 1705 1366 1761 sermo
1392 1702 1447 1762 est
1477 1677 1527 1763 de
1549 1674 1765 1761 hominibus
1789 1702 1871 1762 nrm
1903 1680 1945 1766 in

500 1795 651 1882 laudem
669 1857 682 1902 ,
703 1821 786 1881 tum
810 1795 923 1880 etiam
946 1793 985 1877 in
1008 1792 1251 1907 vituperium.
1286 1798 1390 1878 Nam
1422 1823 1510 1880 cum
1536 1793 1696 1879 aliorum
1727 1794 1774 1880 de
1797 1825 1836 1881 se
1864 1795 1947 1882 hu·

500 1915 671 2001 dationes
694 1913 800 2028 parvi
825 1909 962 2015 faciat,
986 1910 1108 1997 multo
1137 1911 1259 1996 minus
1288 1910 1364 2024 ipse
1393 1941 1459 1997 sua
1486 1908 1585 1998 facta
1610 1912 1822 2028 praedicate
1855 1943 1946 2030 gau·

500 2032 595 2136 det,
621 2032 696 2116 hoc
715 2031 814 2116 enim
836 2029 990 2116 levitatis
1022 2053 1077 2114 est
1101 2052 1141 2114 et
1168 2025 1357 2113 deforme.
1391 2033 1477 2116 Nec
1509 2060 1633 2115 rursus
1663 2030 1822 2116 aliorum
1849 2033 1948 2120 vitu·

500 2149 754 2264 petationibus
776 2147 1007 2253 delectantt,
1033 2147 1104 2232 suis
1136 2146 1235 2232 enim
1267 2145 1411 2262 magnis
1440 2147 1638 2235 virtutibus
1671 2148 1837 2263 princeps
1868 2179 1949 2236 esse

501 2266 585 2353 vult
613 2293 652 2353 et
676 2268 840 2381 superior
858 2327 870 2370 ,
887 2296 968 2352 non
997 2264 1154 2353 aliorum
1188 2262 1401 2350 infirmitate
1433 2264 1496 2353 vel
1528 2268 1678 2384 ignavia
1695 2295 1872 2382 ,prorsus
1901 2290 1951 2355 ut

501 2413 551 2470 ne
580 2385 629 2471 de
653 2385 803 2471 inimicis
826 2384 980 2499 quidem
996 2384 1091 2468 male
1107 2385 1284 2498 loquatur
1304 2444 1316 2490 ,
1334 2382 1401 2469 nisi
1423 2379 1523 2472 forte
1550 2408 1779 2501 provocatus
1796 2446 1810 2491 ,
1826 2411 1874 2471 ut
1899 2414 1951 2473 te·

502 2498 597 2591 fetat
626 2503 723 2591 male
749 2503 903 2589 metenti
930 2501 1223 2588 contumeliam.

577 2624 740 2708 XXXII.
815 2623 946 2735 Atque
973 2621 1066 2707 haec
1096 2620 1273 2735 equidem
1306 2645 1504 2737 praecepta
1536 2624 1585 2711 de
1614 2620 1840 2711 fortitudine
1868 2653 1953 2710 ma·

505 2738 777 2857 gnitudineque
802 2737 915 2822 animi
939 2769 963 2821 a
987 2739 1152 2824 maximis
1169 2738 1424 2854 philosophis,
1442 2743 1656 2857 praesertim
1684 2744 1735 2827 ab
1752 2741 1951 2827 Aristotele

504 2858 643 2944 tradita
666 2883 779 2962 sunt,
796 2855 845 2940 sic
874 2885 896 2937 a
922 2856 1006 2943 vitis
1029 2857 1273 2971 prudentibus
1306 2857 1355 2943 de
1381 2883 1542 2976 utraque
1574 2861 1713 2948 virtute
1747 2860 1953 2944 disseritur.

315 2978 547 3060 ὈονίτωῑίιῃιςΑ
578 2977 714 3090 quibus
737 2974 934 3062 virtutibus
961 3001 1110 3060 tantum
1134 2976 1237 3061 abest
1253 3037 1264 3081 ,
1280 3000 1324 3060 ut
1353 2976 1482 3094 religio
1508 2978 1721 3064 Christiana
1749 2975 1951 3080 dissideat,

317 3042 471 3094 naturalibus
489 3071 497 3097 ‚

311 3111 501 3213 Χἕξω35131,ῑρῐέῐῶ
510 3115 553 3177 ut
578 3093 633 3178 his
656 3091 887 3208 potissimum
915 3089 1074 3180 fundata
1098 3117 1137 3179 et
1159 3093 1328 3177 latissime
1359 3119 1567 3212 propagata
1595 3096 1686 3181 mihi
1709 3092 1821 3180 fuisse
1845 3093 1953 3180 vidc-

318 3226 438 3275 ΜΝ·
511 3235 595 3295 atur
615 3241 681 3325 per
710 3210 955 3296 sanctissimos
980 3212 1140 3318 heroas,
1159 3240 1284 3326 quos,
1302 3213 1390 3326 quia
1414 3212 1453 3297 in
1478 3214 1735 3299 testimonium
1761 3241 1873 3298 verae
1896 3239 1954 3296 re·

511 3328 656 3445 ligionis
672 3390 685 3435 ,
702 3353 864 3415 mortem
893 3324 980 3413 forti
1013 3358 1230 3447 magnoque
1260 3329 1388 3416 animo
1418 3330 1676 3445 pendentm,
1703 3330 1831 3414 Latini
1857 3358 1954 3444 quo

500 3476 588 3562 que
620 3450 771 3532 Graeco
797 3446 986 3534 vocabulo
1010 3449 1208 3557 Martyres
1237 3446 1359 3532 solent
1386 3448 1595 3563 appellate.
1627 3453 1734 3538 Nam
1765 3447 1851 3563 quis
1878 3475 1956 3531 um

511 3595 627 3681 quam
644 3563 821 3680 perieulis
834 3562 1044 3671 adeundis,
1065 3564 1425 3681 contemnendisque
1449 3568 1586 3674 rebus,
1603 3596 1697 3682 quas
1714 3566 1830 3652 ceteri
1846 3564 1955 3651 demi

512 3708 668 3789 rantur,
695 3680 888 3769 fortiorem
912 3706 979 3768 aut
1004 3685 1181 3797 majorem
1207 3683 1374 3768 animum
1404 3685 1605 3800 praestitit,
1623 3714 1742 3801 quam
1758 3683 1952 3801 apostoli?

514 3801 612 3898 Quis
639 3805 871 3887 Graecorum
902 3825 967 3885 aut
992 3806 1256 3887 Romanorum
1282 3802 1336 3886 ob
1364 3802 1521 3888 salutem
1543 3804 1684 3917 patriae
1718 3834 1786 3889 seu
1814 3804 1958 3888 liberta·

431 4027 435 4036 .
513 3942 621 4026 tem,
644 3944 709 4005 aut
724 3920 929 4004 humanam
944 3917 1102 4036 gloriam
1126 3949 1205 4006 tam
1229 3918 1408 4036 intrepide
1434 3945 1596 4007 mortem
1617 3920 1755 4009 subivit
1771 3983 1783 4026 ,
1799 3948 1913 4036 quam
1931 3920 1962 4003 i·

515 4036 570 4152 psi
585 4037 768 4152 ceterique
790 4061 994 4151 martyres,
1011 4039 1139 4153 spretis
1162 4037 1362 4152 impiorum
1386 4039 1519 4146 minis,
1539 4065 1866 4156 tyrannorumque
1882 4064 1961 4122 sae·

514 4153 604 4240 vitia
628 4180 780 4270 propter
805 4155 942 4242 Christi
974 4157 1192 4274 religionem
1210 4158 1363 4271 ‘lquam
1384 4150 1466 4243 non
1491 4182 1572 4244 tam
1597 4158 1795 4274 loquendo
1813 4219 1826 4264 ,
1841 4185 1959 4272 quam

515 4266 661 4356 fortiter
689 4273 886 4360 moriendo
914 4275 1043 4359 ceteris
1075 4272 1289 4360 hominibus
1322 4274 1604 4390 probaverunt.

501 4441 504 4446 2
575 4390 752 4476 XXXlll.
808 4397 918 4478 Leon.
937 4397 998 4476 De
1013 4393 1070 4478 his
1084 4393 1238 4508 quidem
1254 4393 1471 4499 virtutibus,
1488 4401 1759 4500 Democrates,
1779 4417 1883 4480 tecte
1900 4391 1958 4476 mi

513 4501 556 4590 hi
570 4504 727 4612 videris,
744 4532 783 4594 et
807 4537 853 4593 ex
875 4512 1076 4626 praeceptis
1099 4511 1356 4625 philosophiae
1377 4512 1784 4627 Peripateticorumque
1809 4508 1960 4598 decretis

514 4623 741 4710 disseruisse.
770 4623 949 4711 Ceterum
965 4627 992 4713 si
1009 4628 1103 4744 quid
1126 4629 1267 4714 habent
1292 4629 1383 4715 certi
1408 4631 1514 4746 signa
1539 4632 1607 4717 ista
1632 4628 1960 4746 magnanimitatis,

514 4764 555 4826 et
583 4771 682 4857 quae
708 4772 818 4859 supra
847 4743 896 4829 de
921 4745 1019 4830 notis
1050 4746 1141 4831 boni
1168 4746 1287 4832 militis
1311 4743 1494 4833 referebat
1519 4745 1723 4849 Alfonsus,
1751 4775 1890 4832 vereor
1917 4771 1962 4828 ne

513 4853 700 4988 fortintdo
724 4861 1023 4979 magnitudoque
1047 4863 1160 4951 animi
1177 4926 1190 4971 ,
1205 4890 1245 4952 et
1271 4864 1430 4981 proinde
1449 4890 1596 4959 ceterae
1624 4893 1777 4957 motum
1793 4865 1963 4968 virtutes,

1890 5009 1968 5071 non
