4140 5872
516 404 584 492 qs
769 391 1660 470 ermenonnecttonn:‘stetere

491 522 616 608 nram
625 522 685 611 'ab
703 521 808 611 omni
823 520 936 630 vitio
947 526 1119 606 asserere
1123 542 1195 624 ,et
1223 547 1388 602 annum
1399 543 1627 631 mensesque
1644 517 1698 606 ad
1714 515 1946 636 hginmu't'n

304 635 474 753 2333}ssss
494 642 683 757 idemque
693 641 896 727 naturale
881 640 1037 725 initium
1059 667 1121 724 ac
1130 637 1236 722 uelut
1250 660 1366 751 caput
1390 663 1582 721 revocate.
1598 638 1775 738 Quod
1752 671 1782 722 su
1796 634 1949 725 famum

304 755 373 873 ξῗζο
375 759 477 885 ,“ζ,]ξ
497 755 632 846 fuerit
621 759 845 894 solstitium
859 759 1090 861 hibernum,
1088 758 1157 841 'em
1171 754 1472 864 nasaleChristi,
1486 777 1527 851 et
1541 744 1719 839 oleum
1741 756 1949 894 Janueriae

247 886 249 889 ’
307 873 440 925 ΝΜ·
497 903 736 1013 eotnpetent
734 878 790 961 in
794 875 973 984 eumdem
986 877 1109 979 dem,
1117 874 1227 959 unde
1235 848 1413 961 [ιιιιιιιι
1407 873 1605 980 sumatur
1607 881 1660 956 ιι
1666 876 1944 962 convenientis-

481 996 632 1101 simiam
641 996 891 1131 anmprincip
832 995 1012 1110 ctpium',
994 993 1158 1079 sublata
1168 994 1243 1076 wila.
1250 979 1512 1094 confusionem,
1509 1002 1649 1105 quam
1659 991 1769 1076 dies
1760 993 1947 1104 mterjecti

498 1111 623 1200 natali
615 1114 792 1198 Christi?
787 1132 842 1198 et
840 1112 1022 1238 ealehdis
1024 1109 1196 1224 Jan‘uarii
1208 1114 1321 1226 etg'a
1327 1107 1492 1236 publicas
1510 1107 1717 1222 scripturas
1735 1113 1949 1224 quotannis

499 1213 716 1355 afferunt,
705 1259 745 1314 tn
761 1231 829 1316 illa
835 1215 1025 1345 temporis
1036 1228 1311 1341 intercapedine
1326 1221 1541 1329 confectas,
1556 1226 1703 1340 quibus
1702 1228 1845 1314 scilicet
1861 1232 1951 1316 scri·-

499 1345 630 1461 pruris
624 1350 774 1432 annus
779 1347 1005 1453 adscribitur
1008 1376 1043 1429 a
1052 1370 1144 1431 nato
1159 1344 1310 1429 Christo
1327 1348 1575 1445 numeratus..
1593 1349 1705 1433 Nam
1712 1371 1856 1459 septem
1872 1379 1950 1460 po·

502 1488 660 1551 snernos
680 1467 778 1559 diem
775 1464 1005 1571 Decembris
1034 1464 1124 1547 anni
1152 1462 1347 1577 superioris
1375 1461 1531 1546 scribac
1547 1461 1670 1546 solent
1696 1466 1952 1579 consequenti

501 1584 658 1717 praeter
667 1581 926 1711 communem
934 1582 1158 1667 ceterorum
1180 1579 1508 1664 consuetudinem
1530 1600 1776 1665 armumerare
1794 1642 1806 1685 ,
1826 1583 1948 1695 quod

502 1726 583 1793 non
604 1701 698 1784 sine
709 1700 847 1816 magna
871 1698 1090 1784 confusione
1115 1697 1361 1812 molestiaque
1368 1694 1580 1811 legennum
1607 1693 1793 1782 efficitur,
1817 1700 1952 1811 Cu'pts

500 1813 737 1902 incommodi
765 1817 934 1903 tollendi
945 1815 1089 1933 gratia,
1107 1841 1151 1901 ut
1173 1816 1297 1928 paucis
1313 1813 1392 1947 jam
1413 1813 1592 1927 explicem
1605 1815 1714 1928 quod
1731 1814 1880 1920 sentio,
1915 1818 1950 1901 si

500 1935 724 2047 principium
746 1934 973 2019 communis
980 1933 1220 2046 Romanique
1236 1931 1334 2015 anni
1338 1958 1406 2015 sua
1419 1955 1555 2044 sponte
1570 1955 1620 2015 et
1624 1955 1752 2017 vetere
1768 1931 1947 2020 instituto

502 2048 739 2183 discreparet
745 2079 768 2131 a
790 2050 910 2134 natali·
917 2050 1082 2154 Christi,
1097 2048 1215 2134 unde
1223 2044 1306 2133 fere
1326 2046 1524 2135 Chsisriani
1551 2073 1650 2135 tum
1665 2047 1836 2182 publice,
1856 2073 1949 2135 rum

501 2166 675 2277 privatim
696 2165 939 2282 scribentesp
913 2167 1144 2300 prinan·
1159 2196 1264 2250 annn
1235 2139 1456 2270 duennt,
1470 2165 1596 2298 paucis
1626 2166 1807 2304 seripturis
1836 2195 1945 2252 exce·

501 2280 575 2394 plis
589 2345 601 2388 ,
611 2282 754 2398 quibus
778 2314 907 2370 annus
906 2283 1137 2370 adscribitur
1156 2283 1329 2398 expletus
1340 2283 1428 2368 ab
1417 2282 1701 2368 mearnationesst
1709 2303 1852 2373 tamen
1852 2315 1947 2370 mu

501 2400 662 2485 tandum
686 2402 774 2504 mihi
803 2431 880 2487 esse
903 2403 1120 2506 videretur,
1143 2429 1186 2486 et
1213 2399 1393 2514 publico
1390 2400 1688 2486 Christianorum
1719 2402 1874 2487 decreto
1891 2404 1949 2490 ad

501 2516 664 2602 natalem
677 2497 817 2602 Christi
838 2520 938 2612 diem
956 2462 1239 2621 revocaridum,
1255 2544 1315 2604 ut
1315 2517 1446 2602 omnis
1472 2517 1709 2649 perturbatio
1733 2543 1772 2604 et
1801 2509 1947 2607 consue

502 2632 557 2719 sio
581 2659 637 2720 ex
646 2635 746 2719 anni
761 2635 1047 2750 computatione
1076 2635 1329 2720 tolleretur..
1463 2706 1464 2709 .
1534 2713 1536 2716 .
1602 2714 1606 2719 .

505 2753 670 2834 XV.-
708 2757 826 2867 Ergo
830 2752 1016 2866 cumipse
1031 2752 1133 2838 ratio
1142 2753 1289 2838 veteris
1298 2751 1455 2837 instituti
1479 2777 1518 2838 et
1542 2752 1779 2868 incorruptae
1796 2714 1948 2841 formae

501 2867 590 2950 anni
614 2869 700 2953 ab”
680 2900 718 2953 ns
733 2930 744 2973 ,
761 2897 859 2982 quos
884 2893 1065 2954 auctores
1071 2899 1314 2985 seqtumur,
1310 2871 1479 2974 tradita,
1496 2900 1566 2954 nos
1576 2873 1633 2956 ad
1648 2898 1732 2956 eam
1748 2873 1946 2958 mutatio·

499 3009 588 3069 nem
611 3010 649 3070 et
665 3012 833 3071 exactam
858 2988 1127 3072 correctionem
1152 2988 1402 3094 cohortetur,
1424 2930 1550 3074 veleri
1553 2987 1757 3073 reclamans
1776 3045 1790 3092 ,
1806 3017 1847 3074 se
1861 2991 1944 3077 vio

499 3099 575 3184 lata
598 3127 639 3186 et
661 3103 894 3215 reluctante,
908 3104 1001 3189 haec
1031 3105 1287 3191 incommoda
1288 3166 1300 3210 ,
1316 3131 1415 3219 quae
1438 3104 1545 3189 larius
1575 3103 1747 3218 quotidie
1769 3116 1941 3220 serpunt,

498 3217 724 3332 obrepsisse·
745 3251 847 3306 num
861 3165 1113 3307 dubitabimus
1139 3222 1334 3307 notissimis
1366 3223 1549 3327 erroribus
1574 3222 1945 3329 submovendis,et

499 3343 642 3432 abnum
666 3361 873 3469 tamquam
887 3370 953 3423 sua
976 3339 1065 3426 sede
1088 3327 1235 3453 pulsum
1260 3364 1300 3424 et
1325 3348 1512 3424 errantem
1539 3339 1584 3422 in
1594 3339 1758 3425 domum
1782 3363 1822 3425 et
1840 3342 1945 3427 viam

499 3452 744 3559 reducendo,¹
740 3481 816 3540 tot
832 3459 870 3541 e't
886 3482 1018 3542 tantas
1027 3486 1156 3571 ,quae
1170 3485 1260 3542 sese
1267 3456 1476 3566 ostendunt
1494 3480 1533 3541 et
1548 3438 1747 3561 offemnt,
1762 3465 1943 3544 commo÷

499 3569 632 3656 ditares
659 3572 857 3685 amplecti,
875 3599 914 3657 et
923 3575 1046 3660 vitam
1062 3575 1285 3679 hommum,
1303 3574 1516 3688 praesertim
1529 3517 1769 3662 sacerdotum
1785 3601 1945 3688 propter

498 3683 680 3780 festorum
702 3689 990 3796 celebrationes,
1005 3720 1028 3774 a
1046 3722 1183 3808 magna
1198 3718 1413 3806 temporum
1437 3716 1554 3805 atque
1575 3709 1701 3780 rerum
1715 3687 1942 3780 mansione

499 3827 538 3887 et
554 3806 728 3892 caecitate
744 3807 782 3890 in
794 3807 876 3893 dies
886 3833 1112 3924 augescente
1129 3810 1304 3894 liberare.
1296 3819 1309 3869 ²
1320 3808 1440 3924 quod
1462 3837 1533 3893 nec
1552 3819 1762 3922 operosum
1770 3833 1854 3913 est,
1867 3837 1941 3899 nec

499 3922 707 4008 multorum
732 3953 921 4010 annorum
946 3925 1175 4060 negotium,
1187 3927 1286 4012 adsit
1302 3927 1424 4011 modo
1445 3924 1606 4013 concilii
1606 3925 1898 4014 sacerdotum
1863 3951 1944 4014 nte

499 4064 626 4124 conen
610 4040 744 4147 ,vel
738 4041 925 4128 Pontificis
941 4069 979 4127 et
995 4044 1205 4176 Principum
1221 4044 1519 4130 Christianorum
1529 4062 1755 4130 consensu
1774 4068 1859 4127 uno
1877 4073 1945 4131 an

308 4155 504 4286 ‚anssssffiffffl
498 4185 571 4241 no
568 4183 715 4274 ,atque
743 4162 841 4245 adeo
859 4190 985 4245 mense
1008 4191 1114 4264 ,tes
1123 4170 1206 4246 tota
1226 4157 1359 4246 confici
1377 4185 1528 4276 potest,
1533 4160 1573 4247 si
1597 4156 1777 4274 public'o
1768 4187 1941 4272 ipsorum

306 4287 399 4336 Μ’·
494 4274 652 4358 decreto
676 4278 809 4362 mensis
824 4278 1092 4362 December
1061 4306 1138 4388 erus
1161 4308 1267 4363 annr
1246 4279 1426 4364 diebus
1428 4278 1603 4375 undecim
1633 4277 1887 4381 absolvatur,
1905 4304 1945 4366 et

498 4419 565 4504 qut
555 4387 744 4476 futurus
749 4418 838 4478 etat
845 4395 1092 4480 duodecimus
1107 4456 1119 4499 ,
1132 4426 1213 4510 quo
1228 4425 1330 4481 manc
1343 4395 1475 4482 incidit
1491 4398 1655 4503 bruma,
1672 4396 1725 4480 sic
1741 4393 1786 4491 sit
1801 4397 1946 4531 primus

496 4509 695 4620 Januarii,
700 4511 902 4624 idemque
898 4512 1046 4598 natalis
1054 4511 1192 4599 Christi
1209 4513 1543 4647 ,principiumque
1548 4515 1771 4600 communis
1776 4513 1935 4607 anni.⁴

504 4630 697 4713 XV1.·
698 4629 799 4712 A'd.
794 4629 1007 4714 uitandum
1004 4644 1152 4743 porro
1150 4628 1273 4720 lunari
1293 4630 1475 4745 temporis
1507 4658 1664 4718 omnem
1680 4659 1877 4737 errorem,
1901 4632 1942 4719 id

303 4831 309 4846 y
433 4744 652 4859 quoque
679 4745 982 4847 constituendum
1013 4754 1132 4851 esset,
1150 4773 1194 4833 ut
1221 4747 1372 4864 quinto
1369 4757 1569 4865 quoque
1568 4777 1674 4835 anno
1704 4768 1833 4837 mense
1867 4755 1945 4834 Fe·

301 4902 308 4911 ·
379 4907 383 4925 ,
404 4862 657 5005 bruerio
655 4864 893 4972 dietmare,
918 4808 1245 5042 quemadmirdum
1276 4866 1395 4955 solet
1386 4867 1738 4988 ,intercalaretur,
1767 4892 1942 4988 praeter.-

579 5014 585 5038 ι
1589 5042 1590 5045 r
1819 5015 1947 5105 qum,
