4006 5850
500 395 568 466 ,502v
789 373 857 446 DE
881 375 1012 448 Fato
1039 376 1103 448 ET
1128 373 1307 450 [taetto
1328 374 1565 449 ARBITRIO

472 533 591 623 quam
609 497 815 608 dissolvat,
842 496 888 590 ur
905 499 1073 591 Macedo
1087 504 1148 593 ille
1175 506 1435 593 Gordianum·
1467 505 1575 592 Nam
1602 500 1755 608 sihoc,
1786 502 1932 618 inquit,

474 652 600 713 rerum
615 647 748 710 natura
764 621 950 738 patiatur,
979 649 1018 710 et
1037 624 1115 711 lieri
1143 655 1252 739 posse
1277 626 1498 742 permittat,
1520 624 1653 738 utique
1669 618 1803 707 fututa
1826 621 1929 708 adis

473 741 705 861 potissimum
724 742 1111 859 praecognoscidictu
1127 739 1182 828 las
1210 769 1296 849 est,
1322 768 1363 830 et
1385 739 1700 831 maximerationi
1713 765 1926 826 vconsenta-

477 890 604 948 neum.
638 861 701 944 Sin
718 868 845 948 autent
862 859 1077 970 huiusmodi
1102 855 1394 980 praecognitio,
1411 887 1457 951 ut
1478 857 1716 974 impossibile
1741 889 1765 943 a
1795 883 1928 944 natura

478 979 645 1069 renuitur
660 973 681 1085 ,²
695 976 866 1094 profecto
882 1008 931 1064 ne
952 979 1018 1068 diis
1046 974 1202 1096 quidem
1218 978 1344 1067 futura
1359 978 1543 1097 praescire
1556 977 1692 1063 datum
1707 1005 1792 1062 esse
1816 1002 1925 1091 puta-

479 1098 724 1188 reconvenit.
750 1101 975 1213 'Numquae
992 1121 1057 1183 sua
1084 1123 1217 1184 natura
1243 1099 1320 1185 lieri
1346 1122 1567 1213 nequeunt,
1586 1124 1632 1180 ea
1661 1093 1787 1180 nihilo
1816 1096 1922 1181 socius

479 1219 582 1334 apud
605 1210 697 1302 deos
719 1245 825 1301 suam
853 1242 1028 1332 naturam
1058 1216 1214 1302 retinere
1237 1280 1249 1323 ,
1274 1245 1367 1303 cum
1380 1212 1560 1302 dumeto
1582 1213 1690 1299 lateri
1712 1211 1800 1297 fieri
1823 1241 1920 1298 com·

481 1333 757 1439 mensurabilis,
779 1362 868 1419 nea
890 1333 956 1418 diis
970 1334 1123 1450 quidem
1153 1337 1422 1422 immortalibus
1438 1329 1580 1450 possit,
1599 1359 1675 1416 nec
1698 1355 1749 1416 ut
1766 1329 1827 1415 bis
1850 1330 1923 1417 duo

481 1454 553 1540 sint
567 1453 757 1571 quinque,
778 1474 844 1537 aut
859 1454 1141 1565 praeteritorum
1160 1448 1369 1570 quidquam
1387 1452 1528 1538 nonsit
1548 1452 1734 1563 elapsum.
1776 1449 1851 1534 Sed
1878 1478 1924 1534 ne

481 1572 577 1661 velle
605 1572 759 1686 quidem
781 1570 874 1655 deos
901 1632 913 1676 ,
940 1599 1039 1684 quae
1068 1596 1202 1656 natura
1228 1569 1355 1657 lieri‘n
1406 1596 1525 1657 ueunt
1548 1629 1560 1672 ,
1586 1564 1767 1653 efficere.
1796 1572 1925 1681 Itaque

482 1719 567 1796 res,
591 1718 752 1806 quarum
769 1711 824 1772 est
838 1712 883 1772 ea
904 1713 1069 1793 natura,
1093 1713 1137 1775 ut
1169 1687 1246 1774 lieri
1276 1594 1428 1805 peririis
1468 1713 1584 1804 atque
1616 1714 1702 1770 non
1728 1682 1811 1768 fieti
1831 1715 1918 1798 pos·

481 1808 582 1915 sint,
606 1808 698 1894 deos
729 1805 887 1891 omnino
902 1801 1072 1912 futuras,
1102 1831 1168 1903 aut
1194 1807 1349 1893 vicissim
1368 1836 1448 1892 non
1470 1801 1613 1892 futuras
1641 1802 1830 1918 praescire
1850 1831 1925 1888 non

481 1956 611 2042 posse:
639 1924 821 2041 quoniam
842 1922 924 2008 talis
949 1918 1102 2009 facultas
1130 1923 1345 2036 hujusmodi
1376 1920 1690 2040 praecognitione
1715 1918 1921 2006 tolleretur.-

481 2048 613 2141 Quare
629 2043 695 2158 qui
710 2042 824 2145 velit,
839 2040 988 2156 inquit,
1011 2071 1095 2127 eam
1111 2066 1335 2157 potestatem
1350 2043 1507 2128 retinete
1523 2103 1536 2145 ,
1553 2034 1582 2126 is'
1605 2035 1782 2124 deorum
1793 2064 1923 2124 coram

481 2159 828 2278 praecognitionem
843 2159 1021 2275 negabit:
1045 2162 1296 2275 quod-ipsum
1312 2156 1618 2247 aduersariorum
1630 2185 1816 2242 sennone
1835 2183 1918 2239 con·

482 2278 633 2384 firmat,
650 2277 722 2393 *qui
737 2279 828 2364 deos
843 2277 982 2362 idcirco
1001 2274 1127 2362 futura
1151 2281 1357 2394 prospicere
1373 2277 1503 2364 dicunt
1525 2322 1540 2382 ·,
1563 2274 1680 2390 quod
1697 2274 1756 2358 ita
1772 2273 1840 2359 sint
1861 2268 1916 2356 lu·

481 2420 566 2484 tura
581 2396 810 2498 necessario,
835 2424 915 2509 non
947 2396 1280 2512 praecognitutos,
1308 2398 1336 2482 si
1362 2424 1417 2481 res
1441 2423 1519 2480 sese
1537 2393 1643 2477 aliter
1666 2393 1853 2476 habetet:
1884 2412 1924 2474 ut

483 2539 659 2630 appareat
675 2514 741 2599 diis
758 2514 931 2599 eamdem
948 2513 1232 2600 imbecillitatem
1264 2515 1430 2628 ipsorum
1452 2509 1639 2597 sententia
1661 2505 1831 2595 conferti
1857 2564 1871 2612 ,
1895 2509 1926 2592 si

482 2629 604 2720 facere
618 2630 850 2747 impossibilia
866 2659 947 2715 non
964 2650 1097 2745 posse,
1124 2628 1237 2718 debet
1262 2630 1484 2717 imbecillitas
1500 2652 1555 2714 =ac
1579 2627 1813 2742 impotentia
1836 2656 1923 2709 nun·

483 2750 630 2864 cupari:
652 2777 718 2869 per
733 2750 830 2861 hanc
844 2747 943 2832 enim
957 2748 1246 2863 praedictionem
1264 2745 1682 2859 nihilosmaiotemvim
1697 2814 1699 2816 v
1715 2744 1927 2828 numinibus

486 2867 696 2966 attribuunt
714 2864 825 2969 ,sed
846 2865 921 2950 hoc
941 2889 1155 2979 praesumto
1174 2888 1193 2972 ὲ,
1218 2867 1339 2952 talem
1363 2891 1486 2951 rentm
1516 2889 1692 2950 naturam
1732 2862 1924 2965 itrtlucunt,

485 3010 611 3100 neque
625 2983 786 3069 sensibus
806 3006 1057 3068 consentanea
1073 2983 1264 3090 cicentes,
1293 2997 1417 3099 neque
1432 2982 1514 3068 usui
1535 3012 1662 3068 retum
1689 2979 1929 3065 consentien-

487 3102 550 3186 tia.
584 3101 772 3216 Siquidem
787 3099 920 3185 eadem
934 3101 996 3187 via
1012 3099 1163 3205 liceret,
1195 3103 1312 3187 multa
1332 3100 1565 3215 impossibilia
1586 3098 1667 3184 fieti
1696 3127 1811 3213 posse
1833 3127 1927 3182 con·

488 3217 665 3323 cludere,
690 3243 735 3334 ut
748 3217 775 3302 si
789 3213 873 3333 quis
888 3216 941 3303 ad
964 3218 1068 3302 hunc
1082 3217 1243 3304 modum
1259 3213 1447 3335 colligeret
1467 3215 1718 3304 :Absurdum
1748 3240 1806 3301 est
1830 3216 1925 3301 dictu

490 3336 587 3424 deos
606 3337 926 3452 ignorare‚'qttot
943 3360 1154 3441 mensuras,
1183 3329 1340 3450 exempli
1365 3337 1510 3452 gratia,
1542 3359 1641 3451 quot
1664 3332 1778 3417 ulnas
1806 3357 1926 3447 pateat

490 3451 677 3540 inlinitum
692 3481 707 3537 ε·
720 3448 905 3537 inlinitum
924 3453 1033 3569 igitur
1047 3454 1152 3539 certis
1166 3478 1282 3570 atque
1297 3451 1455 3540 definitis
1472 3453 1567 3538 ulnis
1593 3449 1836 3556 absolvitur,
1864 3449 1924 3536 diis

493 3571 599 3658 aliter
613 3569 860 3688 ignoraturis,
884 3597 983 3684 quot
999 3572 1095 3657 ulnis
1111 3571 1201 3658 illud
1219 3596 1462 3659 mensuretur.
1486 3571 1560 3656 Sed
1586 3568 1777 3685 quoniam
1803 3565 1926 3654 fututa

494 3715 809 3806 praecognoscere
824 3690 962 3795 datur,
979 3712 1017 3775 et
1030 3690 1115 3774 talia
1134 3691 1257 3804 qualia
1273 3690 1370 3793 sint,
1396 3714 1715 3805 praecognoscere
1733 3747 1747 3792 ,
1763 3686 1927 3773 dubium

497 3833 664 3891 essenon
681 3807 830 3908 debet,
845 3805 939 3921 quin
954 3808 1209 3924 contingentia
1223 3808 1287 3923 qui
1301 3806 1612 3924 praecognoscit,
1636 3802 1697 3887 hic
1716 3830 1765 3888 ea
1779 3827 1826 3888 ut
1840 3832 1926 3888 oon·

496 3923 678 4041 cingentia
693 3948 995 4039 praecognoscat.
1022 3929 1159 4040 Neque
1173 3927 1272 4012 enim
1289 3923 1541 4041 praecognitio
1569 3920 1684 4023 facit,
1712 3944 1759 4005 ut
1784 3921 1925 4007 contin·

388 4101 390 4103 >
498 4071 590 4159 gens
606 4040 1131 4147 necessariositetrentutum,
1159 4043 1267 4158 quod
1293 4045 1412 4156 ipsum
1433 4043 1516 4127 licet
1540 4069 1585 4126 ex
1619 4038 1757 4126 divinis
1789 4036 1932 4154 praeti-

497 4160 681 4247 ctionibus
696 4158 909 4276 intelligere.
937 4164 1038 4244 Nam
1053 4160 1120 4276 qui
1133 4160 1185 4244 ita
1200 4160 1442 4274 praedicunt,
1472 4184 1515 4244 ttt
1540 4157 1648 4244 simul
1672 4159 1932 4244 consolanter

499 4277 742 4364 exhortentur
768 4276 818 4363 ad
845 4277 1063 4362 electionem
1093 4277 1354 4392 actionemque
1379 4306 1503 4364 rerum
1535 4299 1886 4392 opportunarum,
1910 4273 1934 4361 ii

435 4500 437 4503 ι
500 4392 740 4509 profectores
756 4423 838 4480 non
851 4396 957 4510 quasi
972 4392 1114 4480 futuras
1129 4399 1330 4483 necessario
1355 4396 1586 4510 praedicunt.

557 4513 635 4598 XV
636 4570 648 4595 .
708 4510 771 4596 Ad
794 4540 977 4597 summam
994 4576 1007 4618 ,
1023 4512 1173 4627 inquit,
1198 4514 1227 4599 si
1251 4513 1318 4601 diis
1333 4513 1388 4600 isti
1406 4538 1549 4601 -ctutcta
1574 4512 1764 4629 possibilia
1788 4543 1870 4601 esse
1884 4513 1933 4600 ti·

494 4654 586 4717 cant
601 4688 615 4735 ,
630 4627 777 4743 sintque
788 4628 899 4715 etiarn
914 4629 1146 4745 impossibilia
1161 4630 1227 4719 diis
1250 4625 1429 4747 possibilia
1444 4695 1458 4738 ‚
1474 4659 1683 4750 numquam
1700 4656 1841 4720 tamen
1865 4632 1926 4717 dt·

498 4745 792 4850 monstrabitur,
817 4772 969 4861 propter
987 4745 1200 4836 liunttotum
1215 4750 1557 4868 praecognitionem
1574 4812 1587 4854 ,
1604 4775 1650 4837 ut
1663 4776 1926 4866 quaecumque

494 4865 618 4983 fiunt,
646 4863 858 4958 associate
871 4860 1107 4992 efficiantur:
1138 4869 1336 4962 sinautem
1351 4868 1583 4990 impossibilia
1606 4868 1675 4960 diis
1699 4893 1933 5073 ςιιοςιιεῖ
