4034 5858
503 390 569 461 350
924 370 1176 439 anonoom
1202 371 1299 442 nno
1325 372 1471 445 ιιιιιο

472 498 635 580 Herrera
650 496 856 582 monachus
872 496 1155 598 Dominicanus,
1172 497 1418 581 concionator
1437 495 1559 613 regius
1577 557 1588 600 ,
1604 496 1660 583 vir
1678 496 1929 605 doctissimus,

472 614 600 700 animo
615 617 780 705 candido
812 644 850 703 et
874 617 1070 733 ingenuo,
1097 615 1163 731 qui
1188 646 1276 700 cum
1301 645 1385 700 mea
1414 615 1547 729 scripta
1581 615 1756 732 legisset,
1789 648 1932 733 meque

473 733 709 820 disserentem
726 736 908 822 audisset:
942 739 1012 818 Ειι
1029 763 1116 837 me,
1146 735 1293 850 inquit,
1323 736 1491 838 Genesi,
1517 738 1766 843 conjecturam
1795 735 1925 843 fracia,

471 878 537 934 nec
546 869 639 960 puto
654 881 678 935 a
694 871 731 935 te
748 881 961 962 quemquam
978 860 1135 937 dissent
1103 869 1177 936 trre
1214 861 1325 959 ,nisi
1349 860 1413 960 qui
1439 869 1476 935 te
1512 870 1646 958 tuaque
1681 863 1835 964 scripta
1866 865 1931 940 uel

295 1021 326 1068 ξς
329 1020 427 1078 „qen
430 1034 456 1069 ξ,
471 997 538 1054 non
562 979 759 1078 audierit,
790 980 856 1056 vel
870 1000 938 1057 non
962 980 1067 1056 intell
1066 981 1209 1056 exerit.
1242 978 1336 1056 Item
1370 972 1479 1057 nobis
1506 972 1759 1089 suffragantur
1785 1004 1923 1108 magno

280 1081 455 1210 ξ”ξωὲξξιξ
469 1117 654 1175 consensu
678 1092 913 1206 Hispalenses
938 1091 1151 1227 Theologi
1159 1152 1170 1196 ,
1202 1091 1268 1205 qui
1301 1120 1421 1206 nuper
1464 1120 1650 1175 summam
1698 1092 1924 1206 quaestionis

277 1202 309 1309 ll
310 1218 382 1319 ¹¹⁵5„
396 1264 454 1312 s„
469 1208 663 1325 diligenter
693 1211 960 1327 perlegerunt,
995 1213 1032 1295 in
1049 1211 1247 1338 primisque
1266 1208 1411 1294 duo
1376 1239 1444 1295 vrrr
1433 1209 1671 1294 doctissimi
1707 1210 1925 1296 Ludovicus

254 1338 386 1434 ’ξξςζξΊὲι
407 1385 454 1432 A,
468 1328 683 1439 Carvajalus
708 1331 1034 1415 Franciscanorum
1053 1324 1287 1442 praelectus,
1322 1352 1360 1411 et
1393 1329 1626 1463 Augustinus
1658 1328 1817 1442 Sbatoja
1847 1362 1928 1415 mo-

278 1457 330 1495 ¹¹¹⁵·
468 1445 610 1532 nachus
627 1447 898 1532 Dominicanus
915 1448 1022 1583 ,qui
1051 1446 1282 1562 theologiam
1300 1475 1346 1530 cx
1362 1445 1598 1530 cathedram
1623 1476 1782 1532 suorum
1816 1449 1928 1534 colle-

469 1565 535 1679 gio
551 1565 688 1649 docet·
720 1568 966 1652 Praeterea
933 1597 988 1652 ιιι
1003 1628 1014 1670 ,
1032 1590 1074 1650 ut
1092 1566 1341 1668 auctoritate,
1363 1563 1412 1648 sic
1438 1563 1612 1658 doctrina
1641 1594 1834 1680 praestans
1854 1569 1930 1654 Mi·

468 1682 577 1765 chael
610 1690 723 1769 Arcus
753 1686 993 1772 Dominicani
1022 1683 1159 1768 ordinis
1181 1684 1219 1768 in
1245 1683 1393 1769 Baetica
1425 1679 1631 1797 praefectus
1656 1685 1922 1791 Prouincialis,

469 1801 535 1914 qui
550 1831 670 1916 nuper
689 1805 727 1887 in
744 1803 982 1889 Cordubensi
998 1803 1199 1908 coenobi0,
1216 1830 1254 1886 re
1273 1802 1469 1918 diligenter
1485 1833 1530 1888 ex
1563 1804 1653 1888 meis
1678 1803 1824 1917 scriptis
1851 1834 1923 1890 me·

467 1950 544 2034 que
573 1922 772 2008 disserente
789 1946 979 2037 perspecta
996 1947 1056 2027 ,et
1081 1950 1169 2005 cum
1184 1921 1303 2007 doctis
1321 1920 1517 2006 monacbis
1548 1951 1629 2006 non
1654 1924 1782 2057 paucis
1815 1923 1927 2008 colla·

468 2063 535 2141 ta,
563 2069 643 2123 nou
672 2042 794 2125 solum
822 2071 946 2127 meam
964 2041 1216 2144 sententiam,
1233 2040 1363 2126 ceteris
1379 2102 1391 2145 ,
1409 2068 1508 2153 quos
1539 2039 1642 2144 dixi,
1671 2065 1712 2125 et
1739 2040 1778 2124 in
1803 2041 1952 2154 primis

315 2182 438 2231 manus
467 2159 640 2242 Martino
659 2161 878 2294 Mendoza,
909 2159 1075 2269 ejusdem
1101 2159 1275 2243 coenobii
1303 2154 1492 2272 praefecto
1515 2158 1735 2273 gravissimo
1763 2183 1801 2242 et
1818 2189 1927 2274 egre·

275 2246 411 2294 Mffld⁰²³
462 2275 529 2390 ‘gia
554 2277 777 2361 doctrina
744 2309 825 2363 vtro
848 2278 1192 2381 consentientibus,
1205 2277 1363 2413 ..palam
1376 2277 1581 2390 probavit,
1617 2277 1682 2362 sed
1713 2276 1822 2362 etiam
1848 2277 1923 2361 mi-

466 2395 538 2477 rari
555 2424 631 2480 sese
645 2394 831 2530 professus
848 2422 902 2482 est
926 2454 940 2500 ,
964 2425 1064 2512 quae
1079 2425 1188 2481 causa
1204 2395 1484 2510 impressionem
1500 2396 1583 2479 libri
1615 2394 1727 2506 hujus
1756 2424 1927 2481 motare·

467 2536 558 2616 tur,
589 2545 654 2629 qur
645 2516 721 2600 ad
739 2516 945 2600 multorum
977 2545 1143 2599 errorem
1168 2514 1409 2616 tollendum,
1435 2537 1472 2598 et
1503 2540 1647 2598 mentes
1678 2514 1859 2628 scrupulis
1891 2540 1928 2601 et

467 2632 600 2731 aculeis
625 2634 870 2717 conscientiae
895 2654 960 2747 per
964 2664 1089 2745 peram
1126 2630 1319 2716 fortassis
1312 2631 1448 2734 iniectis
1481 2632 1719 2767 explicandas
1760 2662 1927 2749 magno·

466 2778 555 2862 pere
587 2778 669 2862 perr
671 2752 813 2836 inerct:
856 2782 878 2832 a
911 2780 1013 2858 curus
1043 2781 1152 2835 sensu
1185 2781 1264 2834 non
1293 2751 1496 2834 abhorrere
1530 2751 1653 2835 virum
1688 2751 1722 2835 ei
1755 2751 1926 2836 doctrina

468 2890 507 2951 et
523 2869 744 2954 auctoritare
769 2870 921 2954 similem
936 2870 1178 2953 Dominicum
1192 2888 1453 2985 cognomento
1470 2872 1627 2954 Sanctae
1649 2870 1782 2953 Crucis
1798 2869 1919 2977 ,ejus-

467 2985 556 3070 dem
572 2987 711 3072 ordinis
728 2987 778 3072 ad
806 2988 1006 3073 Castellam
1031 2984 1260 3102 praefectum
1280 2985 1550 3072 Provincialem
1578 3017 1736 3102 ,nuper
1754 2930 1844 3072 mibi
1859 3018 1920 3073 te-

467 3104 553 3188 tulit
582 3107 802 3191 Domrnrcus
819 3138 841 3190 a
865 3111 989 3191 Cruce
1007 3110 1313 3240 cognominatus,
1333 3107 1382 3191 ad
1401 3135 1544 3191 novam
1570 3107 1797 3219 Hispaniam
1814 3136 1921 3221 prae·

467 3218 585 3306 fectus
601 3248 639 3307 et
656 3223 731 3338 ipse
744 3225 1010 3327 Prouincialis,
1036 3226 1104 3338 qui
1128 3253 1216 3308 cum
1241 3225 1316 3308 aliis
1334 3249 1546 3337 perspectae
1572 3225 1770 3340 probitatis
1788 3252 1827 3309 et
1844 3225 1920 3310 reli·

469 3341 589 3456 gionis
605 3343 797 3429 monachis
812 3373 858 3429 ex
873 3344 935 3428 illo
952 3344 1069 3427 altero
1086 3347 1179 3426 orbe
1199 3342 1327 3427 missus
1343 3339 1441 3446 fuit,
1465 3368 1508 3427 ut
1524 3343 1707 3428 Carolum
1725 3347 1924 3429 Caesarem

469 3489 597 3546 coram
613 3461 706 3574 quid
733 3461 825 3545 boni
848 3462 984 3576 publici
1008 3484 1045 3544 er
1062 3460 1217 3572 justitiae
1233 3462 1328 3544 ratio
1345 3404 1578 3574 postitlaret,
1602 3463 1810 3548 edocerent
1824 3490 1920 3575 ,pe-

470 3600 667 3692 terenrque
690 3578 756 3692 (id
775 3580 884 3694 quod
900 3580 1174 3714 impetrarunt)
1203 3603 1245 3664 ut
1261 3609 1331 3694 pro
1358 3609 1424 3663 sua
1440 3579 1639 3693 prudentia
1669 3607 1708 3666 et
1732 3581 1924 3696 aequitate

470 3695 693 3781 tumultibus
717 3697 861 3782 illarum
885 3700 1083 3832 regionum
1114 3698 1319 3783 incolarum
1342 3698 1599 3832 Hispanorum
1625 3726 1663 3784 et
1679 3699 1925 3784 seditionibus

471 3813 570 3929 leges
585 3817 834 3949 temperando
860 3818 1111 3930 prospiceret,
1127 3842 1165 3900 et
1181 3846 1251 3931 pro
1273 3845 1339 3901 sua
1355 3816 1533 3950 sapientia
1556 3817 1754 3901 modum
1745 3847 1922 3931 impone·

470 3956 528 4017 ret
551 3932 662 4017 tantis
678 3933 809 4036 malis,
832 3961 931 4046 quae
946 3934 1123 4038 mala,
1099 3964 1127 4017 sr
1142 3963 1273 4019 verum
1299 3935 1536 4048 quaerimus,
1565 3966 1611 4019 ex
1625 3935 1735 4019 unius
1760 3934 1919 4019 hominis

469 4050 534 4135 vel
557 4079 681 4135 errore
698 4076 847 4137 nostrae
868 4050 955 4136 huic
981 4055 1182 4137 sententiae
1185 4052 1416 4188 contrario,
1444 4053 1505 4138 vel
1521 4052 1632 4137 etiam
1646 4055 1855 4138 temeritate
1881 4076 1925 4137 et

409 4168 413 4175 ’
471 4195 595 4252 tetum
613 4198 800 4254 novarum
817 4170 942 4255 studio
968 4170 1126 4284 primam
1140 4171 1322 4304 originem
1340 4171 1571 4273 habuerunt,
1603 4201 1674 4286 pro
1691 4174 1828 4284 quibus
1843 4200 1926 4254 ma·

471 4283 541 4389 lis,
559 4312 597 4370 et
612 4288 743 4400 quietis
768 4289 985 4402 impatiente
1001 4289 1128 4373 animo
1147 4290 1250 4403 ,qui
1268 4318 1338 4374 nos
1354 4318 1513 4405 quoque
1529 4290 1588 4374 luc
1598 4316 1757 4392 exercet,
1775 4288 1922 4375 homini

470 4345 613 4486 malum
638 4434 773 4517 cupere
809 4408 905 4491 vel
896 4408 1086 4522 imprecari
1116 4350 1279 4492 alienum
1299 4432 1354 4492 est
1376 4437 1482 4493 meae
1507 4435 1662 4494 naturae
1680 4434 1719 4493 et
1737 4409 1926 4511 instituto;

471 4521 566 4635 quin
591 4523 707 4637 magis
732 4552 892 4637 precor,
929 4550 972 4610 ut
997 4533 1100 4610 Deus
1131 4525 1180 4608 illi
1204 4525 1395 4611 meliorem
1418 4554 1584 4614 mentem
1602 4534 1810 4640 praebeat,
1845 4557 1926 4643 quo

413 4736 416 4743 ,
473 4640 589 4727 discat
615 4640 818 4755 aliquando
844 4645 988 4757 quietas
1001 4644 1246 4761 cogitationes
1262 4646 1482 4731 turbulentis
1497 4647 1652 4732 consiliis
1666 4642 1866 4731 anteferre.

537 4762 712 4845 XXXlll.
771 4763 837 4846 Ad
852 4792 1035 4846 summam
1054 4789 1128 4870 ,ut
1152 4763 1254 4847 unde
1278 4795 1404 4849 sumus
1421 4765 1600 4882 digressi,
1616 4791 1880 4871 revertamur,
1902 4797 1930 4851 a

475 4877 583 4968 nobis
600 4904 686 4968 sunt
701 4908 834 4972 omnes
866 4881 1029 4998 eruditi,
1062 4881 1361 5014 quibuscunque
1385 4912 1510 4990 meam
1538 4884 1760 4995 sententiam
1789 4911 1832 4975 et
1864 4914 1929 4969 ra

1854 5003 1923 5092 tio-
