4140 5872
434 396 507 469 t6o
858 462 860 466 ,
929 388 1339 463 PRAEFATIO.

408 513 630 641 consiliunt·
649 512 896 630 scerdotwv
915 507 1401 651 remorsas-emesae.
1413 508 1702 637 ooamoames
1738 516 1870 629 mmo

410 627 764 750 qnoqdc‘tcmpore
787 629 1017 733 conveniat,
1036 626 1169 741 (quid
1192 632 1304 711 emm
1314 626 1423 714 vobis
1441 629 1765 748 serioagentibus
1793 639 1868 721 ob

409 755 532 867 steti)
562 751 665 836 haud
688 751 778 836 milri
800 747 932 864 putavi
956 747 1125 860 intanta
1148 772 1271 859 vestra
1297 769 1337 832 et
1355 770 1568 833 ceterorum
1598 748 1691 834 boni
1722 753 1866 865 publici

410 870 664 956 studiosorum
689 860 928 954 sacerdotum
953 868 1043 948 cura
1059 873 1113 947 ⁴et
1142 860 1376 951 festinatione
1397 866 1618 951 cessandum
1638 891 1754 983 atque
1782 897 1864 957 tor-
1998 866 1999 873 Ν
2066 919 2070 938 ·

410 988 797 1102 perduraretur
817 984 929 1092 erari
942 999 1039 1094 ‚ause
1058 980 1223 1097 nune
1237 980 1340 1100 ,aaa
1364 985 1560 1093 conmissa
1587 983 1730 1101 talenta
1755 988 1862 1101 iuxta
1931 982 1937 987 ’
2066 1031 2070 1057 ’

232 1106 327 1196 Μ·
339 1113 381 1168 ²⁵·
409 1108 666 1223 evangelicam
682 1104 901 1220 parabolam
922 1100 1165 1218 duplicaverit
1184 1099 1363 1214 industria
1383 1132 1478 1218 sua,
1494 1102 1571 1219 ipsc
1593 1102 1779 1190 talentum
1798 1108 1863 1194 vel

89 1219 95 1229 ’
410 1224 628 1310 drachmam
657 1214 787 1336 potius
798 1214 897 1307 lmihi
918 1219 1097 1304 traditam
1112 1214 1177 1331 per
1203 1210 1416 1304 vecordiam
1432 1245 1491 1306 et·
1505 1216 1774 1356 negligentiam
1790 1226 1861 1311 de·
1993 1316 1994 1320 g
2066 1267 2070 1297 ι

409 1339 547 1429 fodisse
562 1341 732 1427 viderer.
763 1340 838 1427 Sed
867 1336 1007 1470 aliquid
1035 1336 1256 1450 conandum
1272 1398 1285 1441 ,
1301 1361 1345 1443 ut
1361 1339 1454 1435 dum
1471 1369 1541 1426 vos
1564 1369 1604 1422 rn
1618 1336 1860 1429 vinea'xChsi.

408 1459 457 1544 sti
481 1459 639 1572 majores
662 1484 702 1543 et
727 1459 897 1543 utiliores·
906 1475 1043 1570 operas
1059 1454 1270 1570 praestatis,
1292 1455 1479 1565 colendo,
1498 1457 1764 1571 repastinando
1780 1521 1794 1564 ,
1812 1490 1860 1547 ac

328 1652 331 1659 ,,
410 1578 505 1666 vites
521 1572 1047 1692 propagandn,·inutil'uque,
1063 1594 1129 1657 aut
1145 1572 1256 1657 etiarn
1272 1573 1476 1686 perniciosa
1494 1599 1677 1661 sarmenta
1686 1575 1861 1667 ,vicissim

409 1697 675 1810 amputando,
692 1725 768 1812 ego
794 1694 835 1778 in
857 1690 1174 1778 admiriculorum·
1197 1688 1326 1778 saltim
1341 1689 1743 1810 ordinibusditigcndis
1767 1724 1862 1783 non
2069 1761 2070 1773 Ν

406 1813 583 1936 inutifitep
603 1841 722 1910 essem
749 1834 977 1926 occupatus.
1014 1902 1019 1908 ,
1141 1909 1142 1913 p
1238 1902 1241 1905 ,
1270 1902 1273 1905 ,
1578 1873 1583 1913 r
1683 1907 1687 1916 ,
1996 1819 1997 1823 '

496 1939 603 2019 Dum
626 1931 824 2046 vosigitur
839 1924 996 2041 majora
1023 1925 1158 2011 curatis
1174 1986 1187 2032 ,
1204 1925 1369 2013 moribus
1398 1956 1443 2014 ac
1457 1921 1633 2048 religibni
1654 1926 1855 2016 consulen·
1995 1945 1998 2008 s

407 2072 493 2156 tes,
521 2079 597 2165 ego
613 2111 626 2157 ,
643 2050 710 2164 qui
726 2050 813 2133 huic
826 2047 984 2164 quoque
1017 2043 1113 2159 parti
1137 2043 1258 2160 siquid
1290 2041 1463 2136 inservire
1488 2078 1662 2163 possem,
1678 2047 1785 2135 editis
1812 2048 1858 2135 in

291 2208 297 2217 ,
406 2165 613 2254 haereticos
636 2191 676 2254 et
696 2167 939 2279 turbulentos
950 2161 1123 2274 honines
1146 2161 1299 2276 libellis,
1315 2162 1417 2277 ‘dum
1444 2163 1513 2253 fuit
1537 2167 1661 2252 otium
1678 2228 1689 2272 ‚
1705 2167 1857 2255 tentavi

340 2279 360 2341 ·'
406 2286 655 2402 superioribus
670 2284 830 2393 diebus,
854 2285 894 2372 in
922 2282 1012 2370 meis
1038 2280 1181 2400 magnis
1209 2283 1518 2400 occupationibus
1546 2284 1688 2402 aliquid
1717 2304 1853 2372 tamen

404 2394 562 2491 t'cribcre
576 2406 627 2492 de
640 2405 785 2492 ratione
801 2403 889 2489 anni
905 2401 1142 2489 multifariam
1154 2396 1379 2516 depravata,
1392 2429 1508 2520 atque
1524 2402 1601 2518 ejus
1609 2402 1859 2491 *correctione

404 2523 610 2629 constinri,
636 2548 675 2610 et
690 2523 854 2610 libellum
871 2583 883 2628 ,
901 2549 1019 2636 quern
1034 2519 1085 2606 ad
1100 2544 1140 2606 te
1154 2520 1264 2607 mitto
1280 2582 1294 2628 ,
1309 2521 1454 2610 confeci
1472 2584 1485 2630 ,
1500 2548 1544 2609 ut
1559 2523 1589 2610 si
1608 2545 1743 2610 coacto
1759 2550 1855 2608 con·

405 2639 490 2728 cilio
507 2642 699 2755 patribus,
720 2639 1049 2758 quemadmodum
1070 2666 1179 2753 spero
1195 2697 1208 2743 ,
1224 2637 1347 2725 visum
1370 2636 1480 2728 fuerit
1511 2642 1551 2749 in
1567 2642 1666 2727 hanc
1689 2668 1856 2774 quoque
1883 2710 1901 2715 „
1998 2700 1999 2704 a

405 2785 535 2844 euram
565 2758 816 2864 descendere,
842 2758 1011 2842 habeant
1025 2757 1128 2841 unde
1153 2753 1295 2869 possint
1320 2759 1454 2844 nostris
1470 2759 1795 2845 lucubrationibus
1811 2787 1855 2841 a·

404 2872 508 2993 liqua
533 2900 699 2991 exparte
720 2873 856 2991 juvari.
888 2872 1099 2960 Necenim
1131 2870 1268 2958 adduci
1292 2905 1445 2988 possum
1469 2876 1736 2982 doctissinos,
1762 2904 1858 2992 gra·-

403 2994 571 3081 vissimos
587 3023 601 3101 ,
616 3018 656 3080 et
683 2990 911 3110 antiquitatis
940 2990 1432 3108 praesertimecclesiasricae
1461 2992 1702 3111 peritissimos
1722 2994 1875 3101 virosa.

404 3111 703 3199 inhanc‘curam
718 3111 943 3199 descendere
963 3133 1210 3226 gravaturos‚
1234 3134 1278 3196 ut
1294 3111 1391 3201 ratio
1420 3113 1735 3229 ternporum'non
1761 3143 1861 3199 mo·-
1997 3125 1998 3128 ‘

405 3229 461 3316 do
485 3229 702 3346 religionem
721 3255 883 3345 propter
906 3227 1153 3343 plurimorum
1174 3223 1356 3315 festorum
1383 3229 1529 3316 dierum
1545 3231 1855 3337 celebrationem,

403 3348 471 3434 sed
485 3375 640 3441 omnem
656 3347 936 3462 propemodum
960 3347 1148 3432 humanae
1161 3344 1262 3433 vitae
1287 3373 1435 3463 partem
1450 3349 1670 3468 attingens,
1684 3348 1854 3464 corriga-

403 3489 497 3573 tur,
510 3463 707 3582 multiplici
731 3493 857 3550 errore
875 3461 1055 3567 sublato,
1071 3463 1138 3578 qui
1153 3493 1291 3581 magna
1306 3467 1447 3554 incuria
1472 3491 1515 3553 etv
1540 3465 1765 3584 negligentia
1786 3496 1857 3550 su·
1999 3572 2000 3575 p

404 3582 596 3700 periorum
622 3581 860 3668 sacerdotum
887 3580 1054 3697 irrepsit,
1070 3610 1160 3666 cum
1183 3582 1409 3669 ‘veterestilli
1429 3583 1608 3700 singulari
1625 3583 1775 3699 ‘pietate
1798 3610 1858 3669 ac
1999 3609 2000 3613 ‘

404 3701 584 3818 religione
600 3726 722 3815 patres
733 3699 789 3784 'inf
799 3699 1024 3784 sanctissimo
1038 3727 1084 3783 ac
1097 3698 1271 3785 omniurn
1282 3700 1527 3787 celeberrimo
1541 3699 1700 3788 coneilio
1715 3701 1855 3788 Nrcae·

408 3845 463 3907 no
491 3820 566 3905 hoc
581 3817 643 3906 vel
665 3816 844 3932 inprimis
859 3817 909 3902 ad
933 3847 1044 3900 suum
1055 3812 1225 3902 ¹officium
1248 3840 1288 3903 et
1310 3818 1481 3905 ecclesiae
1497 3819 1715 3940 dignitatem
1743 3848 1857 3905 com·

297 4038 302 4044 ,
407 3937 645 4051 modumque
671 3935 854 4051 pertinere
878 3932 1190 4039 existimaverint,
1206 3933 1323 4019 utin
1346 3936 1414 4022 die
1436 3933 1540 4023 festo.
1556 3935 1853 4024 Resurrectionis

406 4052 543 4139 Christi
559 4080 597 4139 et
611 4052 789 4140 Paschate
806 4051 1097 4147 celebrandosic
1112 4052 1211 4136 anniw
1222 4055 1373 4168 terppus
1387 4053 1649 4144 observaretur
1663 4116 1675 4162 ,
1688 4079 1735 4139 ut
1748 4080 1852 4139 con·

405 4174 518 4256 staret
535 4168 636 4256 ratio
653 4172 799 4256 niensis
817 4169 1026 4285 atquedi‘ci
1039 4222 1052 4276 ,
1063 4171 1107 4254 'et
1116 4169 1208 4256 :solis
1222 4200 1276 4272 ac⁸
1285 4170 1399 4258 lunae
1413 4174 1716 4300 progressionum
1731 4171 1771 4256 in
1796 4168 1855 4257 si-'

406 4285 581 4404 gnifero:
606 4317 705 4403 quae
728 4317 821 4375 cisra
835 4291 1032 4402 tantopere
1048 4286 1219 4404 neglecta
1234 4293 1290 4376 es't
1307 4318 1330 4373 a
1353 4292 1646 4406 posterioribus,
1669 4316 1795 4377 errore
1812 4291 1855 4375 in

163 4507 174 4525 .
247 4450 260 4480 ,ν
319 4474 321 4476 .
406 4403 750 4519 diesaugescentc,
772 4429 819 4492 ut.
845 4405 1248 4492 celebratiozPaschatis
1272 4404 1462 4495 interdum
1483 4410 1702 4525 plusquam
1718 4435 1854 4493 mense

408 4521 591 4637 discrepet
604 4522 673 4608 ab*
685 4520 747 4606 illo
769 4549 898 4610 vetere
913 4547 1128 4609 sanctorum
1145 4521 1295 4637 patrum
1314 4524 1513 4612 irruituro·
1535 4532 1607 4613 ¹Ut
1630 4525 1776 4612 interim
1792 4549 1855 4610 ta·

405 4667 537 4745 ceam,
554 4639 671 4754 quod
681 4639 802 4724 natale
816 4641 955 4731 Christi
970 4702 983 4748 ,
998 4640 1107 4755 qnod
1130 4666 1209 4727 erat
1232 4641 1270 4726 in
1286 4641 1365 4756 ipsa
1379 4646 1518 4728 bruma
1532 4642 1552 4756 s(
1563 4672 1646 4760 quo
1660 4643 1721 4730 die
1736 4641 1856 4728 Chri«

403 4780 503 4847 stum
527 4781 661 4876 natum
679 4786 767 4845 :esse
784 4761 940 4847 Jconstat
964 4764 988 4866 ,'
1007 4766 1096 4847 cum
1123 4758 1229 4849 sola
1254 4759 1363 4849 nobis
1383 4790 1523 4880 quam
1541 4757 1754 4879 longissime
1782 4791 1857 4876 po·

410 4898 416 4935 ³
1411 4917 1419 4929 1
1775 4881 1859 4969 tuit
