<?xml version="1.0" encoding="UTF-8"?>
<!DOCTYPE html PUBLIC "-//W3C//DTD XHTML 1.0 Transitional//EN"
    "http://www.w3.org/TR/xhtml1/DTD/xhtml1-transitional.dtd">
<html xmlns="http://www.w3.org/1999/xhtml" xml:lang="en" lang="en">
 <head>
  <title>
</title>
<meta http-equiv="Content-Type" content="text/html;charset=utf-8" />
  <meta name='ocr-system' content='tesseract 3.04.00' />
  <meta name='ocr-capabilities' content='ocr_page ocr_carea ocr_par ocr_line ocrx_word'/>
</head>
<body>
  <div class='ocr_page' id='page_1' title='image "./joannisgenesiis01sepgoog/joannisgenesiis01sepgoog_0476.png"; bbox 0 0 4006 5850; ppageno 0'>
   <div class='ocr_carea' id='block_1_1' title="bbox 293 369 1999 5098">
    <p class='ocr_par' dir='ltr' id='par_1_1' title="bbox 474 369 1935 2515">
     <span class='ocr_line' id='line_1_1' title="bbox 496 369 1653 474; baseline -0.003 -25"><span class='ocrx_word' id='word_1_1' title='bbox 496 378 580 474; x_wconf 65' lang='lat' dir='ltr'><strong>,aa</strong></span> <span class='ocrx_word' id='word_1_2' title='bbox 793 373 860 445; x_wconf 78' lang='lat' dir='ltr'><strong>na</strong></span> <span class='ocrx_word' id='word_1_3' title='bbox 885 371 1019 446; x_wconf 71' lang='lat' dir='ltr'><strong>snt-o</strong></span> <span class='ocrx_word' id='word_1_4' title='bbox 1040 371 1106 443; x_wconf 71' lang='lat' dir='ltr'><strong>aa</strong></span> <span class='ocrx_word' id='word_1_5' title='bbox 1131 369 1310 445; x_wconf 71' lang='lat' dir='ltr'><strong>crunno</strong></span> <span class='ocrx_word' id='word_1_6' title='bbox 1333 369 1571 444; x_wconf 74' lang='lat' dir='ltr'><strong>autumo</strong></span> <span class='ocrx_word' id='word_1_7' title='bbox 1643 427 1653 445; x_wconf 91' lang='lat'><strong>.</strong></span> 
     </span>
     <span class='ocr_line' id='line_1_2' title="bbox 474 496 1935 636; baseline -0.002 -46"><span class='ocrx_word' id='word_1_8' title='bbox 474 532 640 618; x_wconf 87' lang='lat' dir='ltr'><strong>nymus,</strong></span> <span class='ocrx_word' id='word_1_9' title='bbox 669 500 901 636; x_wconf 79' lang='lat' dir='ltr'><strong>Augustinus</strong></span> <span class='ocrx_word' id='word_1_10' title='bbox 924 557 937 604; x_wconf 99' lang='lat'><strong>,</strong></span> <span class='ocrx_word' id='word_1_11' title='bbox 959 497 1198 614; x_wconf 82' lang='lat' dir='ltr'><strong>Gregorius,</strong></span> <span class='ocrx_word' id='word_1_12' title='bbox 1226 496 1478 605; x_wconf 78' lang='lat' dir='ltr'><strong>Ambrosius,</strong></span> <span class='ocrx_word' id='word_1_13' title='bbox 1494 501 1738 615; x_wconf 85' lang='lat' dir='ltr'><strong>Cyprianus,</strong></span> <span class='ocrx_word' id='word_1_14' title='bbox 1771 500 1935 587; x_wconf 65' lang='lat' dir='ltr'><strong>Tettul</strong></span> 
     </span>
     <span class='ocr_line' id='line_1_3' title="bbox 476 616 1929 736; baseline -0.001 -30"><span class='ocrx_word' id='word_1_15' title='bbox 476 622 595 707; x_wconf 90' lang='lat' dir='ltr'><strong>lianus</strong></span> <span class='ocrx_word' id='word_1_16' title='bbox 610 644 920 736; x_wconf 73' lang='lat' dir='ltr'><strong>patrocinantur,</strong></span> <span class='ocrx_word' id='word_1_17' title='bbox 942 618 1012 707; x_wconf 89' lang='lat' dir='ltr'><strong>viti</strong></span> <span class='ocrx_word' id='word_1_18' title='bbox 1027 616 1241 704; x_wconf 82' lang='lat' dir='ltr'><strong>sanctissimi</strong></span> <span class='ocrx_word' id='word_1_19' title='bbox 1256 677 1269 724; x_wconf 99' lang='lat'><strong>,</strong></span> <span class='ocrx_word' id='word_1_20' title='bbox 1286 642 1326 702; x_wconf 89' lang='lat' dir='ltr'><strong>et</strong></span> <span class='ocrx_word' id='word_1_21' title='bbox 1341 616 1409 733; x_wconf 93' lang='lat' dir='ltr'><strong>qui</strong></span> <span class='ocrx_word' id='word_1_22' title='bbox 1425 647 1531 703; x_wconf 89' lang='lat' dir='ltr'><strong>suam</strong></span> <span class='ocrx_word' id='word_1_23' title='bbox 1547 646 1711 707; x_wconf 81' lang='lat' dir='ltr'><strong>aetatem</strong></span> <span class='ocrx_word' id='word_1_24' title='bbox 1737 620 1780 705; x_wconf 90' lang='lat' dir='ltr'><strong>in</strong></span> <span class='ocrx_word' id='word_1_25' title='bbox 1811 648 1929 706; x_wconf 86' lang='lat' dir='ltr'><strong>sacra·</strong></span> 
     </span>
     <span class='ocr_line' id='line_1_4' title="bbox 478 735 1931 856; baseline -0.003 -30"><span class='ocrx_word' id='word_1_26' title='bbox 478 769 563 826; x_wconf 90' lang='lat' dir='ltr'><strong>rum</strong></span> <span class='ocrx_word' id='word_1_27' title='bbox 579 741 842 856; x_wconf 88' lang='lat' dir='ltr'><strong>scriptutarum</strong></span> <span class='ocrx_word' id='word_1_28' title='bbox 856 736 1018 824; x_wconf 88' lang='lat' dir='ltr'><strong>lectione</strong></span> <span class='ocrx_word' id='word_1_29' title='bbox 1033 758 1343 824; x_wconf 83' lang='lat' dir='ltr'><strong>consumsentut:</strong></span> <span class='ocrx_word' id='word_1_30' title='bbox 1381 736 1436 822; x_wconf 84' lang='lat' dir='ltr'><strong>lris</strong></span> <span class='ocrx_word' id='word_1_31' title='bbox 1452 737 1553 824; x_wconf 87' lang='lat' dir='ltr'><strong>adde</strong></span> <span class='ocrx_word' id='word_1_32' title='bbox 1573 735 1848 825; x_wconf 88' lang='lat' dir='ltr'><strong>sententiarum</strong></span> <span class='ocrx_word' id='word_1_33' title='bbox 1866 769 1931 824; x_wconf 68' lang='lat' dir='ltr'><strong>au.-</strong></span> 
     </span>
     <span class='ocr_line' id='line_1_5' title="bbox 479 854 1928 973; baseline 0 -29"><span class='ocrx_word' id='word_1_34' title='bbox 479 887 652 966; x_wconf 91' lang='lat' dir='ltr'><strong>ctorem,</strong></span> <span class='ocrx_word' id='word_1_35' title='bbox 684 863 838 943; x_wconf 92' lang='lat' dir='ltr'><strong>Petrum</strong></span> <span class='ocrx_word' id='word_1_36' title='bbox 880 854 1212 973; x_wconf 86' lang='lat' dir='ltr'><strong>Longobardum,</strong></span> <span class='ocrx_word' id='word_1_37' title='bbox 1246 859 1402 942; x_wconf 89' lang='lat' dir='ltr'><strong>Scotum</strong></span> <span class='ocrx_word' id='word_1_38' title='bbox 1434 914 1449 962; x_wconf 89' lang='lat'><strong>,</strong></span> <span class='ocrx_word' id='word_1_39' title='bbox 1480 859 1734 962; x_wconf 90' lang='lat' dir='ltr'><strong>Henricum,</strong></span> <span class='ocrx_word' id='word_1_40' title='bbox 1773 858 1928 944; x_wconf 87' lang='lat' dir='ltr'><strong>breviter</strong></span> 
     </span>
     <span class='ocr_line' id='line_1_6' title="bbox 479 973 1923 1093; baseline 0 -30"><span class='ocrx_word' id='word_1_41' title='bbox 479 1007 614 1064; x_wconf 91' lang='lat' dir='ltr'><strong>omnes</strong></span> <span class='ocrx_word' id='word_1_42' title='bbox 642 974 846 1093; x_wconf 90' lang='lat' dir='ltr'><strong>theologos</strong></span> <span class='ocrx_word' id='word_1_43' title='bbox 861 978 1029 1060; x_wconf 88' lang='lat' dir='ltr'><strong>Graecos</strong></span> <span class='ocrx_word' id='word_1_44' title='bbox 1044 975 1276 1092; x_wconf 88' lang='lat' dir='ltr'><strong>Latinosque</strong></span> <span class='ocrx_word' id='word_1_45' title='bbox 1293 1033 1307 1080; x_wconf 89' lang='lat'><strong>,</strong></span> <span class='ocrx_word' id='word_1_46' title='bbox 1325 973 1556 1090; x_wconf 86' lang='lat' dir='ltr'><strong>quicumque</strong></span> <span class='ocrx_word' id='word_1_47' title='bbox 1585 1002 1673 1093; x_wconf 87' lang='lat' dir='ltr'><strong>post</strong></span> <span class='ocrx_word' id='word_1_48' title='bbox 1689 976 1923 1063; x_wconf 88' lang='lat' dir='ltr'><strong>Christiano-</strong></span> 
     </span>
     <span class='ocr_line' id='line_1_7' title="bbox 479 1093 1926 1209; baseline 0 -28"><span class='ocrx_word' id='word_1_49' title='bbox 479 1125 564 1181; x_wconf 89' lang='lat' dir='ltr'><strong>rum</strong></span> <span class='ocrx_word' id='word_1_50' title='bbox 581 1093 803 1181; x_wconf 89' lang='lat' dir='ltr'><strong>memoriam</strong></span> <span class='ocrx_word' id='word_1_51' title='bbox 827 1093 925 1177; x_wconf 90' lang='lat' dir='ltr'><strong>hanc</strong></span> <span class='ocrx_word' id='word_1_52' title='bbox 941 1093 1199 1209; x_wconf 88' lang='lat' dir='ltr'><strong>quaestionem</strong></span> <span class='ocrx_word' id='word_1_53' title='bbox 1231 1093 1389 1209; x_wconf 92' lang='lat' dir='ltr'><strong>attigere</strong></span> <span class='ocrx_word' id='word_1_54' title='bbox 1414 1154 1427 1200; x_wconf 90' lang='lat'><strong>,</strong></span> <span class='ocrx_word' id='word_1_55' title='bbox 1458 1117 1604 1207; x_wconf 91' lang='lat' dir='ltr'><strong>praeter</strong></span> <span class='ocrx_word' id='word_1_56' title='bbox 1639 1095 1926 1202; x_wconf 86' lang='lat' dir='ltr'><strong>Manichaeum,</strong></span> 
     </span>
     <span class='ocr_line' id='line_1_8' title="bbox 480 1208 1924 1328; baseline 0 -28"><span class='ocrx_word' id='word_1_57' title='bbox 480 1216 543 1328; x_wconf 90' lang='lat' dir='ltr'><strong>Jo.</strong></span> <span class='ocrx_word' id='word_1_58' title='bbox 559 1208 751 1299; x_wconf 86' lang='lat' dir='ltr'><strong>Wiclelum</strong></span> <span class='ocrx_word' id='word_1_59' title='bbox 766 1210 969 1297; x_wconf 87' lang='lat' dir='ltr'><strong>haereticos</strong></span> <span class='ocrx_word' id='word_1_60' title='bbox 995 1272 1007 1318; x_wconf 91' lang='lat'><strong>,</strong></span> <span class='ocrx_word' id='word_1_61' title='bbox 1032 1234 1073 1296; x_wconf 90' lang='lat' dir='ltr'><strong>et</strong></span> <span class='ocrx_word' id='word_1_62' title='bbox 1105 1210 1160 1296; x_wconf 90' lang='lat' dir='ltr'><strong>his</strong></span> <span class='ocrx_word' id='word_1_63' title='bbox 1198 1210 1313 1327; x_wconf 91' lang='lat' dir='ltr'><strong>longe</strong></span> <span class='ocrx_word' id='word_1_64' title='bbox 1343 1212 1652 1299; x_wconf 87' lang='lat' dir='ltr'><strong>detestabiliorem</strong></span> <span class='ocrx_word' id='word_1_65' title='bbox 1683 1211 1924 1319; x_wconf 86' lang='lat' dir='ltr'><strong>Luthctutn,</strong></span> 
     </span>
     <span class='ocr_line' id='line_1_9' title="bbox 479 1324 1926 1448; baseline 0.001 -31"><span class='ocrx_word' id='word_1_66' title='bbox 479 1333 548 1448; x_wconf 89' lang='lat' dir='ltr'><strong>qui</strong></span> <span class='ocrx_word' id='word_1_67' title='bbox 572 1326 647 1417; x_wconf 90' lang='lat' dir='ltr'><strong>hoc</strong></span> <span class='ocrx_word' id='word_1_68' title='bbox 663 1331 746 1417; x_wconf 90' lang='lat' dir='ltr'><strong>solo</strong></span> <span class='ocrx_word' id='word_1_69' title='bbox 761 1358 912 1416; x_wconf 87' lang='lat' dir='ltr'><strong>causam</strong></span> <span class='ocrx_word' id='word_1_70' title='bbox 922 1358 1048 1415; x_wconf 71' lang='lat' dir='ltr'><strong>ssuam</strong></span> <span class='ocrx_word' id='word_1_71' title='bbox 1075 1327 1309 1444; x_wconf 83' lang='lat' dir='ltr'><strong>probabilem</strong></span> <span class='ocrx_word' id='word_1_72' title='bbox 1325 1324 1471 1416; x_wconf 88' lang='lat' dir='ltr'><strong>efficere</strong></span> <span class='ocrx_word' id='word_1_73' title='bbox 1487 1361 1594 1445; x_wconf 87' lang='lat' dir='ltr'><strong>posse</strong></span> <span class='ocrx_word' id='word_1_74' title='bbox 1619 1331 1779 1418; x_wconf 86' lang='lat' dir='ltr'><strong>videtur</strong></span> <span class='ocrx_word' id='word_1_75' title='bbox 1795 1393 1809 1437; x_wconf 91' lang='lat'><strong>,</strong></span> <span class='ocrx_word' id='word_1_76' title='bbox 1825 1333 1926 1448; x_wconf 92' lang='lat' dir='ltr'><strong>quod</strong></span> 
     </span>
     <span class='ocr_line' id='line_1_10' title="bbox 481 1446 1927 1565; baseline 0.003 -30"><span class='ocrx_word' id='word_1_77' title='bbox 481 1451 603 1535; x_wconf 87' lang='lat' dir='ltr'><strong>homo</strong></span> <span class='ocrx_word' id='word_1_78' title='bbox 633 1447 811 1554; x_wconf 88' lang='lat' dir='ltr'><strong>semissis,</strong></span> <span class='ocrx_word' id='word_1_79' title='bbox 841 1446 1044 1565; x_wconf 85' lang='lat' dir='ltr'><strong>flagitiosus</strong></span> <span class='ocrx_word' id='word_1_80' title='bbox 1064 1472 1180 1563; x_wconf 90' lang='lat' dir='ltr'><strong>atque</strong></span> <span class='ocrx_word' id='word_1_81' title='bbox 1204 1472 1397 1564; x_wconf 89' lang='lat' dir='ltr'><strong>nugator,</strong></span> <span class='ocrx_word' id='word_1_82' title='bbox 1429 1471 1469 1533; x_wconf 94' lang='lat' dir='ltr'><strong>et</strong></span> <span class='ocrx_word' id='word_1_83' title='bbox 1500 1449 1683 1536; x_wconf 77' lang='lat' dir='ltr'><strong>nullaesa</strong></span> <span class='ocrx_word' id='word_1_84' title='bbox 1704 1475 1818 1565; x_wconf 81' lang='lat' dir='ltr'><strong>parte</strong></span> <span class='ocrx_word' id='word_1_85' title='bbox 1845 1479 1927 1538; x_wconf 86' lang='lat' dir='ltr'><strong>cum</strong></span> 
     </span>
     <span class='ocr_line' id='line_1_11' title="bbox 480 1565 1927 1684; baseline 0.001 -31"><span class='ocrx_word' id='word_1_86' title='bbox 480 1568 610 1684; x_wconf 86' lang='lat' dir='ltr'><strong>aliquo</strong></span> <span class='ocrx_word' id='word_1_87' title='bbox 636 1592 932 1654; x_wconf 88' lang='lat' dir='ltr'><strong>memoratorum</strong></span> <span class='ocrx_word' id='word_1_88' title='bbox 947 1565 1223 1679; x_wconf 90' lang='lat' dir='ltr'><strong>comparandus</strong></span> <span class='ocrx_word' id='word_1_89' title='bbox 1239 1566 1315 1670; x_wconf 90' lang='lat' dir='ltr'><strong>,sic</strong></span> <span class='ocrx_word' id='word_1_90' title='bbox 1329 1567 1586 1678; x_wconf 90' lang='lat' dir='ltr'><strong>quorumdam</strong></span> <span class='ocrx_word' id='word_1_91' title='bbox 1603 1568 1812 1654; x_wconf 86' lang='lat' dir='ltr'><strong>hominurn</strong></span> <span class='ocrx_word' id='word_1_92' title='bbox 1830 1599 1927 1655; x_wconf 60' lang='lat' dir='ltr'><strong>rnen6</strong></span> 
     </span>
     <span class='ocr_line' id='line_1_12' title="bbox 482 1680 1918 1805; baseline -0.003 -32"><span class='ocrx_word' id='word_1_93' title='bbox 482 1709 538 1782; x_wconf 85' lang='lat' dir='ltr'><strong>tes</strong></span> <span class='ocrx_word' id='word_1_94' title='bbox 554 1686 718 1805; x_wconf 88' lang='lat' dir='ltr'><strong>potnerit</strong></span> <span class='ocrx_word' id='word_1_95' title='bbox 740 1683 961 1791; x_wconf 86' lang='lat' dir='ltr'><strong>infatuare,</strong></span> <span class='ocrx_word' id='word_1_96' title='bbox 992 1711 1195 1799; x_wconf 86' lang='lat' dir='ltr'><strong>caecasque</strong></span> <span class='ocrx_word' id='word_1_97' title='bbox 1222 1680 1413 1789; x_wconf 89' lang='lat' dir='ltr'><strong>reddere,</strong></span> <span class='ocrx_word' id='word_1_98' title='bbox 1440 1709 1484 1770; x_wconf 91' lang='lat' dir='ltr'><strong>ut</strong></span> <span class='ocrx_word' id='word_1_99' title='bbox 1515 1712 1664 1802; x_wconf 82' lang='lat' dir='ltr'><strong>apertas</strong></span> <span class='ocrx_word' id='word_1_100' title='bbox 1684 1686 1804 1802; x_wconf 81' lang='lat' dir='ltr'><strong>ipsius</strong></span> <span class='ocrx_word' id='word_1_101' title='bbox 1834 1687 1918 1773; x_wconf 79' lang='lat' dir='ltr'><strong>teth.</strong></span> 
     </span>
     <span class='ocr_line' id='line_1_13' title="bbox 480 1801 1926 1922; baseline 0.002 -33"><span class='ocrx_word' id='word_1_102' title='bbox 480 1833 573 1909; x_wconf 88' lang='lat' dir='ltr'><strong>nas,</strong></span> <span class='ocrx_word' id='word_1_103' title='bbox 605 1833 675 1891; x_wconf 92' lang='lat' dir='ltr'><strong>nec</strong></span> <span class='ocrx_word' id='word_1_104' title='bbox 688 1804 899 1891; x_wconf 90' lang='lat' dir='ltr'><strong>admodum</strong></span> <span class='ocrx_word' id='word_1_105' title='bbox 915 1802 1073 1889; x_wconf 89' lang='lat' dir='ltr'><strong>latentes</strong></span> <span class='ocrx_word' id='word_1_106' title='bbox 1098 1801 1243 1888; x_wconf 88' lang='lat' dir='ltr'><strong>insidias</strong></span> <span class='ocrx_word' id='word_1_107' title='bbox 1271 1830 1350 1887; x_wconf 92' lang='lat' dir='ltr'><strong>non</strong></span> <span class='ocrx_word' id='word_1_108' title='bbox 1367 1802 1570 1917; x_wconf 87' lang='lat' dir='ltr'><strong>percipiant</strong></span> <span class='ocrx_word' id='word_1_109' title='bbox 1587 1862 1612 1910; x_wconf 55' lang='lat'><strong>,2</strong></span> <span class='ocrx_word' id='word_1_110' title='bbox 1630 1830 1673 1891; x_wconf 90' lang='lat' dir='ltr'><strong>et</strong></span> <span class='ocrx_word' id='word_1_111' title='bbox 1685 1806 1832 1892; x_wconf 89' lang='lat' dir='ltr'><strong>meritis</strong></span> <span class='ocrx_word' id='word_1_112' title='bbox 1844 1834 1926 1922; x_wconf 71' lang='lat' dir='ltr'><strong>poe</strong></span> 
     </span>
     <span class='ocr_line' id='line_1_14' title="bbox 482 1921 1925 2039; baseline 0.003 -32"><span class='ocrx_word' id='word_1_113' title='bbox 482 1924 539 2008; x_wconf 90' lang='lat' dir='ltr'><strong>nis</strong></span> <span class='ocrx_word' id='word_1_114' title='bbox 554 1950 840 2039; x_wconf 86' lang='lat' dir='ltr'><strong>prosequantur.</strong></span> <span class='ocrx_word' id='word_1_115' title='bbox 871 1921 946 2006; x_wconf 88' lang='lat' dir='ltr'><strong>Sed</strong></span> <span class='ocrx_word' id='word_1_116' title='bbox 974 1949 1062 2004; x_wconf 90' lang='lat' dir='ltr'><strong>curn</strong></span> <span class='ocrx_word' id='word_1_117' title='bbox 1081 1943 1142 2006; x_wconf 92' lang='lat' dir='ltr'><strong>tot</strong></span> <span class='ocrx_word' id='word_1_118' title='bbox 1166 1943 1440 2036; x_wconf 89' lang='lat' dir='ltr'><strong>tantorumque</strong></span> <span class='ocrx_word' id='word_1_119' title='bbox 1456 1921 1625 2009; x_wconf 87' lang='lat' dir='ltr'><strong>uirorum</strong></span> <span class='ocrx_word' id='word_1_120' title='bbox 1650 1927 1845 2011; x_wconf 87' lang='lat' dir='ltr'><strong>sententiis</strong></span> <span class='ocrx_word' id='word_1_121' title='bbox 1868 1926 1925 2012; x_wconf 69' lang='lat' dir='ltr'><strong>dae</strong></span> 
     </span>
     <span class='ocr_line' id='line_1_15' title="bbox 481 2037 1924 2157; baseline 0.002 -31"><span class='ocrx_word' id='word_1_122' title='bbox 481 2066 655 2127; x_wconf 87' lang='lat' dir='ltr'><strong>mnarum</strong></span> <span class='ocrx_word' id='word_1_123' title='bbox 670 2069 833 2127; x_wconf 92' lang='lat' dir='ltr'><strong>etrotem</strong></span> <span class='ocrx_word' id='word_1_124' title='bbox 847 2039 1075 2157; x_wconf 86' lang='lat' dir='ltr'><strong>argumentis</strong></span> <span class='ocrx_word' id='word_1_125' title='bbox 1099 2037 1269 2153; x_wconf 87' lang='lat' dir='ltr'><strong>persequi</strong></span> <span class='ocrx_word' id='word_1_126' title='bbox 1293 2049 1619 2152; x_wconf 88' lang='lat' dir='ltr'><strong>supervacaneum</strong></span> <span class='ocrx_word' id='word_1_127' title='bbox 1639 2071 1723 2128; x_wconf 90' lang='lat' dir='ltr'><strong>esse</strong></span> <span class='ocrx_word' id='word_1_128' title='bbox 1748 2043 1924 2149; x_wconf 82' lang='lat' dir='ltr'><strong>videatur,</strong></span> 
     </span>
     <span class='ocr_line' id='line_1_16' title="bbox 482 2155 1923 2275; baseline 0.002 -32"><span class='ocrx_word' id='word_1_129' title='bbox 482 2160 577 2244; x_wconf 94' lang='lat' dir='ltr'><strong>nolo</strong></span> <span class='ocrx_word' id='word_1_130' title='bbox 591 2184 718 2244; x_wconf 90' lang='lat' dir='ltr'><strong>tamen</strong></span> <span class='ocrx_word' id='word_1_131' title='bbox 733 2157 937 2273; x_wconf 73' lang='lat' dir='ltr'><strong>cujuspiam</strong></span> <span class='ocrx_word' id='word_1_132' title='bbox 962 2155 1161 2242; x_wconf 86' lang='lat' dir='ltr'><strong>auctoritas</strong></span> <span class='ocrx_word' id='word_1_133' title='bbox 1178 2155 1287 2242; x_wconf 89' lang='lat' dir='ltr'><strong>nobis</strong></span> <span class='ocrx_word' id='word_1_134' title='bbox 1315 2156 1582 2272; x_wconf 85' lang='lat' dir='ltr'><strong>quidquamin</strong></span> <span class='ocrx_word' id='word_1_135' title='bbox 1614 2160 1689 2245; x_wconf 85' lang='lat' dir='ltr'><strong>hac</strong></span> <span class='ocrx_word' id='word_1_136' title='bbox 1707 2189 1814 2246; x_wconf 85' lang='lat' dir='ltr'><strong>cauta</strong></span> <span class='ocrx_word' id='word_1_137' title='bbox 1841 2191 1923 2275; x_wconf 84' lang='lat' dir='ltr'><strong>pro·</strong></span> 
     </span>
     <span class='ocr_line' id='line_1_17' title="bbox 482 2274 1922 2396; baseline 0.001 -34"><span class='ocrx_word' id='word_1_138' title='bbox 482 2278 557 2383; x_wconf 91' lang='lat' dir='ltr'><strong>sit,</strong></span> <span class='ocrx_word' id='word_1_139' title='bbox 574 2276 641 2363; x_wconf 88' lang='lat' dir='ltr'><strong>nisi</strong></span> <span class='ocrx_word' id='word_1_140' title='bbox 664 2275 851 2363; x_wconf 89' lang='lat' dir='ltr'><strong>rationum</strong></span> <span class='ocrx_word' id='word_1_141' title='bbox 878 2274 1078 2362; x_wconf 90' lang='lat' dir='ltr'><strong>momentis</strong></span> <span class='ocrx_word' id='word_1_142' title='bbox 1093 2275 1206 2361; x_wconf 91' lang='lat' dir='ltr'><strong>simus</strong></span> <span class='ocrx_word' id='word_1_143' title='bbox 1222 2275 1460 2390; x_wconf 87' lang='lat' dir='ltr'><strong>superiores,</strong></span> <span class='ocrx_word' id='word_1_144' title='bbox 1495 2301 1534 2362; x_wconf 91' lang='lat' dir='ltr'><strong>et</strong></span> <span class='ocrx_word' id='word_1_145' title='bbox 1548 2278 1686 2393; x_wconf 85' lang='lat' dir='ltr'><strong>apertis</strong></span> <span class='ocrx_word' id='word_1_146' title='bbox 1707 2278 1922 2396; x_wconf 82' lang='lat' dir='ltr'><strong>argumentis</strong></span> 
     </span>
     <span class='ocr_line' id='line_1_18' title="bbox 483 2392 1925 2515; baseline 0.003 -34"><span class='ocrx_word' id='word_1_147' title='bbox 483 2422 648 2482; x_wconf 87' lang='lat' dir='ltr'><strong>errorem</strong></span> <span class='ocrx_word' id='word_1_148' title='bbox 675 2393 977 2515; x_wconf 79' lang='lat' dir='ltr'><strong>istiushaeretici</strong></span> <span class='ocrx_word' id='word_1_149' title='bbox 1007 2453 1020 2500; x_wconf 95' lang='lat'><strong>,</strong></span> <span class='ocrx_word' id='word_1_150' title='bbox 1059 2416 1099 2480; x_wconf 88' lang='lat' dir='ltr'><strong>et</strong></span> <span class='ocrx_word' id='word_1_151' title='bbox 1125 2421 1223 2510; x_wconf 91' lang='lat' dir='ltr'><strong>quos</strong></span> <span class='ocrx_word' id='word_1_152' title='bbox 1254 2392 1421 2511; x_wconf 88' lang='lat' dir='ltr'><strong>sequitur</strong></span> <span class='ocrx_word' id='word_1_153' title='bbox 1449 2453 1462 2501; x_wconf 89' lang='lat'><strong>,</strong></span> <span class='ocrx_word' id='word_1_154' title='bbox 1490 2395 1815 2513; x_wconf 91' lang='lat' dir='ltr'><strong>philosophorum</strong></span> <span class='ocrx_word' id='word_1_155' title='bbox 1842 2425 1925 2485; x_wconf 88' lang='lat' dir='ltr'><strong>con·</strong></span> 
     </span>
    </p>

    <p class='ocr_par' dir='ltr' id='par_1_2' title="bbox 293 2543 691 2617">
     <span class='ocr_line' id='line_1_19' title="bbox 293 2543 691 2617; baseline 0.01 -22"><span class='ocrx_word' id='word_1_156' title='bbox 293 2591 297 2595; x_wconf 85' lang='grc'><em>,</em></span> <span class='ocrx_word' id='word_1_157' title='bbox 329 2611 332 2617; x_wconf 36' lang='grc'>,</span> <span class='ocrx_word' id='word_1_158' title='bbox 483 2543 691 2603; x_wconf 88' lang='lat' dir='ltr'><strong>vtncamus.</strong></span> 
     </span>
    </p>

    <p class='ocr_par' dir='ltr' id='par_1_3' title="bbox 294 2628 1952 2755">
     <span class='ocr_line' id='line_1_20' title="bbox 294 2628 1952 2755; baseline 0.001 -37"><span class='ocrx_word' id='word_1_159' title='bbox 294 2640 472 2755; x_wconf 56' lang='lat' dir='ltr'><strong>,fi‘ggfflgss</strong></span> <span class='ocrx_word' id='word_1_160' title='bbox 542 2635 684 2718; x_wconf 84' lang='lat' dir='ltr'><strong>XVII..</strong></span> <span class='ocrx_word' id='word_1_161' title='bbox 721 2629 816 2717; x_wconf 94' lang='lat' dir='ltr'><strong>Illud</strong></span> <span class='ocrx_word' id='word_1_162' title='bbox 831 2631 943 2749; x_wconf 91' lang='lat' dir='ltr'><strong>igitur</strong></span> <span class='ocrx_word' id='word_1_163' title='bbox 957 2653 1047 2716; x_wconf 88' lang='lat' dir='ltr'><strong>ante</strong></span> <span class='ocrx_word' id='word_1_164' title='bbox 1061 2628 1190 2716; x_wconf 85' lang='lat' dir='ltr'><strong>omnia</strong></span> <span class='ocrx_word' id='word_1_165' title='bbox 1207 2629 1371 2745; x_wconf 88' lang='lat' dir='ltr'><strong>positum</strong></span> <span class='ocrx_word' id='word_1_166' title='bbox 1384 2629 1429 2717; x_wconf 91' lang='lat' dir='ltr'><strong>sit</strong></span> <span class='ocrx_word' id='word_1_167' title='bbox 1443 2630 1483 2718; x_wconf 91' lang='lat' dir='ltr'><strong>in</strong></span> <span class='ocrx_word' id='word_1_168' title='bbox 1497 2631 1721 2745; x_wconf 82' lang='lat' dir='ltr'><strong>hujusmodi</strong></span> <span class='ocrx_word' id='word_1_169' title='bbox 1746 2633 1922 2721; x_wconf 86' lang='lat' dir='ltr'><strong>rationum</strong></span> <span class='ocrx_word' id='word_1_170' title='bbox 1951 2744 1952 2747; x_wconf 6' lang='lat' dir='ltr'><strong>p</strong></span> 
     </span>
    </p>

    <p class='ocr_par' dir='ltr' id='par_1_4' title="bbox 293 2743 1999 5017">
     <span class='ocr_line' id='line_1_21' title="bbox 293 2743 1923 2867; baseline 0 -30"><span class='ocrx_word' id='word_1_171' title='bbox 293 2765 401 2818; x_wconf 62' lang='lat' dir='ltr'><strong>tentiu-</strong></span> <span class='ocrx_word' id='word_1_172' title='bbox 482 2751 666 2856; x_wconf 83' lang='lat' dir='ltr'><strong>examine,</strong></span> <span class='ocrx_word' id='word_1_173' title='bbox 675 2751 784 2867; x_wconf 90' lang='lat' dir='ltr'><strong>quod</strong></span> <span class='ocrx_word' id='word_1_174' title='bbox 800 2774 854 2836; x_wconf 90' lang='lat' dir='ltr'><strong>est</strong></span> <span class='ocrx_word' id='word_1_175' title='bbox 870 2751 910 2835; x_wconf 94' lang='lat' dir='ltr'><strong>in</strong></span> <span class='ocrx_word' id='word_1_176' title='bbox 924 2743 1096 2835; x_wconf 86' lang='lat' dir='ltr'><strong>confesso</strong></span> <span class='ocrx_word' id='word_1_177' title='bbox 1112 2776 1262 2854; x_wconf 87' lang='lat' dir='ltr'><strong>verum,</strong></span> <span class='ocrx_word' id='word_1_178' title='bbox 1277 2773 1316 2834; x_wconf 91' lang='lat' dir='ltr'><strong>et</strong></span> <span class='ocrx_word' id='word_1_179' title='bbox 1329 2749 1502 2842; x_wconf 91' lang='lat' dir='ltr'><strong>omnium</strong></span> <span class='ocrx_word' id='word_1_180' title='bbox 1519 2751 1772 2865; x_wconf 82' lang='lat' dir='ltr'><strong>prudentium</strong></span> <span class='ocrx_word' id='word_1_181' title='bbox 1793 2783 1838 2838; x_wconf 92' lang='lat' dir='ltr'><strong>ac</strong></span> <span class='ocrx_word' id='word_1_182' title='bbox 1852 2783 1923 2837; x_wconf 85' lang='lat' dir='ltr'><strong>ent·</strong></span> 
     </span>
     <span class='ocr_line' id='line_1_22' title="bbox 483 2867 1921 2986; baseline 0.001 -31"><span class='ocrx_word' id='word_1_183' title='bbox 483 2869 747 2956; x_wconf 89' lang='lat' dir='ltr'><strong>ditissimorum</strong></span> <span class='ocrx_word' id='word_1_184' title='bbox 776 2868 974 2954; x_wconf 89' lang='lat' dir='ltr'><strong>hominum</strong></span> <span class='ocrx_word' id='word_1_185' title='bbox 998 2894 1184 2952; x_wconf 89' lang='lat' dir='ltr'><strong>consensu</strong></span> <span class='ocrx_word' id='word_1_186' title='bbox 1208 2889 1247 2977; x_wconf 86' lang='lat' dir='ltr'><strong>er</strong></span> <span class='ocrx_word' id='word_1_187' title='bbox 1263 2867 1485 2954; x_wconf 90' lang='lat' dir='ltr'><strong>auctoritate</strong></span> <span class='ocrx_word' id='word_1_188' title='bbox 1501 2867 1778 2959; x_wconf 88' lang='lat' dir='ltr'><strong>confirmatum</strong></span> <span class='ocrx_word' id='word_1_189' title='bbox 1795 2900 1807 2974; x_wconf 89' lang='lat'>;</span> <span class='ocrx_word' id='word_1_190' title='bbox 1823 2870 1921 2986; x_wconf 88' lang='lat' dir='ltr'><strong>quid·</strong></span> 
     </span>
     <span class='ocr_line' id='line_1_23' title="bbox 482 2983 1922 3103; baseline 0.001 -31"><span class='ocrx_word' id='word_1_191' title='bbox 482 2988 577 3103; x_wconf 92' lang='lat' dir='ltr'><strong>quid</strong></span> <span class='ocrx_word' id='word_1_192' title='bbox 593 2987 763 3075; x_wconf 90' lang='lat' dir='ltr'><strong>homines</strong></span> <span class='ocrx_word' id='word_1_193' title='bbox 780 2986 819 3071; x_wconf 92' lang='lat' dir='ltr'><strong>in</strong></span> <span class='ocrx_word' id='word_1_194' title='bbox 836 2986 943 3073; x_wconf 91' lang='lat' dir='ltr'><strong>omni</strong></span> <span class='ocrx_word' id='word_1_195' title='bbox 973 3009 1095 3071; x_wconf 89' lang='lat' dir='ltr'><strong>aetate</strong></span> <span class='ocrx_word' id='word_1_196' title='bbox 1111 3045 1123 3090; x_wconf 91' lang='lat'><strong>,</strong></span> <span class='ocrx_word' id='word_1_197' title='bbox 1142 2983 1181 3069; x_wconf 91' lang='lat' dir='ltr'><strong>in</strong></span> <span class='ocrx_word' id='word_1_198' title='bbox 1211 2985 1319 3072; x_wconf 92' lang='lat' dir='ltr'><strong>omni</strong></span> <span class='ocrx_word' id='word_1_199' title='bbox 1346 2984 1535 3102; x_wconf 89' lang='lat' dir='ltr'><strong>regione,</strong></span> <span class='ocrx_word' id='word_1_200' title='bbox 1557 2987 1596 3072; x_wconf 93' lang='lat' dir='ltr'><strong>in</strong></span> <span class='ocrx_word' id='word_1_201' title='bbox 1625 2991 1741 3076; x_wconf 89' lang='lat' dir='ltr'><strong>omni</strong></span> <span class='ocrx_word' id='word_1_202' title='bbox 1770 2990 1922 3094; x_wconf 86' lang='lat' dir='ltr'><strong>ciuitate,</strong></span> 
     </span>
     <span class='ocr_line' id='line_1_24' title="bbox 484 3101 1921 3224; baseline 0 -32"><span class='ocrx_word' id='word_1_203' title='bbox 484 3106 589 3192; x_wconf 89' lang='lat' dir='ltr'><strong>docti</strong></span> <span class='ocrx_word' id='word_1_204' title='bbox 605 3105 739 3220; x_wconf 89' lang='lat' dir='ltr'><strong>pariter</strong></span> <span class='ocrx_word' id='word_1_205' title='bbox 754 3130 795 3192; x_wconf 91' lang='lat' dir='ltr'><strong>et</strong></span> <span class='ocrx_word' id='word_1_206' title='bbox 824 3104 967 3191; x_wconf 90' lang='lat' dir='ltr'><strong>indocti</strong></span> <span class='ocrx_word' id='word_1_207' title='bbox 990 3101 1241 3189; x_wconf 91' lang='lat' dir='ltr'><strong>communiter</strong></span> <span class='ocrx_word' id='word_1_208' title='bbox 1256 3104 1490 3219; x_wconf 87' lang='lat' dir='ltr'><strong>opinantur,</strong></span> <span class='ocrx_word' id='word_1_209' title='bbox 1518 3102 1559 3191; x_wconf 90' lang='lat' dir='ltr'><strong>id</strong></span> <span class='ocrx_word' id='word_1_210' title='bbox 1586 3104 1714 3224; x_wconf 89' lang='lat' dir='ltr'><strong>legem</strong></span> <span class='ocrx_word' id='word_1_211' title='bbox 1731 3136 1812 3194; x_wconf 90' lang='lat' dir='ltr'><strong>esse</strong></span> <span class='ocrx_word' id='word_1_212' title='bbox 1827 3132 1921 3192; x_wconf 84' lang='lat' dir='ltr'><strong>natu</strong></span> 
     </span>
     <span class='ocr_line' id='line_1_25' title="bbox 484 3220 1922 3340; baseline -0.001 -30"><span class='ocrx_word' id='word_1_213' title='bbox 484 3252 560 3310; x_wconf 89' lang='lat' dir='ltr'><strong>rae.</strong></span> <span class='ocrx_word' id='word_1_214' title='bbox 595 3223 724 3309; x_wconf 90' lang='lat' dir='ltr'><strong>Utitur</strong></span> <span class='ocrx_word' id='word_1_215' title='bbox 738 3221 955 3310; x_wconf 87' lang='lat' dir='ltr'><strong>Aristoteles</strong></span> <span class='ocrx_word' id='word_1_216' title='bbox 979 3220 1187 3307; x_wconf 87' lang='lat' dir='ltr'><strong>identidem</strong></span> <span class='ocrx_word' id='word_1_217' title='bbox 1203 3220 1279 3307; x_wconf 91' lang='lat' dir='ltr'><strong>hoc</strong></span> <span class='ocrx_word' id='word_1_218' title='bbox 1289 3220 1497 3337; x_wconf 90' lang='lat' dir='ltr'><strong>principio,</strong></span> <span class='ocrx_word' id='word_1_219' title='bbox 1521 3248 1685 3310; x_wconf 90' lang='lat' dir='ltr'><strong>utuntur</strong></span> <span class='ocrx_word' id='word_1_220' title='bbox 1702 3255 1852 3331; x_wconf 78' lang='lat' dir='ltr'><strong>omnes,</strong></span> <span class='ocrx_word' id='word_1_221' title='bbox 1868 3223 1922 3340; x_wconf 90' lang='lat' dir='ltr'><strong>qui</strong></span> 
     </span>
     <span class='ocr_line' id='line_1_26' title="bbox 484 3338 1921 3459; baseline -0.001 -30"><span class='ocrx_word' id='word_1_222' title='bbox 484 3341 630 3429; x_wconf 89' lang='lat' dir='ltr'><strong>ratione</strong></span> <span class='ocrx_word' id='word_1_223' title='bbox 645 3368 760 3459; x_wconf 91' lang='lat' dir='ltr'><strong>atque</strong></span> <span class='ocrx_word' id='word_1_224' title='bbox 775 3342 836 3429; x_wconf 85' lang='lat' dir='ltr'><strong>uia</strong></span> <span class='ocrx_word' id='word_1_225' title='bbox 853 3338 1177 3456; x_wconf 86' lang='lat' dir='ltr'><strong>philosophantur.</strong></span> <span class='ocrx_word' id='word_1_226' title='bbox 1209 3344 1278 3424; x_wconf 87' lang='lat' dir='ltr'><strong>Est</strong></span> <span class='ocrx_word' id='word_1_227' title='bbox 1293 3338 1393 3426; x_wconf 90' lang='lat' dir='ltr'><strong>enim</strong></span> <span class='ocrx_word' id='word_1_228' title='bbox 1414 3339 1628 3427; x_wconf 89' lang='lat' dir='ltr'><strong>hominibus</strong></span> <span class='ocrx_word' id='word_1_229' title='bbox 1656 3344 1921 3430; x_wconf 83' lang='lat' dir='ltr'><strong>multaruntre</strong></span> 
     </span>
     <span class='ocr_line' id='line_1_27' title="bbox 485 3455 1922 3576; baseline 0 -30"><span class='ocrx_word' id='word_1_230' title='bbox 485 3490 571 3547; x_wconf 85' lang='lat' dir='ltr'><strong>rum</strong></span> <span class='ocrx_word' id='word_1_231' title='bbox 584 3459 905 3576; x_wconf 87' lang='lat' dir='ltr'><strong>insitacognitio,</strong></span> <span class='ocrx_word' id='word_1_232' title='bbox 932 3487 1052 3574; x_wconf 88' lang='lat' dir='ltr'><strong>quam</strong></span> <span class='ocrx_word' id='word_1_233' title='bbox 1075 3455 1181 3542; x_wconf 91' lang='lat' dir='ltr'><strong>nullo</strong></span> <span class='ocrx_word' id='word_1_234' title='bbox 1204 3481 1444 3572; x_wconf 88' lang='lat' dir='ltr'><strong>praeceptore</strong></span> <span class='ocrx_word' id='word_1_235' title='bbox 1468 3520 1481 3564; x_wconf 92' lang='lat'><strong>,</strong></span> <span class='ocrx_word' id='word_1_236' title='bbox 1502 3459 1608 3547; x_wconf 89' lang='lat' dir='ltr'><strong>nullo</strong></span> <span class='ocrx_word' id='word_1_237' title='bbox 1632 3460 1814 3549; x_wconf 90' lang='lat' dir='ltr'><strong>humano</strong></span> <span class='ocrx_word' id='word_1_238' title='bbox 1838 3459 1922 3546; x_wconf 90' lang='lat' dir='ltr'><strong>insti·</strong></span> 
     </span>
     <span class='ocr_line' id='line_1_28' title="bbox 485 3575 1999 3692; baseline -0.001 -26"><span class='ocrx_word' id='word_1_239' title='bbox 485 3603 603 3685; x_wconf 92' lang='lat' dir='ltr'><strong>tuto,</strong></span> <span class='ocrx_word' id='word_1_240' title='bbox 628 3578 694 3665; x_wconf 88' lang='lat' dir='ltr'><strong>sed</strong></span> <span class='ocrx_word' id='word_1_241' title='bbox 709 3577 788 3691; x_wconf 88' lang='lat' dir='ltr'><strong>ipsa</strong></span> <span class='ocrx_word' id='word_1_242' title='bbox 806 3601 940 3663; x_wconf 89' lang='lat' dir='ltr'><strong>natura</strong></span> <span class='ocrx_word' id='word_1_243' title='bbox 965 3577 1061 3663; x_wconf 91' lang='lat' dir='ltr'><strong>duce</strong></span> <span class='ocrx_word' id='word_1_244' title='bbox 1075 3599 1190 3690; x_wconf 91' lang='lat' dir='ltr'><strong>atque</strong></span> <span class='ocrx_word' id='word_1_245' title='bbox 1207 3575 1382 3692; x_wconf 86' lang='lat' dir='ltr'><strong>magistra</strong></span> <span class='ocrx_word' id='word_1_246' title='bbox 1405 3575 1577 3664; x_wconf 87' lang='lat' dir='ltr'><strong>didicere.</strong></span> <span class='ocrx_word' id='word_1_247' title='bbox 1611 3578 1720 3665; x_wconf 84' lang='lat' dir='ltr'><strong>Nthil</strong></span> <span class='ocrx_word' id='word_1_248' title='bbox 1736 3606 1796 3666; x_wconf 87' lang='lat' dir='ltr'><strong>est</strong></span> <span class='ocrx_word' id='word_1_249' title='bbox 1810 3604 1923 3665; x_wconf 89' lang='lat' dir='ltr'><strong>auten</strong></span> <span class='ocrx_word' id='word_1_250' title='bbox 1995 3668 1999 3676; x_wconf 65' lang='grc'>,</span> 
     </span>
     <span class='ocr_line' id='line_1_29' title="bbox 486 3692 1924 3812; baseline 0.001 -32"><span class='ocrx_word' id='word_1_251' title='bbox 486 3697 628 3810; x_wconf 86' lang='lat' dir='ltr'><strong>majore</strong></span> <span class='ocrx_word' id='word_1_252' title='bbox 652 3724 838 3783; x_wconf 86' lang='lat' dir='ltr'><strong>consensu</strong></span> <span class='ocrx_word' id='word_1_253' title='bbox 854 3692 1026 3780; x_wconf 91' lang='lat' dir='ltr'><strong>omnium</strong></span> <span class='ocrx_word' id='word_1_254' title='bbox 1052 3692 1266 3779; x_wconf 90' lang='lat' dir='ltr'><strong>mortalium</strong></span> <span class='ocrx_word' id='word_1_255' title='bbox 1283 3693 1518 3805; x_wconf 82' lang='lat' dir='ltr'><strong>judicatum,</strong></span> <span class='ocrx_word' id='word_1_256' title='bbox 1535 3725 1653 3812; x_wconf 88' lang='lat' dir='ltr'><strong>quarn</strong></span> <span class='ocrx_word' id='word_1_257' title='bbox 1668 3726 1750 3784; x_wconf 90' lang='lat' dir='ltr'><strong>esse</strong></span> <span class='ocrx_word' id='word_1_258' title='bbox 1766 3697 1881 3785; x_wconf 88' lang='lat' dir='ltr'><strong>multa</strong></span> <span class='ocrx_word' id='word_1_259' title='bbox 1891 3696 1924 3782; x_wconf 88' lang='lat' dir='ltr'><strong>in</strong></span> 
     </span>
     <span class='ocr_line' id='line_1_30' title="bbox 488 3811 1923 3930; baseline -0.001 -29"><span class='ocrx_word' id='word_1_260' title='bbox 488 3840 673 3928; x_wconf 89' lang='lat' dir='ltr'><strong>potestate</strong></span> <span class='ocrx_word' id='word_1_261' title='bbox 705 3813 933 3918; x_wconf 90' lang='lat' dir='ltr'><strong>hominum,</strong></span> <span class='ocrx_word' id='word_1_262' title='bbox 962 3840 1061 3928; x_wconf 89' lang='lat' dir='ltr'><strong>quae</strong></span> <span class='ocrx_word' id='word_1_263' title='bbox 1088 3836 1132 3897; x_wconf 93' lang='lat' dir='ltr'><strong>ut</strong></span> <span class='ocrx_word' id='word_1_264' title='bbox 1147 3811 1315 3929; x_wconf 88' lang='lat' dir='ltr'><strong>agendi,</strong></span> <span class='ocrx_word' id='word_1_265' title='bbox 1344 3812 1393 3899; x_wconf 88' lang='lat' dir='ltr'><strong>sic</strong></span> <span class='ocrx_word' id='word_1_266' title='bbox 1410 3814 1609 3902; x_wconf 89' lang='lat' dir='ltr'><strong>omittendi</strong></span> <span class='ocrx_word' id='word_1_267' title='bbox 1633 3815 1797 3903; x_wconf 88' lang='lat' dir='ltr'><strong>liberam</strong></span> <span class='ocrx_word' id='word_1_268' title='bbox 1821 3843 1923 3930; x_wconf 91' lang='lat' dir='ltr'><strong>arque</strong></span> 
     </span>
     <span class='ocr_line' id='line_1_31' title="bbox 491 3928 1924 4050; baseline 0.005 -33"><span class='ocrx_word' id='word_1_269' title='bbox 491 3931 677 4050; x_wconf 90' lang='lat' dir='ltr'><strong>integram</strong></span> <span class='ocrx_word' id='word_1_270' title='bbox 695 3933 861 4018; x_wconf 92' lang='lat' dir='ltr'><strong>habeant</strong></span> <span class='ocrx_word' id='word_1_271' title='bbox 873 3928 1088 4017; x_wconf 87' lang='lat' dir='ltr'><strong>facultatem</strong></span> <span class='ocrx_word' id='word_1_272' title='bbox 1106 3990 1119 4036; x_wconf 92' lang='lat'><strong>,</strong></span> <span class='ocrx_word' id='word_1_273' title='bbox 1136 3955 1180 4016; x_wconf 92' lang='lat' dir='ltr'><strong>ut</strong></span> <span class='ocrx_word' id='word_1_274' title='bbox 1194 3930 1294 4047; x_wconf 89' lang='lat' dir='ltr'><strong>leges</strong></span> <span class='ocrx_word' id='word_1_275' title='bbox 1307 3958 1347 4015; x_wconf 84' lang='lat' dir='ltr'><strong>et</strong></span> <span class='ocrx_word' id='word_1_276' title='bbox 1362 3932 1529 4020; x_wconf 88' lang='lat' dir='ltr'><strong>instituta</strong></span> <span class='ocrx_word' id='word_1_277' title='bbox 1549 3932 1774 4023; x_wconf 89' lang='lat' dir='ltr'><strong>declarant:</strong></span> <span class='ocrx_word' id='word_1_278' title='bbox 1802 3934 1924 4050; x_wconf 75' lang='lat' dir='ltr'><strong>quibsu</strong></span> 
     </span>
     <span class='ocr_line' id='line_1_32' title="bbox 487 4049 1926 4169; baseline 0.001 -34"><span class='ocrx_word' id='word_1_279' title='bbox 487 4077 721 4169; x_wconf 90' lang='lat' dir='ltr'><strong>quamquam</strong></span> <span class='ocrx_word' id='word_1_280' title='bbox 733 4050 807 4136; x_wconf 88' lang='lat' dir='ltr'><strong>aliis</strong></span> <span class='ocrx_word' id='word_1_281' title='bbox 823 4049 928 4155; x_wconf 85' lang='lat' dir='ltr'><strong>alios,</strong></span> <span class='ocrx_word' id='word_1_282' title='bbox 944 4077 1077 4135; x_wconf 91' lang='lat' dir='ltr'><strong>omnes</strong></span> <span class='ocrx_word' id='word_1_283' title='bbox 1093 4073 1222 4134; x_wconf 90' lang='lat' dir='ltr'><strong>tamen</strong></span> <span class='ocrx_word' id='word_1_284' title='bbox 1233 4073 1364 4135; x_wconf 88' lang='lat' dir='ltr'><strong>coetus</strong></span> <span class='ocrx_word' id='word_1_285' title='bbox 1380 4049 1591 4157; x_wconf 89' lang='lat' dir='ltr'><strong>hominum,</strong></span> <span class='ocrx_word' id='word_1_286' title='bbox 1604 4083 1745 4142; x_wconf 90' lang='lat' dir='ltr'><strong>omnes</strong></span> <span class='ocrx_word' id='word_1_287' title='bbox 1753 4053 1926 4158; x_wconf 83' lang='lat' dir='ltr'><strong>nationes,</strong></span> 
     </span>
     <span class='ocr_line' id='line_1_33' title="bbox 485 4165 1925 4284; baseline 0.004 -32"><span class='ocrx_word' id='word_1_288' title='bbox 485 4198 618 4256; x_wconf 88' lang='lat' dir='ltr'><strong>omnes</strong></span> <span class='ocrx_word' id='word_1_289' title='bbox 633 4169 814 4277; x_wconf 88' lang='lat' dir='ltr'><strong>civitates,</strong></span> <span class='ocrx_word' id='word_1_290' title='bbox 826 4193 982 4255; x_wconf 76' lang='lat' dir='ltr'><strong>cunnos</strong></span> <span class='ocrx_word' id='word_1_291' title='bbox 1000 4165 1164 4283; x_wconf 89' lang='lat' dir='ltr'><strong>denique</strong></span> <span class='ocrx_word' id='word_1_292' title='bbox 1180 4166 1355 4256; x_wconf 85' lang='lat' dir='ltr'><strong>mortales</strong></span> <span class='ocrx_word' id='word_1_293' title='bbox 1383 4185 1530 4284; x_wconf 90' lang='lat' dir='ltr'><strong>semper</strong></span> <span class='ocrx_word' id='word_1_294' title='bbox 1542 4202 1631 4258; x_wconf 89' lang='lat' dir='ltr'><strong>usos</strong></span> <span class='ocrx_word' id='word_1_295' title='bbox 1645 4168 1925 4260; x_wconf 82' lang='lat' dir='ltr'><strong>fitisseconstat</strong></span> 
     </span>
     <span class='ocr_line' id='line_1_34' title="bbox 487 4284 1927 4407; baseline 0.003 -36"><span class='ocrx_word' id='word_1_296' title='bbox 487 4288 600 4383; x_wconf 87' lang='lat' dir='ltr'><strong>Quae</strong></span> <span class='ocrx_word' id='word_1_297' title='bbox 609 4284 780 4403; x_wconf 87' lang='lat' dir='ltr'><strong>profecto</strong></span> <span class='ocrx_word' id='word_1_298' title='bbox 795 4316 1004 4405; x_wconf 90' lang='lat' dir='ltr'><strong>numquam</strong></span> <span class='ocrx_word' id='word_1_299' title='bbox 1013 4309 1092 4371; x_wconf 92' lang='lat' dir='ltr'><strong>tam</strong></span> <span class='ocrx_word' id='word_1_300' title='bbox 1110 4284 1235 4372; x_wconf 90' lang='lat' dir='ltr'><strong>solerti</strong></span> <span class='ocrx_word' id='word_1_301' title='bbox 1249 4286 1452 4374; x_wconf 91' lang='lat' dir='ltr'><strong>hominum</strong></span> <span class='ocrx_word' id='word_1_302' title='bbox 1465 4288 1653 4407; x_wconf 87' lang='lat' dir='ltr'><strong>diligentia</strong></span> <span class='ocrx_word' id='word_1_303' title='bbox 1661 4294 1846 4380; x_wconf 88' lang='lat' dir='ltr'><strong>conditae</strong></span> <span class='ocrx_word' id='word_1_304' title='bbox 1857 4288 1927 4376; x_wconf 70' lang='lat' dir='ltr'><strong>fuis</strong></span> 
     </span>
     <span class='ocr_line' id='line_1_35' title="bbox 487 4405 1924 4525; baseline 0.008 -37"><span class='ocrx_word' id='word_1_305' title='bbox 487 4430 583 4509; x_wconf 90' lang='lat' dir='ltr'><strong>sent,</strong></span> <span class='ocrx_word' id='word_1_306' title='bbox 600 4406 628 4489; x_wconf 90' lang='lat' dir='ltr'><strong>si</strong></span> <span class='ocrx_word' id='word_1_307' title='bbox 642 4407 804 4492; x_wconf 88' lang='lat' dir='ltr'><strong>actiones</strong></span> <span class='ocrx_word' id='word_1_308' title='bbox 819 4432 976 4511; x_wconf 84' lang='lat' dir='ltr'><strong>nostras,</strong></span> <span class='ocrx_word' id='word_1_309' title='bbox 1002 4434 1083 4493; x_wconf 91' lang='lat' dir='ltr'><strong>non</strong></span> <span class='ocrx_word' id='word_1_310' title='bbox 1099 4405 1270 4492; x_wconf 89' lang='lat' dir='ltr'><strong>humano</strong></span> <span class='ocrx_word' id='word_1_311' title='bbox 1284 4406 1441 4493; x_wconf 89' lang='lat' dir='ltr'><strong>consilio</strong></span> <span class='ocrx_word' id='word_1_312' title='bbox 1456 4432 1572 4525; x_wconf 90' lang='lat' dir='ltr'><strong>arque</strong></span> <span class='ocrx_word' id='word_1_313' title='bbox 1588 4409 1793 4499; x_wconf 88' lang='lat' dir='ltr'><strong>voluntate</strong></span> <span class='ocrx_word' id='word_1_314' title='bbox 1810 4411 1924 4514; x_wconf 77' lang='lat' dir='ltr'><strong>lbera</strong></span> 
     </span>
     <span class='ocr_line' id='line_1_36' title="bbox 481 4520 1925 4641; baseline 0.006 -34"><span class='ocrx_word' id='word_1_315' title='bbox 481 4523 548 4608; x_wconf 87' lang='lat' dir='ltr'><strong>sed</strong></span> <span class='ocrx_word' id='word_1_316' title='bbox 562 4520 662 4608; x_wconf 89' lang='lat' dir='ltr'><strong>fatali</strong></span> <span class='ocrx_word' id='word_1_317' title='bbox 676 4528 843 4639; x_wconf 93' lang='lat' dir='ltr'><strong>quadam</strong></span> <span class='ocrx_word' id='word_1_318' title='bbox 858 4525 1070 4610; x_wconf 88' lang='lat' dir='ltr'><strong>necessitate</strong></span> <span class='ocrx_word' id='word_1_319' title='bbox 1083 4523 1161 4641; x_wconf 90' lang='lat' dir='ltr'><strong>geri</strong></span> <span class='ocrx_word' id='word_1_320' title='bbox 1174 4549 1291 4640; x_wconf 88' lang='lat' dir='ltr'><strong>atque</strong></span> <span class='ocrx_word' id='word_1_321' title='bbox 1308 4526 1553 4614; x_wconf 84' lang='lat' dir='ltr'><strong>administrati</strong></span> <span class='ocrx_word' id='word_1_322' title='bbox 1563 4530 1741 4618; x_wconf 85' lang='lat' dir='ltr'><strong>mortales</strong></span> <span class='ocrx_word' id='word_1_323' title='bbox 1760 4528 1925 4618; x_wconf 82' lang='lat' dir='ltr'><strong>credidis</strong></span> 
     </span>
     <span class='ocr_line' id='line_1_37' title="bbox 480 4641 1922 4762; baseline 0.002 -37"><span class='ocrx_word' id='word_1_324' title='bbox 480 4665 576 4726; x_wconf 84' lang='lat' dir='ltr'><strong>sent.</strong></span> <span class='ocrx_word' id='word_1_325' title='bbox 595 4643 760 4739; x_wconf 92' lang='lat' dir='ltr'><strong>Quodsi</strong></span> <span class='ocrx_word' id='word_1_326' title='bbox 783 4644 834 4727; x_wconf 87' lang='lat' dir='ltr'><strong>ita</strong></span> <span class='ocrx_word' id='word_1_327' title='bbox 854 4669 922 4748; x_wconf 90' lang='lat' dir='ltr'><strong>est,</strong></span> <span class='ocrx_word' id='word_1_328' title='bbox 941 4655 983 4729; x_wconf 92' lang='lat' dir='ltr'><strong>ut</strong></span> <span class='ocrx_word' id='word_1_329' title='bbox 1001 4671 1077 4730; x_wconf 92' lang='lat' dir='ltr'><strong>esse</strong></span> <span class='ocrx_word' id='word_1_330' title='bbox 1093 4641 1216 4756; x_wconf 85' lang='lat' dir='ltr'><strong>palam</strong></span> <span class='ocrx_word' id='word_1_331' title='bbox 1229 4667 1297 4750; x_wconf 90' lang='lat' dir='ltr'><strong>est,</strong></span> <span class='ocrx_word' id='word_1_332' title='bbox 1315 4658 1433 4761; x_wconf 85' lang='lat' dir='ltr'><strong>atque</strong></span> <span class='ocrx_word' id='word_1_333' title='bbox 1451 4675 1507 4732; x_wconf 89' lang='lat' dir='ltr'><strong>res</strong></span> <span class='ocrx_word' id='word_1_334' title='bbox 1522 4646 1601 4762; x_wconf 90' lang='lat' dir='ltr'><strong>ipsa</strong></span> <span class='ocrx_word' id='word_1_335' title='bbox 1619 4649 1874 4750; x_wconf 88' lang='lat' dir='ltr'><strong>demonstrat,</strong></span> <span class='ocrx_word' id='word_1_336' title='bbox 1888 4645 1922 4728; x_wconf 89' lang='lat' dir='ltr'><strong>li·</strong></span> 
     </span>
     <span class='ocr_line' id='line_1_38' title="bbox 477 4757 1923 4878; baseline 0.004 -33"><span class='ocrx_word' id='word_1_337' title='bbox 477 4757 604 4845; x_wconf 88' lang='lat' dir='ltr'><strong>beram</strong></span> <span class='ocrx_word' id='word_1_338' title='bbox 614 4790 690 4847; x_wconf 89' lang='lat' dir='ltr'><strong>esse</strong></span> <span class='ocrx_word' id='word_1_339' title='bbox 700 4785 866 4848; x_wconf 87' lang='lat' dir='ltr'><strong>nostram</strong></span> <span class='ocrx_word' id='word_1_340' title='bbox 882 4761 1327 4878; x_wconf 84' lang='lat' dir='ltr'><strong>voluntatem,multaque</strong></span> <span class='ocrx_word' id='word_1_341' title='bbox 1343 4763 1544 4849; x_wconf 90' lang='lat' dir='ltr'><strong>hominurn</strong></span> <span class='ocrx_word' id='word_1_342' title='bbox 1559 4767 1842 4875; x_wconf 75' lang='lat' dir='ltr'><strong>arbitratu,sine</strong></span> <span class='ocrx_word' id='word_1_343' title='bbox 1855 4763 1923 4851; x_wconf 82' lang='lat' dir='ltr'><strong>ulla</strong></span> 
     </span>
     <span class='ocr_line' id='line_1_39' title="bbox 472 4879 1924 5017; baseline 0.006 -49"><span class='ocrx_word' id='word_1_344' title='bbox 472 4880 687 4969; x_wconf 86' lang='lat' dir='ltr'><strong>necessitate</strong></span> <span class='ocrx_word' id='word_1_345' title='bbox 702 4879 779 4970; x_wconf 86' lang='lat' dir='ltr'><strong>fieti</strong></span> <span class='ocrx_word' id='word_1_346' title='bbox 795 4903 889 4972; x_wconf 91' lang='lat' dir='ltr'><strong>teste</strong></span> <span class='ocrx_word' id='word_1_347' title='bbox 905 4879 982 4998; x_wconf 90' lang='lat' dir='ltr'><strong>ipsa</strong></span> <span class='ocrx_word' id='word_1_348' title='bbox 995 4905 1130 4972; x_wconf 89' lang='lat' dir='ltr'><strong>natura</strong></span> <span class='ocrx_word' id='word_1_349' title='bbox 1145 4881 1384 5001; x_wconf 83' lang='lat' dir='ltr'><strong>concluditur</strong></span> <span class='ocrx_word' id='word_1_350' title='bbox 1396 4881 1710 4997; x_wconf 76' lang='lat' dir='ltr'><strong>etconfirmatut.</strong></span> <span class='ocrx_word' id='word_1_351' title='bbox 1728 4891 1924 5017; x_wconf 66' lang='lat' dir='ltr'><strong>Praeterea</strong></span> 
     </span>
    </p>

    <p class='ocr_par' dir='ltr' id='par_1_5' title="bbox 1680 5032 1927 5098">
     <span class='ocr_line' id='line_1_40' title="bbox 1680 5032 1927 5098; baseline 0 -7"><span class='ocrx_word' id='word_1_352' title='bbox 1680 5082 1687 5098; x_wconf 91' lang='grc'>,</span> <span class='ocrx_word' id='word_1_353' title='bbox 1724 5088 1726 5096; x_wconf 11' lang='grc' dir='ltr'>χ</span> <span class='ocrx_word' id='word_1_354' title='bbox 1819 5089 1822 5094; x_wconf 80' lang='grc'>,</span> <span class='ocrx_word' id='word_1_355' title='bbox 1849 5080 1860 5091; x_wconf 77' lang='grc'><strong>.</strong></span> <span class='ocrx_word' id='word_1_356' title='bbox 1901 5032 1927 5091; x_wconf 85' lang='lat' dir='ltr'><strong>st</strong></span> 
     </span>
    </p>
   </div>
   <div class='ocr_carea' id='block_1_2' title="bbox 0 0 2016 5850">
    <p class='ocr_par' dir='ltr' id='par_1_6' title="bbox 0 0 2016 5850">
     <span class='ocr_line' id='line_1_41' title="bbox 0 0 2016 5850; baseline 0 0"><span class='ocrx_word' id='word_1_357' title='bbox 0 0 2016 5850; x_wconf 95' lang='lat' dir='ltr'><strong> </strong></span> 
     </span>
    </p>
   </div>
  </div>
 </body>
</html>
