4192 5880
481 397 618 469 AEG.
655 387 1284 469 AL30RNOT11L18.11.
1542 415 1582 490 35

161 522 398 639 inperatoris
424 521 560 638 capiti,
588 519 655 639 qui
675 519 726 608 ad
751 515 1063 631 compescendam
1084 513 1268 602 Ludovici
1295 515 1430 605 Bavati
1451 517 1609 608 insolen-

162 643 250 729 tiam
265 666 419 729 auctore
432 642 630 727 Clemente
642 641 709 724 Vl.
724 635 904 723 Pontifice
918 638 1025 719 Max.
1042 660 1186 720 creanas
1201 658 1291 719 erat.
1313 635 1405 731 Qua
1417 638 1466 724 de
1481 668 1520 724 re
1528 669 1608 727 non
1621 646 1796 766 ffigffissosslp

158 761 226 848 erit
250 761 327 847 hoc
356 761 395 846 in
430 760 519 846 loco
542 761 592 844 ab
622 758 792 843 instituto
825 780 956 840 nostro
981 751 1144 838 alienum
1172 781 1291 868 pauca
1318 755 1433 842 verba
1462 751 1605 866 facete,
1619 769 1750 881 33:¹¹3oe

158 880 339 995 quoniam
355 879 449 968 etin
472 876 718 994 superioribus
734 878 783 962 de
799 873 998 962 Ludovico
1013 877 1162 960 bavaro
1189 868 1288 958 facta
1305 897 1360 960 est
1379 877 1521 963 mentio
1537 938 1551 985 ,
1566 903 1605 969 et
1719 860 1728 883 ⁸

158 999 224 1085 fiet
240 999 278 1083 in
295 997 534 1116 sequentibus
561 998 610 1082 de
625 994 787 1080 Carolo.

217 1119 322 1203 Vlll.
384 1120 549 1202 Mortuo
578 1113 745 1208 Henrico
770 1117 1025 1227 Imperatore,
1050 1142 1189 1231 magna
1212 1108 1283 1198 fuit
1306 1113 1402 1199 inter
1418 1113 1605 1206 Electores

157 1233 394 1350 Imperatoris
414 1231 664 1321 controversia
682 1294 694 1337 ,
710 1230 935 1348 quibusdam
950 1231 1126 1317 Federico
1141 1231 1310 1317 Austriae
1325 1291 1338 1336 ,
1355 1231 1429 1317 aliis
1443 1233 1602 1325 Ludovi·

158 1379 209 1436 co
225 1348 403 1439 bavariae
421 1354 586 1437 Ducibus
602 1348 900 1466 suffragantibus.
934 1354 977 1433 ln
992 1373 1097 1433 tanta
1111 1350 1222 1467 igitur
1241 1349 1457 1435 Electorum
1473 1350 1604 1438 dissen-

158 1469 263 1555 sione
278 1471 463 1556 candida'ri
481 1469 548 1585 ipsi
560 1492 791 1555 concurrunt
806 1466 856 1552 ad
878 1496 981 1551 arma
1000 1495 1104 1581 :qua
1130 1469 1310 1583 inpugna
1334 1496 1421 1552 cum
1437 1470 1603 1557 Ludovi·
1618 1483 1795 1592 Luffgvgsgffl·

159 1587 192 1670 ci
212 1616 269 1672 res
285 1586 449 1702 superior
468 1583 613 1691 fuisset,
635 1585 774 1698 maiore
795 1586 956 1672 exercitu
968 1580 1163 1691 confect0,
1179 1585 1299 1671 invito
1314 1584 1464 1695 Joanne
1479 1592 1600 1675 XXII.
1619 1603 1657 1712 33
1674 1558 1796 1722 ἐξὲξ

158 1704 225 1818 qui
249 1728 341 1789 tunc
367 1728 446 1791 erat
463 1701 635 1790 Pontifex
651 1708 757 1790 Max.
772 1704 809 1788 in
836 1703 977 1787 ltaliam
1002 1701 1138 1787 irruere
1162 1728 1287 1818 parat:
1310 1701 1366 1812 jus
1393 1700 1474 1789 fore
1504 1732 1604 1794 ratus
1617 1735 1656 1784 na·

160 1822 346 1936 quidquid
373 1852 439 1936 pet
462 1822 677 1909 violentiam
702 1821 898 1937 raptasset.
947 1820 1110 1905 Primum
1136 1849 1229 1939 ergo
1256 1845 1408 1935 accepta
1435 1852 1480 1908 ex
1499 1854 1606 1912 more

158 1964 302 2025 cotona
321 1937 438 2023 ferrea
451 1939 682 2044 Mediolani,
697 1941 759 2025 cui
783 1937 921 2026 civitati
935 1938 1181 2023 Vicecomites
1206 1965 1296 2027 tunc
1307 1940 1483 2051 temporis
1507 1943 1605 2029 auxi·

159 2053 210 2141 lio
234 2054 312 2168 ejus
335 2057 570 2173 imperabant
586 2120 599 2161 ,
615 2061 778 2144 Romam
802 2057 995 2171 pervenit.
1027 2056 1101 2141 Cui
1131 2054 1208 2142 duo
1231 2088 1277 2144 ex
1301 2056 1495 2143 nobilitate
1523 2065 1604 2147 Ro-

158 2202 272 2258 matta
293 2176 505 2291 Stephanus
536 2175 727 2262 Columna
751 2199 790 2261 et
814 2174 992 2260 Nicolaus
1015 2177 1155 2259 Comes
1176 2199 1267 2262 runc
1290 2175 1604 2286 moderabantur,
1733 2268 1738 2279 ⁴

159 2292 225 2406 qui
246 2294 481 2410 magistratus
497 2294 632 2380 Vtcarii
646 2293 878 2408 Imperatoris
892 2292 1054 2378 Romani
1071 2296 1404 2408 nuncupabantur.
1437 2295 1605 2383 Absentc

158 2408 286 2526 itaque
307 2412 473 2527 collega,
491 2411 540 2495 ab
554 2413 746 2525 Stephano
761 2440 903 2498 corona
928 2439 1040 2496 autea
1059 2409 1250 2527 insignitus
1271 2434 1326 2496 est
1338 2410 1388 2496 ad
1410 2413 1521 2496 aedes
1536 2419 1604 2498 La·

160 2528 278 2612 terani
294 2589 307 2633 ,
324 2527 477 2639 jubente
506 2528 607 2614 cleto
639 2533 682 2613 P.
704 2530 758 2621 Q.
785 2534 831 2614 R.
862 2535 973 2612 Tunc
994 2555 1087 2615 veto
1111 2558 1250 2644 magna
1275 2553 1397 2614 sumta
1426 2528 1601 2638 audacia,

158 2673 225 2758 pet
250 2670 488 2731 contemtum
508 2675 589 2730 non
612 2646 811 2731 hominum
852 2671 1029 2749 tantum,
1054 2644 1120 2730 sed
1147 2648 1219 2731 Dei
1247 2646 1358 2732 etiam
1386 2646 1602 2734 immortalis

159 2762 390 2878 Antipapam
414 2788 515 2849 creat
537 2764 576 2848 in
599 2763 888 2850 waemulationem
915 2762 1207 2877 JoannisXXll.
1225 2764 1430 2881 quemdam
1448 2770 1598 2852 Petrum
1612 2790 1793 2901 ,3²³5?J„,⁰⁰“

158 2881 445 2967 Cotbariensem
466 2882 604 2967 ordinis
627 2883 824 2968 Minorum
840 2943 852 2986 ,
869 2882 997 2968 humili
1019 2880 1108 2966 loco
1123 2907 1253 2967 natum
1270 2910 1379 2990 „non
1401 2882 1596 2970 indoctum
1610 2865 1793 3136 gffiipgpgiou:

158 2994 443 3132 illum-quidem
460 3060 472 3103 ,
489 3028 559 3084 nec
575 3001 786 3116 ignavum,
806 3001 872 3086 sed
897 3001 1088 3086 scelestum
1115 3023 1155 3084 et
1177 2999 1355 3086 nelirium
1380 3000 1593 3108 hominem,
1611 3044 1648 3080 aaa
1683 3041 1791 3078 oannem

160 3138 200 3199 et
214 3144 282 3230 qut
297 3141 429 3202 contra
442 3116 521 3229 jura
545 3116 670 3204 divina
686 3120 950 3233 humanaque,
967 3117 1189 3205 reclamante
1205 3147 1323 3204 uxore
1339 3181 1352 3222 ,
1368 3118 1595 3236 religionem,
1612 3091 1790 3211 lllabs‘ll!

160 3258 276 3346 quam
295 3235 448 3349 pessime
475 3232 713 3350 profanaret,
729 3233 910 3352 professus
929 3234 1051 3322 fuerat
1066 3268 1074 3321 :
1092 3237 1158 3324 sed
1173 3237 1316 3323 relictus
1332 3236 1443 3340 Pisis,
1460 3237 1598 3323 abeun-
1609 3211 1686 3261 ’Μ’

158 3370 197 3434 te
210 3350 411 3440 Ludovico
433 3353 730 3440 inGermaniam
747 3416 759 3461 ,
777 3383 821 3439 ca
847 3356 919 3440 itur
944 3384 967 3438 a
987 3352 1180 3440 Bonifatio
1204 3354 1356 3441 Comite
1382 3355 1515 3439 Pisano
1532 3381 1596 3460 ,et

156 3465 396 3555 'Avenionem
408 3470 631 3584 perductus,
648 3497 687 3558 et
702 3386 871 3559 Ponnfci
895 3472 1052 3559 traditus
1069 3539 1081 3574 ,
1095 3471 1135 3556 in
1156 3503 1301 3560 carcere
1315 3474 1511 3559 miserrime
1527 3475 1598 3558 ob-

155 3580 219 3668 iit.
254 3587 469 3676 Ludovicus
489 3614 618 3681 autem
641 3590 717 3705 ipse
733 3651 745 3694 ,
762 3591 830 3706 qui
864 3590 1004 3676 nullam
1031 3592 1265 3678 occasionem
1281 3591 1595 3707 praetermittens,

161 3729 292 3788 omnes
307 3735 389 3791 suas
414 3708 658 3824 cogitationes
680 3705 922 3793 inPontificis
937 3707 1094 3794 Maximi
1115 3734 1154 3794 et
1178 3711 1228 3794 rei
1243 3709 1501 3794 ecclesiasticae
1516 3738 1593 3824 per·

157 3818 290 3905 nicicm
305 3821 547 3929 conferebat,
563 3826 700 3910 multos
714 3849 895 3938 tyrannos
909 3826 947 3908 in
960 3824 1168 3913 civitatibus
1191 3827 1431 3913 ecclesiasticis
1454 3851 1520 3912 aut
1533 3856 1594 3915 ve·

156 3960 251 4025 tetes
272 3939 534 4048 confirmavit,
550 3969 617 4029 aut
639 3945 768 4029 denuo
781 3944 1013 4059 praeposuit.
1043 3944 1159 4055 Cujus
1184 3945 1343 4030 bominis
1365 3945 1594 4058 impietatem
1609 3978 1787 4094 pprartpupp·

156 4080 239 4140 non
263 4054 383 4144 ferens
410 4059 585 4145 Clemens
610 4063 845 4176 Sextus,qui
867 4058 937 4145 fuit
959 4061 1085 4147 tertius
1110 4064 1301 4174 aJoanne
1316 4065 1439 4162 XXII.
1463 4089 1595 4149 auctor
1608 4099 1660 4148 aaa
1720 4054 1787 4148 atla·

1608 4161 1701 4210 Caesar
1717 4171 1786 4207 crea-

57 4273 60 4279 ·
156 4168 199 4257 fit
213 4234 226 4277 ,
241 4174 298 4259 uti
320 4175 478 4261 Carolus
494 4178 649 4290 Joannis
673 4179 784 4294 Regis
797 4179 1015 4295 Hungatiae
1037 4177 1131 4263 filius
1157 4178 1408 4296 designaretur
1438 4184 1592 4285 Caesar,
1613 4234 1651 4268 m
1697 4231 1786 4289 ,anm

101 4400 104 4405 Δ
157 4290 225 4402 qui
252 4293 388 4379 virtute
404 4319 444 4379 et
460 4296 595 4408 opibus
622 4297 693 4381 suis
709 4296 892 4384 Ludovici
921 4296 1116 4382 conatibus
1131 4297 1318 4383 obstaret.
1347 4304 1379 4384 Is
1406 4296 1517 4414 igitur
1545 4299 1595 4382 le·
1611 4282 1769 4391 lllllllm

156 4404 350 4519 garionem
375 4412 426 4497 ad
443 4413 642 4530 Aegidium
664 4414 969 4529 mittit,cupiens
991 4414 1136 4528 abipso
1153 4415 1381 4529 potissimum
1405 4416 1596 4502 coronari.

213 4526 283 4610 IX.
344 4532 396 4614 At
423 4562 589 4616 summus
611 4530 804 4637 Pontifex,
820 4561 870 4618 ne
884 4532 1064 4649 Aegidius
1091 4561 1178 4618 cum
1206 4533 1451 4619 incommodo
1467 4534 1518 4618 rei
1542 4560 1598 4618 ec·

157 4638 374 4730 desiasticac
390 4675 413 4729 a
430 4651 538 4734 tantis
566 4651 724 4769 negotiis
739 4675 984 4757 avocaretur,
1002 4674 1075 4736 tres
1096 4651 1309 4738 Cardinales
1332 4680 1417 4736 cum
1435 4675 1597 4766 potesta·
1711 4654 1718 4665 '

158 4779 197 4889 te
217 4790 265 4845 eo
283 4763 438 4848 nomine
467 4766 612 4852 miserat
629 4830 641 4871 ,
656 4769 723 4883 qui
749 4766 863 4883 paulo
885 4793 972 4882 post
997 4769 1177 4855 Carolutn
1197 4771 1383 4856 consecuti
1395 4799 1598 4885 pervenere

160 4903 199 4964 ua
220 4880 353 4967 urbem
369 4943 383 4989 ,
398 4880 598 5001 ipsumque
620 4884 840 4975 auctoritate
862 4887 1064 5003 apostolica
1083 4912 1382 4979 coronaverunt.
1414 4893 1474 4975 Ea
1487 4887 1599 5004 igitur

1095 5011 1174 5096 Ea
1540 5033 1600 5091 tes
