4192 5880
469 353 606 426 Aac.
643 342 1057 437 arsontro‘rrr
1089 352 1198 424 trs.
1235 355 1290 424 11.
1539 379 1580 453 3,

70 567 74 575 .
151 478 220 568 sbi
233 477 628 598 crescium-aegidius
648 474 851 582 cemebat,
868 474 983 563 etiam
1013 474 1324 583 reclamantibus,
1340 508 1424 566 eam
1448 473 1606 603 diligen.

154 603 245 689 tiam
273 598 427 686 nimiam
445 628 551 705 esse,
568 597 781 701 nonnullis,
798 595 864 713 qui
884 595 1046 683 multum
1062 596 1101 681 in
1118 597 1168 682 rei
1184 597 1345 686 militaris
1372 599 1521 688 scientia
1536 604 1602 695 sibi

149 719 385 824 tribuebant,
408 719 503 806 dum
524 717 577 803 ad
592 716 709 804 hostis
735 713 961 833 indigentiae
989 714 1235 829 suspicionem
1257 717 1352 805 illud
1375 720 1599 834 adjicerent,

149 838 227 954 ejus
252 838 453 926 exercitum
467 836 672 924 necessario
687 835 841 921 ineunte
858 834 958 922 bello
975 864 1056 921 esse
1068 835 1317 925 minuendum
1330 899 1343 943 ,
1355 840 1528 932 deductis
1551 845 1604 934 ad

146 958 378 1075 oppidorum
390 957 603 1046 custodiam
616 952 778 1041 militurn
793 953 997 1068 praesidiis.
1032 954 1182 1053 Quibus
1197 957 1402 1042 rationibus
1417 961 1602 1077 Aegidius

146 1078 373 1193 respondere
386 1076 559 1179 solebat:
574 1137 603 1182 „
616 1073 728 1160 Stulti
751 1101 830 1160 esse
844 1073 1078 1189 Imperatoris
1110 1103 1157 1163 ex
1187 1073 1306 1161 dubio
1332 1075 1448 1167 hostis
1478 1082 1600 1168 consi·

144 1192 489 1310 „lio,autfutura
507 1193 724 1280 infirmitate
739 1192 931 1308 pendere,
948 1192 1040 1279 dum
1063 1217 1188 1309 posset
1210 1194 1332 1308 ipsum
1362 1194 1600 1287 multitudine

143 1377 175 1425 „
189 1315 348 1401 rnilitum
358 1343 562 1429 superare·
583 1317 795 1400 Namcum
808 1309 963 1397 fortuna
980 1310 1064 1398 belli
1084 1313 1191 1400 nimis
1206 1338 1301 1400 esset
1319 1341 1483 1429 anceps,
1500 1311 1598 1404 diffi-

144 1434 287 1541 „cilius
304 1463 384 1519 esse
396 1435 499 1520 victo
528 1430 673 1518 bdlum
688 1459 885 1547 reparate,
900 1458 1020 1546 quam
1041 1431 1257 1527 cedentibus
1273 1433 1345 1521 suis
1361 1494 1373 1537 ,
1391 1458 1459 1519 aut
1480 1432 1597 1522 labo·

145 1550 352 1661 „rantibus
374 1548 551 1667 fessisque
576 1550 746 1667 integros
764 1573 803 1635 et
827 1574 992 1635 recentes
1022 1577 1068 1633 ex
1091 1549 1329 1635 multitudine
1357 1549 1596 1639 submittere.

145 1670 256 1776 „His
271 1670 475 1776 accedere,
491 1668 602 1784 quod
619 1667 840 1785 expugnatis
860 1667 1009 1783 oppidis
1038 1667 1217 1781 praesidia
1247 1666 1393 1782 imponi
1407 1697 1455 1752 ex
1471 1670 1596 1782 pauci·

141 1813 264 1894 „tate
278 1789 464 1875 subducta
481 1789 562 1872 sine
589 1815 734 1903 magno
754 1785 1004 1872 incommodo
1035 1812 1116 1870 non
1133 1808 1303 1904 possent.
1341 1785 1517 1900 Denique
1539 1814 1595 1874 te·

143 1966 170 2012 „
183 1907 358 1992 meritatis
375 1935 452 1992 esse
466 1905 507 1989 in
520 1905 670 1991 hostem
685 1903 925 1990 exercitatum
942 1965 955 2009 ,
968 1903 1127 1990 consilio
1156 1902 1311 1991 sortasse
1329 1931 1410 1989 non
1439 1901 1595 1991 inferio-

142 2081 172 2128 „
186 2053 288 2131 tem,
303 2023 547 2140 qualemesse
562 2021 800 2108 Malatestam
813 2083 829 2128 ,
841 2022 1001 2113 victoria
1026 2021 1135 2111 velut
1152 2023 1372 2137 explorata,
1390 2020 1549 2131 irruere,
1563 2023 1593 2112 si

144 2197 170 2247 „
184 2142 346 2227 militurn
362 2169 523 2227 numero
534 2141 714 2255 supereris
727 2146 780 2223 .“
1485 2213 1490 2217 ,

200 2263 252 2344 V.
312 2263 402 2344 Hoc
414 2259 509 2344 inito
524 2258 1009 2375 ·eonsilio,petUmbriam
1025 2258 1252 2378 latiumque
1275 2257 1502 2348 delectumh

146 2374 295 2489 tijubet
310 2444 321 2480 ‚
335 2404 382 2464 ut
397 2377 692 2463 omniameunte
704 2406 796 2466 vete
814 2379 867 2463 ad
890 2377 1030 2464 bellum
1046 2380 1085 2463 in
1099 2379 1276 2464 Picenum
1293 2375 1590 2464 transferendum

141 2520 262 2581 essent
293 2482 533 2612 comparata.
561 2501 706 2582 Interea
718 2493 915 2581 Tudertini
940 2525 1006 2612 per
1037 2496 1180 2613 legatos
1210 2497 1391 2611 imperata
1424 2492 1589 2582 facturos
1600 2506 1782 2618 ,ffl‘rm

140 2613 318 2725 polliciti,
333 2639 489 2700 centum
509 2614 651 2728 equites
664 2644 753 2699 cum
768 2612 848 2727 pari
862 2642 1023 2715 numero
1046 2614 1216 2728 peditum
1232 2613 1394 2702 subsidio
1410 2613 1583 2716 mittunt.
1709 2608 1716 2623 ’

139 2729 210 2814 His
230 2732 339 2816 rebus
354 2757 469 2818 aucto
487 2761 681 2839 numero,
700 2762 746 2818 ex
771 2731 933 2816 hibernis
953 2732 1079 2845 copias
1091 2732 1243 2818 deducit
1260 2765 1269 2817 ε
1288 2761 1450 2849 quarum
1470 2763 1588 2847 parva

137 2872 244 2961 parte
269 2848 335 2933 sibi
363 2849 671 2964 relicta,reliquis
684 2849 859 2934 Blascum
873 2850 1112 2936 Fernanclum
1140 2848 1304 2965 praeficit
1318 2880 1329 2953 3
1345 2849 1523 2965 jubetque
1546 2852 1587 2939 in

137 2964 352 3053 flaminiam
386 2969 638 3082 Picenumque
664 2964 797 3053 inferre
824 2970 958 3083 signa,
986 2991 1024 3052 et
1056 2976 1153 3083 quae
1186 2967 1263 3052 fieri
1294 2967 1432 3073 vellet,
1451 2968 1586 3076 docet,

137 3081 257 3169 Hunc
286 3111 329 3171 ut
348 3090 478 3172 Petrus
494 3087 710 3194 Fatnesius,
728 3081 938 3171 Bonifacius
964 3085 1252 3192 Urbevetanus‚
1281 3086 1466 3171 Henricus
1496 3091 1585 3173 Fes-

138 3231 206 3308 sa,
224 3203 292 3289 viri
324 3205 466 3290 nobiles
495 3222 541 3289 et'
560 3205 669 3290 armis
695 3203 880 3289 exercitati
908 3204 1217 3318 subsequantur,
1249 3203 1425 3319 impetat.
1460 3203 1584 3317 Hujus

137 3316 377 3433 profectionis
402 3318 601 3408 famatum
626 3322 812 3407 celerrime
822 3321 998 3406 Picenum
1017 3344 1056 3406 et
1079 3321 1292 3406 Flaminiam
1316 3317 1585 3438 permanasset,

139 3437 246 3523 multi
264 3467 310 3523 ex
324 3441 491 3553 tyrannis
507 3470 573 3557 per
599 3439 762 3529 occultas
778 3439 981 3555 legationes
996 3464 1062 3525 aut
1089 3438 1224 3526 litteras
1247 3465 1377 3553 pacem
1394 3502 1407 3546 ,
1422 3439 1481 3524 alii
1508 3440 1582 3528 aliis

136 3556 414 3644 conditionibus
438 3560 487 3643 ab
502 3558 662 3676 Aegidio
679 3559 888 3673 petierunt.
918 3559 1098 3654 Quorum
1126 3558 1206 3643 duo
1234 3556 1391 3651 maxime
1413 3557 1582 3670 opulenti

141 3672 364 3788 Rodulphus
394 3677 636 3782 Camerinus,
651 3700 689 3761 et
713 3675 937 3761 lsmeducius
961 3675 1150 3763 Severinas
1167 3737 1179 3782 ,
1198 3675 1338 3762 etiamsi
1365 3675 1581 3762 societatem
1622 3722 1773 3782 toruum

134 3787 292 3878 inierant
314 3822 402 3881 cum
416 3795 646 3899 Malatestis,
662 3818 768 3880 metu
792 3817 917 3879 tamen
935 3794 1113 3908 perterriti
1128 3793 1323 3879 indubitati
1350 3794 1502 3906 periculi
1529 3796 1578 3882 de
1591 3781 1773 3891 balal?

139 3907 333 3997 deditione
363 3912 554 3998 occultum
576 3913 755 3999 miserunt
776 3912 972 3996 nuntium.
1003 3915 1105 3996 Cum
1119 3910 1322 3997 Camerino
1338 3911 1487 3997 Blascus
1513 3941 1579 4028 ap·
1592 3904 1724 4015 {iffi
1741 3915 1769 3954 ⁵⁰

130 4029 429 4145 propinquaret,
448 4030 697 4144 Rodulphus,
713 4032 862 4144 Joanne
887 4025 999 4115 fratre
1021 4027 1169 4148 longius
1184 4028 1406 4145 praemisso,
1422 4029 1498 4145 ipse
1528 4032 1579 4120 ad
1607 4039 1609 4043 ’

129 4143 216 4230 duo
243 4147 354 4232 millia
369 4179 544 4262 passuum
564 4150 718 4236 obviam
734 4147 993 4265 progreditur,
1016 4172 1130 4266 atque
1153 4148 1190 4233 in
1219 4146 1349 4232 urbem
1380 4176 1468 4233 eum
1491 4177 1578 4234 cum

136 4263 298 4349 exercitu
313 4266 538 4372 introducit,
556 4268 752 4382 ipsumque
782 4297 870 4352 cum
902 4267 1047 4382 oppidis
1070 4297 1113 4352 ac
1127 4265 1279 4352 castellis
1307 4265 1579 4378 subjacentibus

136 4375 214 4490 ejus
231 4386 404 4493 potestati
424 4385 623 4501 permittit.
658 4386 776 4471 Paulo
804 4410 891 4501 post
905 4386 1063 4471 Gentilis
1083 4415 1239 4502 quoque
1256 4384 1446 4470 Molianus
1479 4385 1578 4472 Blas-

133 4523 222 4581 cum
234 4500 471 4591 Fernandum
488 4535 576 4591 cum
599 4505 760 4592 exercitu
771 4506 934 4590 firmum
950 4504 1119 4610 admisit,
1135 4504 1244 4619 eique
1265 4502 1449 4620 oppidum
1467 4504 1578 4592 tradi·

135 4614 191 4700 dit
209 4647 219 4699 :
236 4645 322 4703 arce
337 4645 464 4707 tamen
487 4624 750 4711 inadventum
768 4623 913 4740 Aegidii
929 4621 995 4709 sibi
1020 4648 1224 4709 reservata.

192 4736 260 4820 VI.
320 4738 392 4825 His
408 4741 515 4826 rebus
530 4745 666 4858 gestis,
683 4741 846 4828 necdum
865 4766 993 4829 tamen
1008 4742 1207 4828 Avenione
1229 4739 1430 4845 nuntiatis,
1449 4737 1581 4829 allatae
1682 4754 1686 4760 '
1740 4843 1743 4851 q

133 4878 230 5055 sun}
244 4885 268 4939 a
282 4856 465 5063 Pppdfioe
482 4860 621 4947 litterae
636 4923 649 4971 ,
665 4891 714 4948 ne
735 4861 914 4981 Aegialus
937 4862 987 4969 'ab
1010 4860 1167 4952 Umbria
1197 4884 1464 4976 promoveret,
1485 4891 1579 4976 quo

230 5000 299 5061 om.
365 5041 376 5063 .
461 5004 463 5006 ·
905 5052 906 5058 i
1173 4983 1210 5068 E
1515 4973 1582 5061 mi·
