4050 5858
468 413 547 467 am
713 408 830 469 .·ι
970 382 1400 460 GONSALUS
1808 456 1811 461 ,

443 515 547 615 'edisse
557 513 701 614 videar.
719 508 870 629 Maiora
885 535 973 600 sunt
982 535 1056 598 rua
1071 513 1355 631 merita,quam
1370 533 1416 597 ut
1429 501 1685 599 adulationem
1700 505 1915 627 patiantur»

444 639 618 733 ·XIX.
665 638 800 720 Gous.
836 630 930 752 Ego
956 661 1051 721 vero
1070 691 1085 740 ,
1102 633 1276 747 Jacobe,
1302 657 1568 748 quaecumque
1592 628 1696 717 bello
1721 629 1783 721 vel
1812 660 1913 747 pace

451 755 575 875 gessi,
591 782 690 870 quae
713 751 1005 870 qualiacumque
1033 778 1151 865 sunt,
1171 777 1273 841 certe
1293 752 1410 869 longe
1435 743 1645 834 inferiora
1635 749 1711 835 istis
1730 751 1915 839 laudibus

450 904 530 961 esse
560 901 782 990 cognosco,
812 872 865 956 ira
886 871 1063 987 equidem
1095 872 1217 989 gessi,
1232 896 1278 957 ut
1308 894 1453 987 praeter
1479 867 1717 955 honestatem
1752 893 1792 955 et
1851 870 1912 957 lo·

454 993 558 1081 riam
569 991 661 1099 nihil
677 1021 732 1085 ex
749 992 866 1085 rebus
895 992 1069 1090 humanis
1094 990 1185 1091 mihi
1217 988 1280 1079 vel
1308 987 1569 1105 quaerendum
1602 986 1664 1074 vel
1692 901 1913 1105 optantium

454 1137 650 1245 putarem.
666 1112 773 1227 Opes
800 1109 901 1197 enim
925 1137 967 1198 et
984 1111 1152 1198 honores
1176 1108 1404 1244 divitiaeque
1432 1135 1514 1193 non
1546 1132 1634 1193 sunt
1660 1104 1721 1192 illa
1736 1108 1912 1225 quidem,

455 1230 486 1314 si
500 1253 733 1344 sequantur,
755 1228 967 1316 admodum
993 1229 1260 1346 repudianda,
1282 1228 1435 1343 quippe
1465 1223 1603 1340 quibus
1634 1225 1754 1340 adjuti
1775 1226 1913 1345 optimi

450 1346 528 1445 ¹viri
558 1377 615 1434 res
642 1346 854 1434 clarissimas
864 1375 1049 1484 gessere.
1084 1349 1143 1435 At
1170 1345 1239 1433 ubi
1267 1346 1330 1434 vel
1358 1347 1536 1431 honestas
1569 1344 1633 1434 vel
1655 1344 1779 1462 gloria
1811 1373 1915 1463 prae·

451 1465 716 1580 ponderabit,
746 1462 893 1582 magnis
922 1465 1128 1585 erectisque
1161 1463 1294 1551 animis
1325 1493 1400 1580 pro
1427 1462 1545 1549 ndrilo
1576 1490 1688 1550 erunt
1715 1466 1917 1600 habenda.

458 1585 551 1696 Jac.
580 1589 669 1700 Ego
690 1612 813 1688 verr),
829 1583 1204 1700 Gonsale,quid1n
1225 1583 1302 1670 hac
1325 1582 1546 1699 quaestione
1576 1612 1709 1671 verum
1742 1585 1787 1671 sit
1802 1646 1819 1692 ,
1833 1583 1918 1696 jam

455 1700 554 1797 ιιίΙιίΙ
574 1701 750 1821 ambigo.
782 1707 887 1789 Nam
903 1731 971 1793 tua
986 1704 1077 1790 mihi
1093 1702 1294 1793 auctoritas
1312 1731 1384 1838 pro
1410 1730 1558 1787 summa
1574 1702 1716 1789 rarione
1731 1728 1805 1790 est.
1825 1700 1920 1801 Qui

455 1843 588 1907 recum
616 1850 679 1907 me
708 1821 861 1907 hercule
883 1822 947 1913 vel
971 1851 1096 1909 errare
1117 1823 1245 1908 malim
1270 1820 1380 1907 hoc
1371 1851 1411 1906 tn
1440 1820 1529 1905 loeo
1546 1850 1693 1937 ,quam
1719 1850 1807 1909 cum
1834 1819 1919 1907 aliis

458 1939 590 2025 multis
614 1964 715 2026 reete
739 1941 897 2026 sentire.
925 1941 1077 2028 Nam
1049 1973 1079 2029 ιι
1093 1969 1198 2027 error
1214 1963 1269 2027 est
1285 1939 1382 2053 ,qui
1414 1938 1507 2024 tales
1533 1965 1739 2056 tantosque
1769 1937 1918 2026 fructus

463 2053 598 2144 afferre
615 2057 737 2164 solet,
754 2057 987 2196 precandum
1012 2082 1107 2146 esset
1122 2056 1383 2174 ,summisque
1405 2056 1505 2145 votis
1531 2062 1749 2172 oprmdum
1773 2056 1860 2143 ab
1848 2086 1919 2142 rm·

461 2174 615 2268 mortali
639 2173 760 2289 Deo,
774 2199 819 2267 ιιι
834 2176 949 2267 boc
940 2207 979 2264 tn
1009 2179 1134 2293 primis
1161 2205 1288 2265 errore
1309 2199 1444 2262 omnes
1469 2175 1672 2283 honines,
1700 2174 1920 2310 praesertim

461 2293 537 2407 qui·
558 2275 708 2408 publico
729 2237 905 2431 :liquos
900 2313 1112 2415 unguntur
1121 2324 1303 2400 munere,
1319 2293 1599 2379 imbuerentur
1633 2289 1710 2380 Sed
1729 2291 1921 2409 quoniam

466 2410 651 2546 plerique
659 2438 748 2499 sunt
764 2442 873 2528 ,qm
848 2408 1130 2520 dissentiant,
1146 2415 1273 2520 adeo,
1290 2437 1333 2498 ur
1350 2441 1400 2498 ne
1415 2437 1585 2503 auctores
1599 2411 1757 2525 quidem
1787 2406 1921 2498 delite-

461 2527 543 2620 rint
560 2592 572 2636 ,
587 2561 655 2647 qur
642 2528 788 2617 libros
813 2529 1017 2647 scripserint
1034 2533 1084 2621 de
1105 2474 1387 2618 conremiaenda
1409 2529 1562 2647 gloria:
1579 2556 1797 2648 pergratum
1822 2554 1925 2618 esset

463 2646 591 2753 mihi,
620 2648 769 2753 credo,
791 2673 830 2734 ιι
852 2649 941 2733 huic
974 2655 1116 2754 Petro,
1144 2651 1299 2785 quicum
1326 2670 1437 2762 saepe
1468 2671 1558 2733 anre
1586 2647 1635 2734 de
1666 2650 1921 2750 haeresum

466 2764 710 2871 collocutus,
723 2795 770 2852 ex
789 2788 828 2852 te
850 2765 1017 2872 audire,
1033 2767 1169 2884 quid”
1148 2799 1189 2853 ns
1218 2767 1583 2880 respondeas,quae
1608 2790 1742 2852 contra
1768 2766 1840 2862 dici
1856 2797 1922 2852 so-

279 2880 576 3112 ll.
586 2828 852 3093 illidi
862 2882 1725 3135 dlhdthffirrlldhlrai
1738 2882 1925 3118 {thir

278 3015 449 3187 {medii
466 3122 588 3208 dam.
616 3120 769 3208 Deinde
796 3119 999 3238 gloriosum
1025 3065 1229 3211 hominein
1252 3119 1475 3237 appellare
1466 3147 1505 3204 in
1536 3120 1682 3234 probris
1711 3147 1821 3223 esse,
1837 3149 1925 3215 non

469 3237 511 3324 in
533 3238 733 3327 laudibus.
761 3239 859 3354 quid
885 3263 1015 3326 autem
1044 3269 1126 3327 esse
1124 3238 1352 3376 ⁸gloriosum
1378 3236 1603 3343 bominem,
1618 3238 1685 3324 nisi
1674 3236 1844 3354 gloriae
1860 3269 1927 3354 ap·

469 3367 691 3494 petentem?
718 3355 922 3444 Gloriam
913 3359 1024 3495 igituir
1054 3359 1179 3475 potius
1203 3386 1283 3443 esse
1302 3355 1644 3450 contemnendam
1675 3361 1781 3440 Tum
1807 3385 1923 3470 appe·

471 3476 606 3568 titione
630 3474 770 3593 gloriae
786 3475 884 3562 bella
910 3476 1017 3562 omni
1040 3502 1142 3594 peste
1167 3476 1341 3565 humano
1368 3474 1497 3591 generi
1520 3472 1783 3588 perniciosiora
1810 3502 1924 3560 exor-

468 3605 512 3686 ha
546 3624 656 3709 saepe
686 3590 796 3680 luisse
827 3593 1088 3683 contendunt.
1119 3594 1184 3683 nd
1207 3595 1303 3680 haec
1327 3592 1466 3678 multos
1490 3593 1923 3707 commemorant,qu1,

469 3713 567 3804 ,dum
594 3742 644 3800 nc
672 3712 864 3799 minimam
890 3714 1046 3829 quidem
1075 3712 1254 3831 gloriae
1244 3739 1422 3824 jacturam
1447 3708 1569 3796 facere
1595 3710 1833 3817 νοΙιιίιιιιιι,
1849 3709 1925 3798 flo-

471 3855 597 3917 rentes
625 3830 847 3946 respublicas
877 3855 1077 3919 evertere:
1099 3856 1138 3916 er
1164 3829 1550 3918 lacedaemoniorum
1579 3828 1716 3914 ducem
1743 3771 1927 3916 Callicra-

470 3947 591 4036 tidem
610 3978 689 4035 non
711 3948 867 4034 caruisse
891 3947 986 4063 iusta
1017 3949 1331 4065 reprehensione,
1347 3977 1413 4064 qua
1401 3945 1741 4050 consulentibus,
1763 3970 1808 4030 ut
1822 3945 1924 4033 clas·

471 4096 554 4183 ιιιιι
578 4066 630 4151 ab
656 4067 853 4202 Arginusis
875 4093 1088 4154 removeret
1103 4130 1115 4174 ,
1133 4097 1215 4153 nec
1225 4097 1316 4154 cunt
1330 4065 1659 4204 Atheniensibusp
1659 4006 1770 4152 raclio
1785 4061 1925 4152 decer·

471 4208 581 4275 neret
594 4184 832 4300 ,respondit,
840 4182 1386 4294 Lacedaemonios,dasseilla
1400 4186 1557 4290 amissa,
1569 4184 1678 4272 aliam
1692 4211 1822 4300 parare
1838 4214 1925 4298 pos·

476 4331 542 4405 se,
568 4330 608 4387 ιι
632 4299 855 4419 fugeremne
881 4335 952 4391 suo
979 4304 1165 4391 dedecore
1192 4333 1273 4391 non
1308 4333 1439 4419 posse.
1472 4304 1637 4391 Sedhoc
1652 4302 1791 4393 vulnus
1807 4307 1926 4389 Lace·

471 4419 682 4508 daemoniis
700 4421 835 4507 haud
826 4448 878 4508 ιιι
893 4452 1076 4559 magnum
1092 4419 1229 4527 fuisse,
1245 4422 1335 4509 illud
1351 4418 1564 4537 pestiferum
1580 4483 1593 4528 ,
1607 4451 1714 4539 quo,
1730 4449 1818 4505 cum
1840 4419 1925 4508 Cle·

471 4538 674 4625 ombrorus
699 4536 939 4624 invidiam
912 4566 1076 4646 umens,
1103 4564 1243 4627 temere
1271 4570 1361 4628 cum
1378 4541 1662 4658 Epaminonda
1667 4537 1924 4645 eonflbcisset,

469 4655 642 4770 ipsorum
666 4666 759 4772 o'pes
778 4683 1020 4793 corruerunt.
1054 4663 1201 4747 Contra
1229 4690 1348 4767 νιιο,
1379 4661 1541 4759 Q..Fab
1559 4660 1774 4748 Μιιίιιιιιιιι
1804 4656 1925 4746 laudi·

398 4774 550 4862 ,b'us
564 4773 714 4882 efferri,
742 4773 809 4891 qui
837 4774 927 4861 nhil
950 4777 1110 4865 solicitus
1127 4779 1248 4894 ,quid
1265 4779 1314 4867 de
1344 4807 1382 4865 se
1397 4779 1569 4866 homines
1579 4780 1836 4916 loquerentur
1864 4805 1926 4866 ex·

466 4892 733 4986 istimarentve
747 4893 1042 5014 ,rempublicam
1066 4897 1239 4991 amissam
1253 4899 1433 5015 Romanis
1451 4896 1630 4991 restitutit
1663 4901 1803 5115 Atque
1829 4897 1928 4984 haec

466 5067 472 5078 .
1808 5014 1933 5136 qur.
