4034 5858
511 398 582 496 μέ
967 395 1443 472 DEMOCRATES

410 543 412 549 ’
472 528 474 531 ’
496 585 498 587 >
547 518 727 611 XXXIII.
750 556 752 563 ’
770 515 861 610 Ilm
874 514 1045 608 'Ast-enm
1060 518 1193 605 scimus
1207 517 1309 606 viros
1324 518 1466 608 multos
1492 517 1645 608 illustres
1660 547 1698 609 et
1714 516 1882 639 probos,
1898 545 1940 615 ut

489 645 631 763 probos
651 642 812 730 solemus
834 636 1020 755 appellare
1036 699 1049 744 ‚
1065 637 1133 754 qui
1157 635 1426 725 minimisvitiis
1453 639 1717 752 implicantur,
1732 643 1829 728 hanc
1844 648 1941 732 enirn

296 790 354 844 urs.
367 798 446 871 sur.
454 798 478 848 s·
490 793 572 849 non
592 761 750 848 suntad
775 759 907 849 vivum
934 757 1162 862 resecanda,
1191 783 1276 841 nam
1293 762 1410 840 vitiis
1442 783 1542 841 nemo
1568 767 1648 842 sine
1673 770 1846 846 nascitur
1866 825 1879 869 ,
1897 791 1938 851 ut

439 925 449 930 ··
492 882 544 969 ait
556 881 736 967 Horatius
750 941 762 984 ,
778 878 923 994 aliquos
949 876 1060 991 iginus
1085 873 1176 961 tales
1206 875 1281 988 jam
1306 874 1571 991 accepimuset
1585 877 1746 965 vidimus
1764 941 1777 983 ,
1795 910 1873 965 non
1889 882 1940 967 di·

493 1030 542 1087 co
562 1001 714 1112 injuriae
739 994 994 1082 obliterandae
1016 994 1134 1112 gratia
1151 1052 1164 1098 ,
1182 993 1248 1079 sed
1265 992 1358 1099 'solo
1373 992 1493 1079 laudis
1517 1023 1646 1081 amore
1671 1021 1819 1110 praeter
1832 998 1937 1086 istam

493 1118 808 1234 philosophorum
832 1141 1005 1199 normam
1028 1112 1189 1197 maxima
1211 1110 1374 1227 pericula
1391 1137 1457 1217 ,et
1471 1111 1571 1226 quae
1591 1137 1771 1227 poterant
1795 1119 1843 1203 ab
1858 1116 1938 1231 ipsis

494 1238 572 1323 sine
601 1235 753 1320 crimine
785 1258 852 1318 aut
874 1255 967 1316 nora
984 1229 1171 1347 praeteriri
1188 1290 1201 1335 ‚
1218 1229 1438 1344 suscepisse.
1460 1233 1518 1316 Ut
1534 1229 1635 1316 enirn
1662 1256 1810 1319 taceam
1826 1235 1940 1321 Athe·

495 1355 676 1439 niensium
694 1414 707 1459 ‚
724 1349 1109 1436 lacedaemoniorum
1136 1351 1476 1463 Romanorumque
1490 1373 1618 1436 vetera
1637 1353 1832 1468 exempla,
1845 1383 1940 1469 quae

497 1499 584 1582 sunt
610 1471 752 1588 scriptis
776 1469 1000 1555 disertorum
1025 1465 1225 1554 hominurn
1241 1470 1389 1551 Graece
1414 1491 1454 1550 et
1478 1466 1611 1553 latine
1636 1469 1848 1576 celebrata,
1866 1502 1938 1559 me-

497 1618 645 1675 morate
672 1617 818 1704 possem
842 1588 1101 1701 Ibspanorum
1122 1582 1334 1700 complures
1359 1583 1468 1696 hujus
1489 1586 1541 1670 rei
1555 1585 1866 1700 locupletissimos
1890 1616 1940 1676 te·

498 1733 572 1813 stes
598 1708 801 1795 memoriae
830 1704 1041 1813 recentioris
1057 1702 1125 1811 ‚in
1153 1704 1352 1820 primisque
1380 1701 1574 1788 illustrium
1598 1700 1824 1792 familiarum
1844 1707 1955 1795 viros,

333 1848 485 1898 nmmo
496 1827 747 1913 'Emanuelem
773 1823 977 1927 Leonem,
995 1847 1034 1909 et
1062 1827 1219 1908 Suerum
1247 1821 1511 1938 Quignonium
1526 1883 1538 1926 ,
1554 1848 1718 1936 quotum
1737 1885 1753 1930 ‚
1770 1848 1816 1910 ut
1844 1854 1955 1912 acce·¹

306 1905 400 1957 Leonis
426 1940 435 1967 ‚
460 1918 486 1954 et
524 1945 533 1963 ,

208 2020 210 2025 ,
306 1969 395 2040 suen„
424 1967 483 2028 Qui·
498 1977 649 2060 prmus,
682 1943 870 2028 Emanuel
897 1964 1075 2054 patrum,
1105 1940 1165 2029 vel
1194 1963 1322 2025 nostra
1347 1940 1472 2054 ponus
1501 1941 1683 2026 memoria
1714 1941 1753 2026 in
1779 1940 1941 2030 Afiicarn

306 2031 484 2137 Vuimisiiiiss
498 2064 641 2176 traiecit
658 2061 718 2146 ad
744 2059 977 2177 quaerendas
1001 2055 1119 2142 laudis
1151 2057 1365 2144 occasiones
1380 2118 1394 2161 ,
1408 2085 1454 2142 ac
1480 2057 1529 2142 de
1554 2086 1661 2144 more
1692 2058 1833 2146 indicto
1866 2061 1943 2148 bel·

306 2158 344 2197 ἰ
497 2179 568 2285 1ορ
594 2209 660 2295 per
686 2179 897 2266 universam
920 2175 1187 2262 Mauritaniam
1206 2171 1453 2260 fortissimum
1474 2204 1667 2291 quemque
1688 2178 1734 2263 ad
1754 2176 1942 2295 singulare

496 2303 688 2384 certamen
714 2294 963 2413 provocavitr
985 2323 1084 2410 quae
1109 2288 1210 2378 fama
1233 2317 1273 2379 et
1302 2291 1504 2378 aemulatio
1530 2322 1690 2380 cumex
1712 2319 1795 2381 tota
1818 2325 1942 2413 paene

498 2414 624 2504 Africa
649 2412 1030 2501 multosfortissimos
1056 2410 1158 2498 vitos
1178 2410 1221 2494 iu
1249 2411 1379 2497 locum
1407 2417 1558 2527 pugnae
1589 2410 1817 2499 destinatum
1845 2443 1943 2503 evo·

498 2561 616 2621 canet
632 2596 645 2641 ,
662 2562 804 2649 septem
830 2529 982 2618 devictis
1014 2555 1053 2615 et
1080 2529 1310 2615 obtruncatis
1334 2528 1507 2641 (ceteros
1537 2527 1635 2613 enim
1666 2532 1816 2646 periculi
1843 2562 1941 2619 mor·

499 2653 621 2767 risque
640 2651 827 2736 certitudo
854 2679 877 2734 a
900 2677 1029 2764 pugna
1057 2646 1265 2760 deterruit)
1292 2645 1568 2761 inHispaniam
1591 2674 1680 2732 cum
1703 2680 1851 2736 summa
1867 2645 1943 2736 lauss

498 2770 550 2855 de
582 2769 799 2854 occisorum·
814 2765 935 2881 capita
951 2827 963 2871 ,
981 2792 1081 2879 quae
1102 2763 1295 2879 nospueri
1307 2764 1557 2877 spectavimus
1571 2764 1714 2880 Hispali
1729 2829 1743 2872 ,
1759 2767 1794 2853 in
1812 2769 1943 2854 trium·

318 2949 322 2956 .
378 2951 382 2960 .
422 2932 449 2961 ·.
499 2885 620 3001 phum
635 2886 788 2973 ducens
817 2883 1019 2983 remeavit.
1051 2886 1188 2967 Suetus
1209 2908 1337 2967 autem
1365 2880 1608 2998 Quignonius
1636 2885 1769 2971 eadem
1796 2886 1940 3002 cupidi·

499 3028 578 3090 tate
606 3005 798 3119 ingens‘et
826 3001 941 3087 animi
966 3025 1006 3087 et
1032 3000 1199 3116 corporis
1220 3000 1336 3085 robur
1355 3000 1596 3117 ostentandi,
1614 3031 1778 3090 avorum
1799 3034 1943 3091 memo

498 3121 553 3208 ria
578 3122 730 3206 ineunte
760 3112 895 3227 anno,
921 3147 1002 3235 quo
1031 3143 1112 3204 erat
1138 3116 1416 3232 Compostellae
1432 3116 1599 3230 Jubileus
1628 3119 1678 3206 de
1708 3151 1817 3208 more
1847 3124 1938 3209 cele·

498 3237 693 3344 brandus,
710 3267 788 3353 qua
809 3239 870 3325 via
886 3233 1182 3351 Compostellam
1206 3259 1262 3320 est
1276 3235 1475 3352 peregrinis
1498 3261 1704 3323 exterarum
1728 3240 1938 3346 nationum,

497 3385 597 3471 quos
620 3355 757 3472 religio
783 3355 877 3442 solet
898 3351 1110 3469 frequentes
1130 3353 1277 3467 excite,
1301 3378 1459 3467 pontem
1475 3353 1602 3441 Urbici
1620 3355 1739 3441 amnis
1764 3359 1817 3444 ad
1834 3365 1941 3447 Astu·

495 3475 591 3559 riam
619 3471 804 3560 ctutodire
835 3473 991 3578 statuit,
1011 3470 1083 3559 hac
1114 3471 1197 3588 lege
1225 3470 1431 3559 viatoribus
1462 3472 1653 3593 proposita
1670 3536 1682 3581 ‚
1699 3500 1746 3561 ut
1775 3477 1940 3593 quisquis

496 3593 612 3679 vellet
635 3591 787 3680 transire
817 3614 974 3709 pontem
991 3589 1090 3696 ,vel
1121 3620 1160 3675 se
1191 3587 1298 3706 quasi
1327 3590 1469 3678 victum
1498 3614 1537 3676 et
1568 3591 1704 3681 vitnr'te
1729 3590 1941 3681 inferiorem

406 3746 411 3751 ·
495 3711 591 3797 dato
619 3709 844 3796 munusculo
875 3707 1109 3825 profiterentt
1125 3771 1138 3815 ‚
1154 3733 1247 3823 puta
1271 3707 1433 3815 calcati,
1462 3737 1530 3795 seu
1561 3709 1777 3798 chirotheca
1796 3714 1888 3802 :vel
1914 3713 1941 3798 si

496 3827 573 3914 hoc
597 3828 760 3916 alienum
785 3828 939 3914 duceret
963 3856 1029 3912 sua
1056 3827 1173 3943 gloria
1199 3855 1239 3912 et
1270 3826 1479 3943 dignitate,
1497 3854 1578 3913 non
1591 3828 1706 3916 aliter
1724 3890 1738 3935 ‚
1753 3860 1871 3946 quarn
1888 3831 1952 3918 vi·ss

493 3967 558 4034 cto
573 3948 730 4034 custode
746 3947 993 4060 transiturus,
1008 3944 1181 4061 singulari
1204 3973 1241 4030 se
1255 3945 1415 4059 pedestri
1430 4005 1443 4051 ‚
1460 3974 1527 4031 seu
1539 3945 1666 4034 mallet
1681 3950 1843 4064 equestri
1856 3975 1939 4055 cer<

491 4062 623 4149 tamini
645 4088 879 4180 compararet
896 4125 909 4170 ,
925 4064 976 4150 ad
991 4063 1099 4177 quod
1120 4062 1179 4149 ille
1200 4091 1304 4149 arma
1320 4063 1464 4179 generis
1478 4063 1628 4172 omnis,
1647 4090 1686 4157 et
1702 4095 1819 4182 equos
1848 4066 1941 4152 utri·

491 4211 569 4296 que
597 4208 748 4296 paratos
779 4181 941 4271 habebat
959 4196 1067 4296 :quo
1090 4179 1190 4266 bello
1222 4180 1367 4294 publice
1395 4210 1461 4296 pet
1496 4182 1739 4272 nobilissimas
1765 4182 1938 4289 Galliae,

491 4302 719 4386 Germaniae
735 4300 1022 4415 Britanniaeque
1046 4298 1211 4385 civitates
1237 4298 1406 4404 indicto,
1427 4298 1536 4384 multi
1548 4298 1736 4401 fortissimi
1751 4303 1823 4389 viri
1844 4332 1938 4389 con-

490 4414 661 4522 fluxere,
686 4448 851 4532 quorum
875 4448 991 4505 nemo
1018 4441 1175 4533 pontem
1206 4417 1360 4503 transire
1388 4419 1577 4523 tentavit,
1594 4448 1709 4534 quem
1734 4448 1819 4506 non
1847 4426 1935 4506 Sue-

489 4564 553 4621 rus
577 4556 644 4621 aut
670 4534 843 4622 devicerit
870 4532 1126 4657 (quibusdam
1152 4533 1265 4621 etiarn
1287 4534 1519 4650 irstetemtls)
1545 4560 1613 4625 aut
1636 4536 1875 4627 deditionem
1888 4536 1936 4624 fa·

359 4650 361 4658 ’
486 4681 573 4739 cere
601 4682 648 4739 ex
677 4653 766 4770 legis
794 4654 1018 4769 praescripto
1046 4653 1236 4769 co'e'gerit.
1327 4742 1329 4745 ,
1364 4701 1371 4713 ,
1532 4744 1536 4748 ,
1965 4672 1969 4682 ’

539 4773 730 4857 XXXIV
769 4777 879 4858 Dru.
893 4770 1004 4858 Tales
1018 4774 1204 4887 quosdam
1220 4770 1477 4861 ex'illustribus
1491 4773 1578 4862 viris
1593 4774 1787 4882 exstitisse,
1805 4778 1873 4895 qui
1888 4776 1935 4864 ad

487 4889 654 5009 egregias
667 4891 833 5013 corporis
849 4888 1037 5013 animique
1053 4890 1147 4982 vires
1162 4894 1426 5000 onentandas,
1440 4889 1600 5008 afecrata
1616 4895 1936 5012 popularilaudq

1854 5042 1939 5135 ‘1¹¹²‘
