4192 5880
460 387 1305 493 ursunuonomsouossrausrs.
1537 415 1578 511 s,

149 543 347 652 condIdit,
363 544 467 658 ct'tjus
490 542 664 658 exemplo
675 565 798 628 cetera
822 540 862 625 in
877 538 1058 655 Hispania
1072 538 1227 623 condita
1248 536 1355 626 fuisse
1372 566 1450 627 non
1479 564 1604 654 potest

146 663 323 752 dubitati.
358 667 473 750 Certe
498 663 561 776 Jo.
591 670 770 776 Luppum
793 661 843 746 de
861 658 1000 744 Mitina
1017 718 1031 762 ,
1050 658 1173 744 virum
1199 687 1388 743 summum
1423 683 1463 744 et
1488 688 1604 746 num·

143 810 263 899 quam
283 780 366 868 satis
397 782 620 885 laudatum,
637 778 703 892 qui
728 779 767 862 in
798 776 947 863 ecclesia
978 777 1186 892 Saguntina
1212 776 1504 864 Archidiaconus
1532 775 1604 864 fuit

146 903 196 988 de
211 902 420 1006 Almazan,
436 901 513 986 hoc
533 921 703 1014 spectato
728 895 888 1012 collegio
905 957 917 1000 ,
932 924 1020 980 ctum
1045 896 1189 1010 legatus
1218 923 1242 979 a
1269 898 1375 1010 Rege
1401 897 1602 1010 Hispaniae

145 1018 197 1104 ad
234 1016 456 1105 Pontificem
484 1016 699 1104 Bononiam
724 1014 953 1117 divertisset,
970 1014 1021 1099 ad
1039 1012 1117 1125 ejus
1138 1008 1300 1098 formam
1331 1037 1478 1099 constat
1494 1014 1600 1100 colle
1630 1035 1792 1096 secuntum

1616 1098 1750 1158 collegium
1781 1129 1792 1155 ,

145 1137 255 1254 giom
294 1135 595 1222 commodissime
630 1131 742 1218 ternis
766 1132 870 1219 denis
899 1130 1119 1217 scholasticis
1150 1129 1272 1216 studia
1298 1130 1512 1248 theologiae
1539 1161 1600 1217 ae·
1614 1159 1685 1267 curdus
1704 1159 1792 1267 spur-

144 1253 379 1340 mulantibus
390 1255 555 1340 statuisse
573 1252 610 1336 in
631 1249 848 1337 suburbano
863 1248 1063 1366 Saguntiae
1091 1248 1179 1334 loeo
1194 1248 1243 1333 ab
1262 1247 1461 1334 bominum
1486 1276 1600 1337 coetu
1613 1231 1679 1328 iis?
1737 1228 1791 1266 '¹¹'

146 1374 334 1487 omnique
360 1372 470 1456 rurba
486 1432 498 1477 ,
513 1394 557 1456 ut
579 1368 832 1485 philosophos
864 1369 1000 1473 decet,
1016 1366 1214 1482 seposito:
1243 1365 1346 1479 cujus
1374 1395 1445 1453 nos
1474 1367 1596 1455 adole·

144 1513 291 1579 scentes
303 1488 466 1604 aliquam
485 1513 629 1604 partem
643 1483 753 1573 fuisse
772 1516 852 1572 non
873 1486 994 1571 modo
1009 1514 1090 1569 non
1105 1483 1289 1599 poenitet,
1304 1484 1370 1569 sed
1388 1485 1500 1571 etiam
1516 1486 1595 1604 glo·
1663 1548 1667 1555 -

145 1607 299 1692 riamur.
330 1607 417 1718 Jam
444 1611 597 1692 Petrum
619 1603 817 1690 Gonzalez
842 1602 1127 1709 Mendocium,
1155 1601 1387 1687 Franciscum
1416 1604 1600 1692 Ximenez

148 1723 366 1809 Cardinales
396 1750 436 1808 et
450 1721 760 1836 Archiepiscopos
771 1720 1002 1824 Toletanos,
1018 1749 1134 1836 quem
1163 1719 1230 1806 nisi
1246 1718 1448 1837 Aegidium
1478 1750 1601 1837 aeque

147 1840 481 1956 Archiepiscopum
509 1841 739 1925 Toletanum
772 1862 812 1924 et
839 1836 1103 1942 Cardinalem,
1129 1866 1207 1953 qua
1230 1861 1337 1951 parte
1365 1838 1426 1924 vel
1459 1839 1599 1955 religio·

150 1984 239 2042 nem
265 1958 328 2045 vel
365 1957 629 2045 mortalitatem
655 1956 782 2069 juvere
813 2017 827 2062 ,
860 1955 1021 2042 imitatos
1041 1952 1160 2043 ·fuisse
1189 1953 1390 2040 credimus?
1433 1983 1601 2072 quotum

151 2074 243 2159 alter
272 2074 519 2183 Valladoliti,
543 2074 635 2160 alter
666 2072 866 2160 novissime
899 2072 1094 2187 Compluti
1139 2070 1337 2190 magnifica
1367 2072 1526 2191 collegia
1550 2075 1602 2161 ad
1628 2101 1793 2171 consueu-

151 2191 261 2306 hujus
282 2192 494 2308 exemplum
518 2214 806 2279 construxerunt
822 2221 835 2296 3
850 2215 895 2277 ut
914 2219 1003 2277 ante
1020 2192 1092 2277 hos
1105 2190 1348 2276 Salmanticae
1371 2191 1430 2280 vir
1456 2191 1600 2279 inclitus
1613 2164 1794 2292 iiiiiiiii?

150 2309 317 2422 Jacobus
334 2310 456 2424 Anaia
480 2310 785 2425 Arebiepiscopus
801 2308 1036 2423 Hispalensis.
1068 2315 1127 2393 Ex
1143 2308 1279 2423 quibus
1301 2309 1510 2423 complures
1532 2310 1601 2397 viri
1614 2280 1793 2392 {baldad}

150 2425 406 2533 eruditissimi,
422 2428 490 2543 qui
505 2427 725 2543 reipublicae
737 2428 928 2542 Hispanae
945 2421 1179 2512 multifariam
1202 2426 1422 2541 prodessent
1436 2489 1448 2532 ,
1463 2429 1601 2514 exstite-

23 2577 31 2581 ·
151 2571 219 2651 re,
235 2573 323 2630 ctam
341 2574 479 2663 magna
493 2573 626 2631 eorum
652 2544 796 2661 gloria,
813 2573 979 2659 quorum
1004 2540 1212 2648 beneficio,
1228 2540 1437 2628 eruditione
1466 2545 1603 2658 pariter

153 2683 196 2747 et
216 2658 435 2748 auctoritate
450 2663 550 2748 aucti
566 2689 700 2749 essent.
733 2663 865 2755 Quare
879 2663 930 2746 sic
950 2660 1143 2768 existimo,
1157 2689 1244 2746 cum
1262 2660 1453 2774 multiplex
1480 2661 1599 2748 homi·

155 2777 265 2864 nibus
288 2781 338 2866 ad
355 2780 526 2866 homines
549 2808 638 2865 cum
660 2807 727 2866 sua
755 2779 868 2867 laude
892 2778 1138 2866 demetendos
1157 2779 1330 2894 ,aliaque
1357 2779 1433 2863 aliis
1453 2779 1515 2865 via
1538 2810 1603 2894 pa·
1673 2811 1676 2817 ’

158 2919 262 2999 teat3
280 2896 420 2988 niallam
454 2926 530 2983 esse
558 2921 688 2984 tamen
718 2896 768 2984 ad
799 2896 1117 2984 immortalitatem
1143 2896 1259 3013 magis
1287 2897 1605 3011 compendiariam

156 3039 202 3097 ea
215 3073 228 3118 ,
242 3042 361 3128 quam
377 3015 512 3099 summi
533 3014 583 3100 illi
605 3013 673 3102 viri
695 3015 845 3131 ingressi
860 3039 971 3118 sunt,
986 3014 1053 3130 qui
1069 3013 1191 3100 studia
1215 3015 1417 3099 litteratum
1450 3038 1489 3100 et
1507 3043 1604 3101 mor·

153 3128 213 3215 tui
231 3153 431 3246 tantopere
446 3126 581 3220 fovent
597 3131 654 3234 ·,si
677 3132 818 3218 mortui
839 3131 986 3220 dicendi
1001 3157 1113 3235 sunt,
1130 3154 1168 3217 et
1197 3160 1276 3217 non
1303 3132 1428 3246 potius
1451 3131 1600 3220 immor·

154 3246 298 3334 talitate
321 3248 478 3356 donati,
494 3279 660 3366 quorum
684 3275 784 3336 recte
807 3246 906 3337 facta
935 3249 1137 3336 doctorum
1164 3248 1332 3336 vitorum
1350 3278 1474 3337 sermo
1503 3280 1602 3366 quo·

152 3364 246 3451 tidie
275 3390 458 3480 usurpat,
486 3392 526 3454 et
544 3362 698 3453 nomine
718 3368 995 3454 circumsonant
1019 3396 1125 3453 autes
1152 3366 1386 3482 sapientum:
1425 3367 1477 3453 ita
1494 3397 1607 3455 num·

154 3510 276 3598 quam
300 3512 346 3569 ex
374 3511 507 3569 eorum
532 3484 663 3571 animis
680 3485 833 3572 discedit
847 3509 1042 3571 tantorum
1057 3484 1224 3571 virorum
1250 3485 1475 3571 recordatio.

217 3601 315 3684 Vlll.
375 3606 515 3717 Neque
547 3632 640 3691 vero
664 3630 731 3688 eos
753 3599 876 3688 solum
900 3627 1152 3706 venerantur,
1180 3631 1224 3686 ac
1245 3603 1332 3689 loco
1352 3600 1513 3686 numinis
1539 3625 1611 3687 co-

160 3711 274 3820 lunt,
298 3716 365 3833 qui
382 3718 437 3803 sui
451 3747 695 3836 quorumque
720 3718 864 3837 collegii
879 3744 1050 3805 auctores
1078 3716 1251 3805 fuerunt:
1272 3719 1338 3806 sed
1360 3748 1426 3805 eos
1451 3747 1611 3834 quoque

157 3833 383 3947 suspiciunt,
401 3836 468 3952 qui
484 3837 546 3925 vel
578 3836 758 3926 industria
779 3837 843 3926 vel
867 3837 1096 3956 benignitate
1123 3839 1331 3925 commodo
1354 3861 1431 3922 autv
1451 3836 1622 3954 dignita·
1661 3936 1663 3941 Α
1731 3936 1733 3940 ,

83 3981 87 3985 ·
145 3950 356 4069 xticollegii
373 3954 607 4042 consuluere.
640 3958 697 4043 Ut
713 3985 783 4041 nos
794 3956 995 4042 Bononiae
1011 3961 1163 4042 Petrum
1188 3958 1237 4043 de
1257 3955 1352 4040 Frias
1371 3956 1610 4041 Cardinalem
1626 3959 1802 4038 .¹'““¹⁵⁸f³⁸⁸
1906 4005 1908 4014 ι

1625 4039 1650 4071 tn
1667 4021 1802 4080 corrigium

143 4069 287 4157 ·virum
309 4064 596 4179 sanctissimum,
612 4097 651 4160 et
671 4075 720 4160 de
739 4072 897 4190 collegio
921 4098 1052 4159 nostro
1064 4074 1208 4187 optime
1227 4074 1399 4159 metitum
1418 4073 1508 4188 :qui
1523 4083 1783 4158 cum1³⁴¹¹⁰nieme

1627 4142 1768 4194 beneficus·

153 4184 240 4300 ejus
255 4188 504 4302 patrocinium
521 4192 676 4307 antiqua
692 4191 774 4308 lege
789 4191 1023 4306 suscepisset,
1039 4191 1153 4308 idque
1178 4191 1415 4305 improbitate
1434 4216 1474 4276 et
1490 4205 1605 4276 avan-
1667 4294 1669 4297 q

123 4415 126 4418 ,
154 4304 216 4389 tia
231 4305 482 4416 quorumdam
499 4308 800 4396 scholasticorum
816 4306 1079 4396 labefactatum
1106 4333 1146 4394 et
1166 4336 1285 4422 paene
1301 4306 1541 4428 profligatum
1558 4307 1616 4396 of·

144 4415 362 4523 ‹fendisset3
377 4426 481 4512 omni
502 4455 592 4513 cura
607 4452 647 4514 et
662 4427 849 4545 diligentia
862 4457 1083 4544 summaque
1096 4425 1322 4533 liberalitate,
1340 4428 1489 4516 duobus
1505 4427 1616 4513 milli·

147 4538 235 4624 bus
250 4537 474 4628 ducatorum
489 4544 537 4630 de
552 4575 622 4632 suo
635 4545 807 4662 erogatis,
822 4546 860 4628 in
882 4547 1073 4660 pristinum
1086 4569 1223 4632 statum
1237 4546 1415 4631 restituit:
1431 4548 1533 4657 cujus
1549 4546 1613 4630 be·

153 4653 285 4740 ‘neficii
305 4684 488 4773 memores
503 4661 673 4749 instituto
692 4663 877 4776 majorum
894 4663 1144 4751 anniversario
1159 4692 1263 4751 sacto
1278 4665 1480 4779 quotannis
1495 4663 1531 4748 ei
1545 4663 1616 4780 pri·

153 4770 225 4859 'die
255 4773 445 4863 Kalendas
475 4778 668 4891 januarias
698 4779 934 4867 libentissime
967 4806 1204 4896 parentamus
1234 4807 1313 4866 :ut
1344 4782 1615 4869 bernardinum
1631 4773 1809 4888 mill&

154 4891 335 5005 Carvajal
348 4894 617 5004 cardinalem,
634 4897 700 5015 qui
729 4902 885 4986 Sanctae
901 4900 1028 4989 Crucis
1054 4900 1259 5104 inspribitur
1274 4960 1285 5006 ,
1301 4898 1369 5021 qui
1393 4899 1502 5014 hujus
1517 4927 1609 5013 quo·
1630 4894 1730 5006 ffilg·
1750 4895 1812 4948 ω·

165 5073 189 5082 ··
631 5112 632 5116 t
1152 5043 1177 5100 a
1542 5044 1619 5134 que
