4006 5850
666 366 906 452 LIBER
947 375 993 444 ΙΙ.
1467 387 1530 469 505

52 565 54 567 >
102 531 172 620 pra
196 498 307 620 ipsius
324 495 569 588 facultatem:
603 523 647 585 ut
670 525 798 586 autem
822 521 961 583 rectam
992 497 1191 586 confirmet
1221 525 1266 584 ac
1290 496 1460 617 augeat,
1491 500 1550 588 vel

104 649 266 737 pravam
283 620 441 710 vicissim
463 619 641 706 emendet
669 642 708 704 et
728 616 917 734 corrigat,
947 645 1027 701 non
1055 643 1111 703 est
1139 617 1237 704 votis
1253 617 1402 704 aliunde
1419 644 1548 734 peten-

106 741 225 846 dum,
252 740 318 826 sed
335 772 357 826 a
373 737 573 854 prudentia
587 738 723 854 cuique
738 767 834 841 sua,
859 735 979 820 modo
995 735 1113 842 velit,
1137 765 1203 851 per
1232 737 1546 824 consuetudinem

101 883 141 942 et
156 857 322 944 studium
338 855 662 971 suppeditabitur,
691 855 802 970 quod
829 854 971 939 Socrati
998 877 1038 939 et
1064 854 1221 969 Stilponi
1237 853 1407 941 accidisse
1432 885 1543 970 supra

101 976 406 1062 memoravimus
432 974 587 1068 Quos
561 1002 600 1058 ιι
605 975 794 1058 Martinus
807 973 994 1058 Lurherus
1009 969 1158 1058 luisset
1150 972 1345 1078 imitatus,
1372 971 1544 1086 prolecto

102 1121 315 1207 numquam
331 1120 381 1176 eo
398 1090 586 1179 malorum
584 1091 866 1228 processisset,
885 1118 1010 1204 neque
1025 1116 1064 1174 se
1094 1113 1154 1178 tot
1186 1091 1372 1205 tantisque
1398 1088 1545 1227 flagitiis

104 1210 171 1294 sibi
200 1233 240 1295 et
265 1210 492 1296 Germaniae
521 1208 850 1326 perniciosissimis
859 1206 1068 1322 obligasset.
1102 1213 1220 1295 Nunc
1252 1236 1340 1294 cum
1368 1210 1546 1323 pronitati

28 1321 34 1335 ”
104 1329 286 1434 naturali,
314 1358 413 1443 quae
429 1329 585 1462 pessima
598 1327 685 1410 huie
701 1351 871 1413 monstro
886 1325 1052 1411 nascenti
1066 1328 1307 1463 contigerat,
1326 1354 1407 1412 non
1423 1329 1545 1414 modo

104 1468 186 1531 non
200 1448 394 1551 restiterit,
421 1445 488 1532 sed
502 1445 614 1530 etiam
630 1436 806 1578 sacrilego
835 1469 874 1530 et
901 1445 1110 1558 depravato
1124 1475 1253 1530 ammo
1269 1474 1334 1560 per
1352 1476 1541 1530 summum

106 1564 271 1649 studium
288 1507 478 1652 indulserit
492 1562 627 1679 ,quali
643 1593 710 1647 sua
736 1562 843 1647 ruina
871 1563 1009 1647 multos
1037 1561 1208 1648 homines
1225 1564 1455 1669 involverit,
1472 1560 1544 1650 dif-

103 1677 198 1767 ficile
214 1681 361 1767 estsine
377 1713 415 1765 m
493 1713 520 1766 o
537 1679 669 1767 dolore
685 1679 904 1766 meminisse.
938 1683 1062 1765 Natus
1074 1705 1132 1766 est
1157 1680 1257 1765 enim
1270 1681 1483 1787 Martinus,
1500 1706 1544 1769 ut

104 1798 156 1916 ab
171 1794 384 1885 hominibus
395 1709 526 1883 liffl
449 1797 611 1914 dignis
623 1798 856 1933 accepimus,
873 1797 975 1882 astris
992 1822 1071 1883 tam
1088 1798 1337 1885 incommodis
1353 1825 1392 1884 et
1403 1800 1544 1914 impor

105 1909 236 2024 ιιιιιίι,
260 1942 303 2005 ut
316 1915 483 2031 exipsius
498 1916 672 2032 genitura
686 1909 933 2032 natalitiisque
959 1914 1164 2022 sideribus,
1181 1947 1208 2001 ιι
1199 1916 1327 2031 quid
1345 1918 1424 2004 veri
1447 1943 1543 2019 rano

104 2031 221 2120 habet
246 2034 623 2141 mathematicorum,
639 2028 744 2120 facile
760 2057 968 2148 appareat,
995 2034 1116 2147 ipsum
1137 2035 1187 2120 ad
1210 2035 1295 2119 talia
1319 2021 1510 2120 scelera
1480 2066 1544 2151 pa-

104 2151 241 2239 tranda
257 2152 416 2239 maxime
428 2148 510 2240 fore
524 2180 754 2269 propensum
768 2177 806 2237 et
822 2151 1163 2237 accommodatum.
1197 2152 1342 2237 Habuit
1356 2153 1458 2237 enim
1474 2155 1545 2240 ho·

104 2295 308 2384 roscopum
321 2270 580 2384 capricornum
596 2330 608 2376 ,
626 2271 719 2385 qui,
736 2270 802 2353 ιιιιι
792 2269 977 2384 aliorum
994 2292 1179 2353 astrorum
1200 2270 1419 2384 benigniore
1434 2301 1544 2385 aspe-

108 2411 174 2471 ctu
190 2409 447 2502 temperetur,
471 2384 561 2470 falsa
589 2386 766 2504 religione
791 2386 887 2471 solet
917 2385 1148 2471 nascentium
1175 2385 1320 2471 animos
1344 2387 1543 2496 imbuere,

107 2525 148 2586 et
178 2502 350 2589 homines
376 2499 464 2588 facit
488 2502 743 2608 simulatores,
769 2504 993 2608 mendaces,
1007 2502 1300 2608 inconstantes,
1336 2503 1542 2620 loquaces,

107 2616 273 2727 infidos,
289 2614 516 2707 libidinosos.
547 2621 749 2736 Opposirio
765 2621 900 2708 Martis
925 2645 964 2706 et
964 2563 1165 2706 Mercurii
1192 2620 1395 2707 vanitatem
1420 2651 1544 2710 rursus

107 2760 147 2822 et
164 2683 451 2872 mendacitatem
469 2739 625 2824 Matrini
640 2737 867 2845 confirmat,
893 2763 1059 2874 quatuor
1075 2739 1278 2873 planetae
1269 2767 1307 2822 tn
1332 2769 1435 2825 nona
1452 2741 1544 2827 caeli

106 2852 261 2970 regione
284 2885 437 2974 magnas
452 2884 541 2941 eum
571 2858 698 2942 turbas
704 2849 804 2970 falsa
819 2857 938 2971 specie
954 2855 1136 2972 religionis
1161 2855 1436 2943 concitaturum
1465 2887 1543 2977 esse

105 2975 396 3084 portendebant.
424 2976 555 3072 Quam
578 2974 847 3062 vitiosissimam
875 2973 1145 3087 proclvitatem
1169 2976 1314 3060 ratione
1345 2974 1542 3090 corrigere,

105 3115 226 3204 usque
241 3092 352 3178 adeo·
348 3122 563 3206 numquam
588 3091 780 3198 tentavit,
796 3116 841 3178 ur
856 3118 961 3175 omm
951 3092 1101 3177 studio
1114 3118 1153 3179 et
1175 3121 1290 3206 opera
1304 3092 1400 3178 alere
1414 3116 1452 3178 et
1467 3123 1541 3180 au-

71 3244 72 3248 *
104 3234 194 3323 gere
209 3210 472 3316 contenderit,
489 3234 528 3294 et
542 3210 682 3297 cunctis
699 3211 810 3295 animi
800 3208 964 3298 viribus
979 3204 1109 3297 fovere
1129 3236 1349 3325 perseveret.
1519 3265 1524 3280 ι

96 3349 100 3353 ·
109 3324 270 3444 XIX.
329 3329 402 3414 Sed
419 3329 613 3443 redeamus
630 3329 679 3414 ad
674 3320 948 3466 Chrysippum
966 3351 1004 3412 et
1020 3325 1084 3412 fati
1113 3354 1295 3443 patronos
1311 3330 1485 3434 Stoicos,
1500 3354 1541 3418 et

104 3440 238 3528 eorsum
255 3445 493 3560 pertinaciam
509 3506 521 3550 ,
536 3448 624 3560 quia
640 3448 854 3560 coepimus,
867 3444 1020 3559 propriis
1035 3446 1182 3562 suisque
1199 3445 1304 3536 dictis
1320 3444 1539 3533 refellamus.

107 3563 210 3645 Nam
228 3560 313 3649 licet
328 3592 385 3648 ιιι
400 3563 438 3647 in
454 3560 612 3670 sabulis,
635 3592 730 3678 quas
745 3563 794 3646 illi
807 3587 1043 3678 sequuntur,
1068 3594 1174 3650 more
1190 3589 1360 3652 veterum
1390 3589 1537 3678 agatur,

104 3677 200 3763 tario
220 3703 349 3766 tamen
374 3676 610 3766 nihilominus
627 3680 789 3766 valebit
779 3709 818 3764 ιιι
843 3679 1104 3765 Martinianos.
1131 3681 1182 3766 llli
1199 3683 1402 3767 enimcum
1429 3682 1537 3768 multi

103 3795 229 3880 sintin
251 3796 439 3884 laudanda
466 3797 723 3902 divinatione,
750 3826 866 3912 quam
882 3827 921 3883 se
947 3797 1031 3882 solis
1056 3800 1268 3886 auctoribus
1296 3823 1391 3884 stare
1423 3798 1535 3914 profi·

103 3935 231 4000 rentur
249 3977 261 4021 ,
284 3908 324 3999 8(
339 3915 466 4000 hanc
457 3945 495 3998 ιιι
511 3914 625 4000 fidem
642 3916 833 4002 addrxant
848 3911 965 4000 fatalis
981 3917 1235 4024 necessitatis,
1258 3946 1338 4035 non
1363 3915 1485 4002 solum
1510 3947 1535 4003 a

102 4059 196 4116 vero
209 4032 423 4171 longissime
433 4034 664 4137 abhorrent,
687 4034 751 4118 sed
769 4033 938 4149 prodigia
954 4029 1140 4148 quaedam
1158 4095 1170 4140 ,
1188 4060 1226 4120 et
1242 4064 1391 4150 prorsus
1415 4034 1534 4121 aliena

104 4147 154 4231 de
170 4149 589 4269 diiscomminiscuntur.
620 4151 760 4268 Rogati
774 4150 873 4236 enim
897 4179 990 4255 cur,
1004 4150 1031 4234 si
1055 4152 1269 4237 necessitate
1284 4149 1383 4237 fatali
1412 4180 1467 4236 res
1490 4184 1535 4274 o·

104 4292 209 4370 mnes
223 4272 402 4357 eveniunt
418 4299 623 4383 ,responsa
640 4270 799 4355 deorum
814 4267 1074 4353 sciscitantibus
1088 4269 1263 4354 oracula
1254 4299 1292 4352 ιιι
1307 4264 1506 4355 consilii
1470 4276 1531 4358 ιιι·

104 4378 401 4516 hortationisque
415 4416 560 4475 morem
576 4387 805 4489 reddantur,
826 4386 932 4500 quasi
948 4409 1103 4497 accepto
1118 4414 1315 4500 responso,
1342 4385 1531 4502 quaedam

102 4497 273 4587 homines
288 4530 326 4589 et
342 4535 474 4593 cavere
489 4503 669 4604 valeant,
685 4531 723 4588 ιι
738 4501 910 4588 efficere:
939 4527 982 4587 ut
1007 4531 1249 4616 responsum,
1272 4506 1412 4619 quod
1403 4534 1441 4588 m
1470 4529 1531 4591 te·

102 4614 318 4703 stimonium
335 4624 470 4707 adduci
484 4622 598 4724 solet,
614 4621 707 4732 Laio
721 4619 914 4734 Pythium
921 4620 1128 4707 consulenti
1145 4622 1330 4708 redditum
1355 4621 1553 4708 declarat.

75 4756 76 4759 ‘
100 4733 174 4818 Cui
192 4737 354 4850 Apollo:
371 4742 433 4823 Ne
446 4747 666 4841 committas,
681 4737 814 4852 inquit,
828 4736 941 4837 vrfil
926 4766 1000 4820 rum
1018 4749 1221 4858 quempiam
1229 4738 1478 4850 progeneres:
1495 4747 1611 4823 sl

96 4864 381 4968 procreaveris,
400 4856 679 4954 obtruncabant
693 4858 773 4945 ab
758 4874 868 4973 apso,
883 4872 919 4944 ιι
936 4872 1016 4945 tota
1031 4861 1158 4948 dorius
1180 4873 1247 4947 tua
1263 4857 1535 4954 cruentabitur

1616 1707 1738 1760 Genlrm

1558 1766 1673 1819 Lurheri.

164 4971 269 5086 Τοιι.Ι
281 4973 346 5065 IV.
996 4977 1069 5079 Sss
1476 4973 1540 5064 Ad
