4140 5872
414 396 482 500 1'74
720 360 1488 475 onconnncrromanrstst
1571 462 1574 466 ,

384 537 502 626 manis
518 534 776 650 Septembrem
793 521 925 628 fuisse,
942 525 1111 610 Galenus
1130 548 1186 611 est
1201 552 1334 611 auctor
1349 555 1362 630 ς
1378 552 1418 612 at
1432 526 1487 612 his
1503 524 1737 640 temporibus
1751 556 1844 621 'non

385 656 544 740 dubium
557 678 613 739 est
629 714 641 756 ,
657 650 750 766 quin
766 647 867 733 idem
886 644 1047 760 Augusti
1063 642 1180 761 magis
1198 644 1353 730 nomine
1368 670 1526 732 vocetur
1541 677 1551 729 ε
1568 676 1750 756 mensem,
1767 653 1842 767 qui

385 773 604 888 principium
633 769 803 884 capiebat
827 794 850 849 a
882 764 1018 848 bruma
1050 762 1128 847 sive
1158 758 1318 849 hiberno
1340 762 1523 868 solstitio,
1541 763 1838 858 Atheniensibus

385 887 601 973 aroraloiru
630 885 739 973 fuisse
769 883 941 986 dicttsm,
967 879 1224 995 eumdemque
1256 882 1435 967 Romanis
1460 881 1665 998 antiquitus
1691 887 1836 997 Janua.

386 1007 484 1092 rium
500 1007 743 1112 ,Plutarchus
773 1026 929 1087 testatur
961 998 999 1083 in
1027 998 1191 1083 Caesare
1222 1001 1436 1101 dictatore,
1467 1026 1570 1085 nunc
1601 1027 1746 1089 certum
1775 1032 1834 1094 est

384 1126 562 1212 eumdem
578 1125 828 1210 Decembrem
844 1117 969 1233 potius
993 1116 1195 1233 appellati.
1213 1119 1277 1205 Ad
1299 1121 1486 1203 summam
1510 1117 1577 1203 nisi
1603 1143 1708 1208 error
1721 1130 1835 1211 coer·

384 1269 539 1349 ceatur,
557 1270 704 1328 necesse
733 1236 845 1322 fuerit
870 1234 1033 1352 singulas
1055 1235 1146 1319 anni
1168 1260 1375 1323 menstruas
1397 1261 1521 1354 partes
1535 1239 1708 1325 omnium
1725 1271 1834 1328 men·

383 1361 479 1447 sium
503 1359 642 1446 Latinis
668 1354 882 1457 nominibus
912 1352 1112 1470 longissimi
1135 1353 1290 1467 quidem
1314 1357 1492 1471 temporis
1508 1382 1706 1472 progressu
1733 1388 1840 1446 nun·

384 1480 512 1595 cupari
528 1509 540 1562 ε
558 1507 657 1596 quae
687 1473 868 1587 majorem
895 1471 934 1556 in
964 1473 1043 1556 dies
1074 1471 1299 1559 Latinorum
1330 1473 1516 1589 scripturis
1547 1471 1836 1588 confusionem,

384 1626 571 1682 summam
598 1595 763 1710 denique
790 1590 1007 1692 caecitatem
1032 1589 1200 1704 patiant.

442 1717 584 1801 XVlll.
640 1715 735 1811 Qua
763 1705 986 1795 confusione
1014 1732 1053 1793 et
1081 1708 1333 1795 inconstantia
1362 1708 1593 1797 Theodotus
1616 1709 1723 1798 Gaza
1739 1774 1753 1820 ,
1769 1712 1834 1802 vir

385 1831 556 1946 alioquin
577 1836 817 1917 Graecorum
841 1850 882 1912 et
908 1826 1131 1911 Latinorum
1162 1827 1292 1913 aetatis
1321 1856 1411 1914 suae
1443 1855 1529 1913 mea
1560 1827 1715 1944 quidem
1748 1858 1841 1917 sen·

382 1951 501 2037 tentia
517 1949 749 2037 doctissimus
765 2004 779 2052 ,
797 1943 1042 2029 hallucinatus
1059 2004 1072 2048 ,
1088 1944 1127 2027 in
1155 1974 1204 2030 eo
1228 1945 1325 2031 libro
1346 1974 1465 2061 quem
1490 1945 1631 2061 scripsit
1658 1951 1736 2062 περὶ
1763 1947 1839 2033 erin

385 2064 519 2174 parcit,
547 2065 797 2152 miserandum
814 2062 852 2146 in
868 2061 1028 2146 modum
1042 2061 1228 2149 laboravit
1251 2063 1291 2148 in
1311 2061 1507 2149 reddenda
1527 2091 1640 2149 otusa
1657 2125 1669 2169 ,
1686 2091 1754 2151 cut
1768 2066 1841 2154 ve-

382 2208 479 2271 teres
509 2186 703 2299 scriptores
728 2182 874 2267 summa
899 2178 1070 2266 doctrina
1087 2181 1157 2270 viri
1179 2180 1336 2267 nomina
1351 2186 1499 2268 Graeca
1523 2181 1707 2268 mensium
1721 2181 1837 2271 inter·‘

383 2326 595 2416 pretantes,
609 2302 659 2387 ab
674 2330 720 2386 ea
742 2300 889 2385 tatione
905 2359 918 2403 ,
933 2327 1052 2414 quam
1067 2296 1143 2414 ipse
1171 2300 1336 2387 traderet
1351 2360 1365 2405 ,
1380 2299 1697 2416 certissimamque
1721 2327 1837 2415 puta·

383 2445 440 2506 tet
456 2481 469 2525 ,
486 2419 737 2506 dissentirent.
755 2416 985 2502 Theodotus
1014 2417 1115 2502 enim
1131 2478 1143 2522 ,
1160 2418 1227 2533 qui
1251 2415 1322 2504 fuit
1352 2418 1516 2533 aequalis
1531 2418 1680 2504 Nicolai
1694 2419 1840 2517 Quinti

382 2541 496 2624 Pont.
514 2542 622 2623 Max.
637 2535 802 2621 libellum
833 2532 977 2639 edidit,
1005 2562 1123 2648 quem
1154 2534 1276 2622 modo
1312 2534 1549 2641 memoravi,
1566 2541 1713 2623 Graece
1745 2537 1835 2622 scri·

383 2680 494 2770 ptum
522 2658 567 2737 de
595 2654 816 2755 Meteilus,
836 2651 903 2765 qui
925 2681 1068 2768 magno
1090 2650 1223 2766 plausu
1246 2649 1318 2739 fuit
1342 2654 1392 2738 ab
1407 2653 1583 2740 omnibus
1594 2659 1837 2740 Graecarum

248 2771 252 2780 ’
384 2771 492 2857 simul
515 2796 556 2857 et
576 2771 794 2867 Latinarum
822 2767 1026 2853 litterarum
1049 2769 1222 2855 studiosis
1250 2795 1453 2886 receptus,
1473 2772 1513 2858 in
1536 2802 1619 2888 quo
1649 2772 1832 2889 singulari

383 2889 565 3006 ingenio,
581 2913 620 2998 et
636 2887 715 3003 pari
730 2884 919 3001 diligentia
940 2910 1056 3001 atque
1082 2888 1253 2975 doctrina
1270 2889 1454 2973 mensium
1464 2889 1750 2975 Atheniensium
1763 2912 1840 2976 'nu-

385 3018 563 3111 merum,
588 3003 745 3092 nomina
761 3002 962 3107 ,ordinem
992 3029 1031 3089 et
1058 3004 1196 3090 Latina
1225 3005 1412 3094 vocabula
1441 3030 1497 3092 est
1525 3031 1766 3122 persecutus,
1790 3036 1843 3095 ex
1883 3016 1884 3019 ‘

385 3123 606 3240 magnisque
635 3120 797 3209 tenebris
824 3146 864 3206 et
888 3119 1126 3237 ignoratione
1148 3123 1349 3208 hominum
1369 3124 1408 3208 in
1434 3148 1604 3239 apertam
1635 3125 1759 3210 lucem
1775 3149 1840 3213 at·

385 3269 463 3357 que
484 3239 656 3326 notitiam
680 3238 893 3325 revocavit.
912 3242 967 3323 Ut
983 3240 1086 3323 enim
1102 3240 1310 3346 Romanis,
1325 3241 1415 3327 item
1435 3241 1723 3328 Atheniensibus
1741 3241 1842 3330 duo·

387 3357 511 3447 decim
540 3355 648 3442 fuisse
672 3384 816 3441 menses
846 3355 1043 3462 ostendit,
1067 3385 1166 3472 quos
1189 3357 1256 3471 ipsi
1282 3388 1307 3441 a
1336 3357 1493 3444 solstitio
1524 3359 1666 3446 aestivo
1691 3387 1842 3446 annum

387 3476 607 3562 inchoantes
635 3474 691 3559 his
712 3471 926 3557 nominibus
956 3498 1073 3588 atque
1100 3473 1234 3590 ordine
1264 3476 1532 3582 nominarent,
1550 3471 1843 3584 Erotopssubr,

389 3593 641 3697 petrapertuis
656 3652 669 3693 ,
683 3584 917 3695 Conlpmb,
934 3592 1214 3696 μωμακτκριῶν,
1233 3593 1433 3703 πυυιψιὸν
1449 3654 1462 3698 ,
1480 3591 1702 3699 bleramus,
1720 3623 1845 3678 reocu-

388 3710 478 3795 dtdr
492 3769 506 3814 ,
520 3706 709 3812 yuunArrlr
727 3701 993 3814 ,irtoeprssorsrirr
1011 3768 1023 3812 ,
1040 3710 1228 3827 μουνυχιὸν
1247 3771 1260 3814 ,
1276 3709 1464 3814 lupysArrlr
1479 3771 1491 3814 ,
1508 3708 1733 3818 nrpopoprrlr.

460 3828 567 3913 XlX.
626 3828 747 3910 Porro
769 3822 1069 3910 animadvertens
1091 3824 1196 3910 licile
1219 3828 1258 3911 in
1287 3828 1539 3942 expeditoque
1562 3824 1669 3931 fore,
1686 3852 1732 3913 ut
1763 3828 1846 3914 sin·

392 3941 487 4061 gulis
506 3942 751 4029 redderentur
772 3971 839 4025 sua
863 3941 1019 4027 nomina
1045 3943 1205 4048 Latina,
1235 3943 1263 4028 si
1279 3944 1339 4030 vel
1356 3946 1405 4030 de
1431 3945 1662 4060 unoquovis
1685 3968 1841 4030 consta·

389 4085 478 4167 ret,
498 4060 549 4147 ad
572 4089 660 4145 eum
682 4059 987 4176 investigandum
1012 4060 1246 4176 ingeniosam
1277 4062 1376 4147 hanc
1392 4124 1403 4168 ,
1421 4059 1846 4176 commodissimamque

389 4178 577 4265 rationem
592 4177 725 4284 inivit,
744 4204 789 4265 ut
804 4176 967 4291 primum
989 4179 1257 4286 constitueret,
1276 4181 1342 4296 qui
1359 4180 1494 4268 mensis
1508 4203 1732 4298 congrueret
1745 4205 1843 4266 cum

388 4296 539 4382 aestivo
563 4295 720 4382 solstitio
736 4356 748 4400 ,
763 4320 935 4412 essetque
961 4296 1102 4412 primus
1119 4297 1432 4404 Atheniensibus,
1463 4300 1530 4415 qui
1553 4301 1604 4385 ab
1620 4328 1669 4385 eo
1684 4324 1838 4413 tempo

390 4413 442 4499 -ris
464 4412 622 4497 articulo
643 4442 752 4497 suum
771 4441 915 4507 ,annum
930 4413 1283 4531 (quemadmodum
1298 4417 1480 4532 diximus)
1497 4416 1758 4521 inchoabant,
1779 4417 1847 4502 de·

392 4529 484 4618 inde
504 4527 543 4613 in
563 4528 750 4614 mensibus
771 4532 949 4617 Romanis
974 4533 1051 4617 hoc
1078 4533 1179 4620 idem
1209 4534 1486 4622 consideraret:
1517 4565 1599 4650 quo
1626 4530 1730 4620 facto
1759 4561 1845 4618 non

395 4646 570 4751 dubitat,
590 4645 683 4761 quin
698 4646 799 4733 idem
821 4651 953 4735 mensis
968 4675 1062 4736 esset
1079 4714 1091 4758 ,
1107 4650 1175 4767 qui
1189 4676 1251 4736 utr
1306 4681 1354 4738 ue
1380 4654 1535 4738 nomine
1550 4658 1703 4739 Graeco
1719 4675 1759 4738 et
1774 4657 1845 4736 La·

395 4764 478 4852 tino
493 4788 715 4853 vocaretur:
732 4764 784 4850 ita
808 4793 898 4850 cum
916 4767 1114 4855 invenisset
1141 4681 1412 4872 {amalgarium
1436 4770 1745 4875 Atheniensibus,
1768 4773 1846 4856 Ro

396 4882 514 4976 manis
528 4882 684 4999 Jtutium
704 4883 919 4974 incidctein
942 4886 1139 4977 solstitium
1156 4887 1370 4998 aestivum,
1397 4883 1669 4993 ἕκατομζωὸνα
1696 4887 1853 5007 putavit
1991 4969 1992 4979 r

388 4983 432 5030 o
1786 5009 1857 5124 J,
