4192 5880
521 382 990 620 ainornm
1068 468 1988 624 ALBouNoTtr

732 768 1158 908 CONCHENSIS,
1196 769 1374 862 DUCIS
1416 763 1773 883 CLARISSIMI,

627 983 790 1073 virtu
819 986 893 1072 Ac
921 988 1118 1072 nauum
1145 987 1248 1071 PER
1276 978 1526 1072 turmam
1551 970 1852 1076 eustanum
1982 1043 1984 1047 -

906 1203 1123 1305 LIBER
1179 1202 1601 1369 SECUNDUS.

330 1466 510 1526 natatem·
582 1437 612 1519 1.
729 1437 781 1520 lc
806 1432 964 1520 Umbria
979 1459 1156 1551 recepta,
1179 1433 1357 1553 Aegidius
1383 1464 1517 1521 omnes
1532 1463 1615 1521 suas
1629 1459 1746 1524 ,curas
1772 1461 1812 1528 et
1832 1442 1985 1531 consilia

328 1541 511 1648 {iififfppu'
524 1553 649 1669 coepit
674 1551 711 1637 in
740 1552 880 1640 bellum
897 1554 1119 1640 Malatestae
1139 1551 1375 1640 inferendum
1392 1554 1607 1641 intendere.
1640 1556 1733 1642 Satis
1761 1563 1860 1648 enim
1885 1592 1984 1648 con-

524 1675 673 1780 stabat,
690 1671 754 1758 illo
777 1698 980 1790 superato,
997 1673 1141 1759 facilem
1157 1669 1238 1759 fore
1254 1673 1303 1759 de
1318 1675 1447 1760 ceteris
1475 1674 1639 1790 tyrannis
1655 1676 1871 1765 victoriam.
1906 1681 1984 1769 Sed

524 1791 618 1878 dum
632 1791 683 1877 ad
705 1792 781 1878 hoc
799 1792 1000 1879 necessaria
1020 1805 1279 1908 compararet,
1295 1823 1342 1880 ex
1365 1793 1491 1878 litteris
1505 1791 1693 1880 Pontificis
1717 1798 1926 1915 cognovit,
1943 1829 1983 1885 se

524 1910 629 2025 apud
654 1912 774 2028 ipsum
796 1909 905 1996 fuisse
932 1912 982 1996 ab
998 1912 1276 1998 Archidiacono
1293 1911 1537 1999 Anconitano
1571 1912 1846 2023 insimulatum,
1873 1917 1985 2032 quod

522 2057 611 2116 eum
628 2029 836 2116 Malatestis
862 2030 953 2116 inita
968 2032 1087 2148 gratia
1107 2027 1261 2119 foedera
1277 2030 1527 2146 percussisset.
1560 2029 1674 2117 Adeo
1704 2032 1805 2119 viros
1820 2035 1986 2150 optimos

522 2150 589 2265 qui
615 2148 926 2256 calunmiaretur,
959 2179 1170 2266 numquam
1199 2145 1339 2236 defuit.
1385 2152 1519 2247 Quam
1545 2150 1770 2236 calumniam
1801 2154 1983 2272 Aegidius

523 2292 636 2355 tanto
661 2269 846 2385 iniquiore
868 2269 996 2354 animo
1011 2270 1095 2355 tulit
1114 2333 1126 2377 ,
1170 2293 1290 2375 uanro
1305 2269 1467 2387 -longius
1495 2270 1626 2355 aberat
1641 2298 1664 2351 a
1679 2270 1830 2358 crimine
1845 2333 1856 2379 ,
1872 2273 1984 2389 quod

523 2386 590 2502 ipsi
615 2385 879 2501 objiciebatur.
910 2394 1016 2506 Ergo
1034 2297 1206 2474 Pontifci
1221 2388 1405 2473 rationem
1436 2389 1575 2473 consilii
1606 2391 1814 2501 reposcenti
1845 2394 1898 2474 ira
1928 2420 1985 2476 re·

345 2537 512 2612 ariamirus
524 2508 698 2623 spondit:
717 2511 853 2613 „Non
870 2508 1064 2613 semitari,
1083 2506 1136 2611 si,
1153 2535 1240 2590 cum
1258 2530 1319 2592 tot
1342 2506 1542 2594 hominum
1577 2506 1781 2592 inimicitias
1794 2556 1799 2561 ·
1811 2508 1986 2595 ecclesiae

331 2609 512 2729 {dfff¹¹¹⁸⁵‘
525 2688 552 2734 „
565 2654 676 2711 causa
690 2625 904 2739 suscepisset
921 2686 933 2731 ‚
949 2654 1030 2712 non
1048 2626 1216 2712 deessent
1231 2625 1298 2738 qui
1320 2654 1358 2711 se
1386 2621 1562 2742 factaque
1583 2655 1648 2709 sua
1677 2626 1985 2712 criminarentur.·

525 2808 554 2855 ‚,
566 2743 662 2830 Illud
678 2746 834 2831 moleste
857 2740 950 2830 ferre
967 2805 979 2850 ,
995 2744 1104 2859 quod
1119 2767 1272 2858 propter
1288 2772 1406 2858 quam
1432 2773 1510 2829 rem
1531 2772 1709 2861 magnam
1728 2774 1751 2829 a
1767 2745 1894 2830 ceteris
1907 2744 1987 2830 'ho-

527 2864 733 2975 „minibus
762 2863 910 2949 laudem
927 2925 938 2968 ,
954 2893 978 2946 a
993 2893 1142 2948 summo
1157 2859 1340 2948 Pontifice
1365 2861 1521 2978 gratiam
1538 2891 1696 2978 quoque
1720 2892 1802 2948 non
1831 2892 1991 2979 parvam

527 3020 555 3095 5,
570 3007 748 3098 sperasset
763 3045 775 3088 ,
791 3012 875 3068 eam
900 2983 1004 3097 apud
1017 2981 1138 3096 ipsum
1152 2981 1312 3098 Aegidio
1345 3010 1416 3095 pro
1431 2980 1582 3066 crimine
1608 2979 1773 3093 objicere
1789 2982 1991 3099 quisquam

529 3103 638 3214 „sibi
657 3102 764 3188 licere
790 3124 974 3217 putasset.
1004 3104 1100 3185 Non
1116 3103 1225 3213 quod
1249 3109 1388 3215 pacem
1409 3098 1523 3183 ullam
1548 3094 1690 3185 fecisset
1712 3128 1801 3184 curn
1824 3100 1986 3186 Malate-

529 3222 632 3333 „stis
647 3281 661 3329 ,
677 3249 747 3307 nec
776 3221 876 3305 enim
892 3242 1236 3336 umquamtantam
1263 3217 1524 3323 auctoritatem
1555 3213 1662 3303 fuisse
1688 3243 1898 3304 sumturum
1916 3279 1928 3325 ,
1944 3241 1991 3307 ut

530 3403 559 3452 „
572 3341 647 3426 hoc
677 3340 865 3457 integrum
881 3338 948 3449 sibi
971 3344 1054 3425 esse
1067 3351 1216 3452 putaret
1231 3364 1244 3440 ·,
1261 3336 1325 3422 sed
1353 3335 1463 3451 qnod
1484 3337 1535 3421 ab
1549 3336 1659 3422 hoste
1674 3337 1826 3424 minime
1861 3361 1991 3422 conto

531 3522 559 3570 ‚‚
573 3459 743 3546 mnendo
760 3488 825 3574 per
841 3457 998 3573 speciem
1014 3483 1195 3573 spemque
1210 3455 1309 3570 pacis
1328 3453 1469 3540 bellum
1489 3453 1651 3540 tamdiu
1674 3455 1791 3544 vitare
1804 3484 1887 3540 non
1920 3453 1991 3538 irn-

532 3641 559 3689 „
571 3578 774 3695 prudenter
791 3577 971 3681 scivisset,
989 3573 1081 3660 dum
1098 3575 1287 3687 Joannem
1304 3573 1442 3660 Vicum
1458 3573 1542 3660 saris
1557 3602 1625 3689 per
1638 3601 1677 3658 se
1692 3598 1888 3689 potentem
1919 3570 1992 3658 ho·

533 3722 669 3806 „stem
691 3695 875 3782 debellate
891 3721 1038 3810 posset.
1070 3692 1144 3776 Cui
1161 3693 1212 3778 rei
1229 3691 1296 3777 nisi
1309 3722 1333 3776 a
1348 3720 1385 3777 se
1411 3715 1559 3778 mature
1582 3687 1707 3778 fuisset
1724 3693 1936 3808 provisum,
1952 3716 1995 3777 et

534 3840 735 3930 „uterque
751 3839 932 3930 tyrannus
961 3840 1052 3926 opes
1068 3809 1345 3924 conjunxisset,
1363 3810 1481 3928 quod
1501 3811 1660 3897 maxime
1675 3809 1885 3898 timendum
1905 3805 1992 3894 fuis

534 3978 563 4042 st
577 3963 616 4019 se
630 3995 642 4037 ,
658 3961 739 4019 non
760 3961 838 4018 esse
855 3929 1133 4039 dubitandum,
1160 3930 1253 4046 quin
1271 3953 1337 4015 aut
1352 3955 1487 4016 neuter
1518 3959 1652 4016 eorum
1680 3959 1863 4046 umquam
1888 3955 1993 4042 supe-³

535 4099 564 4162 ,·,
577 4070 746 4159 ratetur,
765 4075 832 4141 aut
861 4050 1002 4140 bellum
1035 4045 1289 4136 difficillimum
1321 4072 1388 4133 aut
1422 4049 1644 4134 diuturnum
1676 4071 1770 4133 esset
1802 4043 1995 4130 futurums

537 4232 565 4280 „
580 4176 697 4286 Saepe
712 4170 762 4257 ad
784 4199 822 4256 se
838 4169 981 4287 legatos
996 4198 1019 4261 a
1036 4167 1242 4254 Malatestis
1262 4166 1403 4254 bellum
1420 4167 1663 4282 deprecantes
1677 4166 1848 4268 venisse,
1867 4191 2000 4278 pacem

538 4317 666 4399 „cum
682 4288 732 4375 eis
758 4284 882 4380 fecisse
900 4317 1109 4405 numquam
1131 4316 1262 4401 ,spem
1286 4284 1385 4402 pacis
1411 4312 1556 4400 semper
1572 4285 1803 4400 praebuisse.
1831 4287 1947 4366 Tunc
1959 4281 2000 4368 id

539 4468 568 4518 „
582 4436 693 4526 agere
707 4465 720 4514 ,
736 4430 781 4491 ut
798 4407 1015 4492 Malatestas
1036 4405 1143 4502 omni
1175 4404 1310 4501 auxilio
1325 4428 1365 4489 et
1394 4432 1458 4520 spe
1473 4432 1496 4486 a
1511 4405 1665 4517 joanne·
1675 4403 1776 4488 Vico
1801 4399 2001 4486 destitutos

539 4527 848 4644 „aggrederetur
867 4589 876 4609 .
910 4526 1024 4617 Quae
1041 4525 1068 4608 si
1086 4522 1275 4639 culpanda
1298 4547 1447 4629 essent,
1464 4522 1492 4608 si
1508 4523 1632 4640 digna·
1651 4551 1806 4608 censura
1828 4517 2002 4604 videren-

544 4704 574 4754 ‚,
587 4669 675 4749 tur,
695 4644 784 4732 nihil
805 4674 843 4730 se
867 4643 1007 4728 habere
1025 4703 1037 4746 ,
1052 4642 1160 4758 quod
1188 4672 1259 4759 pro
1275 4671 1314 4736 se
1331 4668 1455 4758 posset
1490 4640 1735 4758 respondere.
1753 4646 1779 4690 “
1813 4640 1921 4723 Haec
1944 4664 2004 4720 te·

484 4778 488 4779 *
542 4790 680 4878 sponsa
693 4761 865 4851 Pontifici
888 4761 1023 4866 allata,
1049 4763 1373 4882 comprobataque
1394 4760 1584 4872 multum,
1611 4784 1655 4847 ut
1670 4788 1737 4878 par
1764 4781 1870 4866 erat,
1899 4751 2005 4873 apud

543 4881 668 5002 ipsum
682 4880 833 5001 Aegidii
854 4880 1289 5002 opitionemauxerunu
1946 4995 2010 5081 ln.
