4020 5864
673 347 866 469 LIBER
896 394 960 467 ΙΙΙ.
1139 386 1140 389 '
1432 416 1499 487 529

73 524 168 618 ilico
194 524 260 644 per
289 522 444 612 liberum
462 516 651 609 arbitrium
669 519 878 636 quidquam
899 520 961 608 vel
987 548 1124 634 posse,
1147 517 1208 608 ”vel
1231 518 1403 625 efficere,
1436 548 1516 610 non
1635 585 1644 637 ,s

77 647 238 733 excludo
264 640 510 730 universalem
526 639 598 726 Dei
614 635 881 745 efficientiam,
910 668 988 756 qua
1017 668 1105 724 cum
1133 640 1281 755 singulis
1303 640 1514 754 posteriori-

78 764 283 850 buscausis
313 761 417 849 velut
432 759 550 875 prima
562 785 675 843 causa
702 759 913 844 concurrit:
936 759 1007 843 hac
1026 758 1138 843 enim
1163 782 1357 862 cessante,
1391 759 1512 846 homo

76 910 125 967 ne
140 906 229 997 aget
252 879 408 996 quidem
424 877 583 962 omnino
600 876 771 982 ,nedum
788 900 886 962 recte
902 901 1003 991 aget.
1035 876 1109 962 Sed
1125 902 1195 961 nec
1210 900 1407 960 momento
1429 878 1515 993 qui·

76 1000 165 1084 dem
197 996 374 1110 temporis
402 995 711 1112 conservabitur,
741 1021 811 1079 nec
835 993 928 1109 ignis
957 989 1170 1098 calefaciet,
1200 1021 1270 1078 nec
1285 989 1514 1110 refrigerabit

74 1115 220 1232 glacies.
255 1118 357 1198 Cum
373 1110 484 1229 igitur
500 1112 549 1197 de
564 1111 791 1227 singularum
807 1139 930 1196 rerum
961 1135 1094 1196 natura
1115 1111 1241 1227 deque
1265 1114 1514 1196 secundarum

73 1228 269 1318 causarum
286 1226 481 1316 efficientia
505 1228 691 1334 dicimus,
720 1228 942 1317 universales
965 1291 978 1336 ,
1003 1252 1041 1314 et
1071 1232 1213 1344 priores
1240 1257 1320 1312 non
1351 1230 1514 1317 excludi·

76 1381 173 1436 mus.
200 1356 303 1434 Nam
320 1348 348 1434 si
363 1347 448 1435 solis
471 1346 634 1433 actiones
649 1349 862 1453 sustuleris,
891 1374 1101 1463 numquam
1118 1349 1239 1432 homo
1255 1345 1379 1434 valeat
1402 1376 1451 1432 ex
1476 1376 1515 1432 se

66 1466 270 1553 hominem
285 1494 464 1585 generare
481 1529 493 1573 ,
518 1493 589 1550 nec
603 1467 715 1551 arbor
731 1464 824 1551 ferre
840 1495 950 1550 suum
970 1462 1134 1550 fructum
1150 1523 1165 1570 ,
1181 1492 1251 1549 nec
1265 1493 1311 1550 ex
1339 1464 1516 1578 elephan-

72 1608 118 1671 to
134 1585 385 1700 procreabitur
400 1585 632 1698 elephantus.
661 1582 757 1670 lllud
784 1585 889 1669 addo
917 1645 930 1688 ,
955 1583 1104 1699 quoties
1127 1583 1248 1667 homo
1264 1609 1330 1696 pet
1358 1582 1515 1668 liberum

69 1704 270 1787 'arbitrium
285 1699 398 1787 efficit
421 1702 530 1816 quod
546 1725 602 1786 est
617 1702 656 1784 in
669 1701 780 1814 ipso,
799 1700 910 1788 toties
926 1697 1091 1786 suffundi
1104 1726 1150 1784 ea
1167 1698 1285 1816 gratia
1301 1759 1315 1805 ,
1330 1728 1420 1785 cunr
1435 1729 1515 1817 qua

72 1820 198 1907 ‚valeat
213 1820 286 1904 Dei
301 1819 480 1904 mandata
504 1817 710 1934 perficere,
734 1820 842 1904 etad
864 1815 1073 1904 felicitatem
1103 1816 1327 1931 pervenire:
1357 1819 1432 1903 hoc
1460 1841 1517 1903 est

64 1935 181 2023 {enim
191 1936 299 2053 quod
329 1961 511 2023 testantur
540 1960 600 2022 tot
625 1935 709 2021 loca
734 1965 919 2053 sacrarum
948 1936 1183 2041 litterarum,
1212 1956 1258 2020 ex
1287 1934 1425 2051 quibus
1457 1958 1515 2040 tu,

74 2055 240 2140 Luthere
256 2116 269 2161 ,
286 2077 353 2140 aut
368 2054 456 2138 nihil
474 2054 653 2140 concludi
677 2054 789 2165 jactas
806 2116 818 2160 ,
835 2078 903 2138 aut
918 2052 1001 2166 plus
1017 2049 1112 2138 effici
1131 2113 1143 2157 ,
1159 2081 1276 2168 quam
1293 2077 1397 2166 petat
1410 2059 1517 2138 ‘Eras

73 2201 188 2278 mus,
213 2172 280 2289 qui
293 2198 475 2258 conatum
491 2170 628 2258 asserit.
655 2173 781 2268 Quale
797 2197 853 2257 est
867 2170 983 2255 illud:
1015 2173 1065 2254 Si
1093 2179 1181 2277 quis
1195 2174 1361 2254 audierit
1388 2197 1517 2256 vacem

72 2316 218 2395 aream,
245 2304 282 2371 et
298 2298 489 2398 aperuerit
513 2290 605 2371 mihi
619 2292 807 2396 januam,
836 2290 983 2370 intrabo
1001 2292 1196 2391 adilian,
1212 2304 1249 2370 et
1265 2289 1421 2374 coenabo
1434 2309 1517 2372 curn

67 2412 137 2490 iilo
153 2421 221 2511 ,et
235 2413 319 2514 ipse
334 2432 486 2489 mecum
520 2403 629 2498 Quid
642 2431 698 2489 est
712 2405 812 2490 enim
836 2407 981 2519 aperire
997 2404 1157 2489 domino
1174 2403 1323 2514 januam
1334 2466 1346 2510 ,
1357 2405 1431 2491 nisi
1446 2406 1516 2491 ho·

67 2523 217 2609 minem
233 2518 355 2609 facere
393 2520 501 2638 quod
525 2516 585 2606 'est
600 2521 639 2605 in
654 2523 735 2636 ipso
751 2580 766 2629 ,
785 2521 834 2611 ad
851 2528 979 2619 Deum
993 2546 1034 2607 et
1048 2521 1121 2607 Dei
1137 2522 1517 2638 gratiamadmitten-

74 2637 192 2734 dam?
225 2645 294 2726 Et:
314 2640 584 2726 camarata
599 2643 652 2724 ad
664 2667 751 2746 me,
779 2632 902 2751 e‘t'ega
918 2631 1121 2725 convertar
1138 2642 1190 2724 ad
1202 2667 1285 2725 vas.
1318 2646 1393 2725 Et:
1426 2644 1518 2752 Ap·
1548 2659 1653 2785 2525·
1669 2675 1690 2714 r·

68 2766 320 2870 propinquate
337 2763 421 2845 Dea
437 2774 502 2867 ,et
517 2762 831 2963 appropinquabit
845 2762 968 2847 vobis.
999 2762 1181 2856 Quorum
1205 2757 1409 2846 intellectus
1433 2759 1518 2848 sim·
1642 2732 1694 2780 '⁰

75 2876 161 2990 plex
175 2903 213 2963 et
230 2877 349 2964 clarus
365 2879 424 2965 hic
439 2903 496 2966 est
515 2911 524 2963 :
564 2880 658 2965 acite
672 2879 780 2994 quod
797 2905 851 2966 est
867 2880 905 2964 in
920 2904 1042 2967 vestra
1055 2870 1245 2993 'potestate
1264 2907 1366 2996 erga
1380 2906 1462 2985 me,
1479 2906 1520 2969 et

73 3021 151 3111 ego
164 2996 318 3081 vicissim
336 2996 444 3084 vobis
461 3025 584 3083 meam
600 2997 757 3113 gratiam
774 2997 1021 3084 condonabo.
1054 2998 1207 3093 Quibus
1232 2994 1337 3081 dictis
1363 3021 1426 3082 tot
1448 2997 1520 3085 alia

74 3111 275 3226 scripturae
290 3142 413 3199 sacrae
428 3113 512 3199 loca
526 3115 789 3220 consentiunt,
818 3140 862 3202 ut
890 3144 935 3202 ea
956 3113 1156 3200 molestum
1182 3114 1226 3198 sit
1251 3143 1515 3202 annumerare.
1563 3160 1565 3167 v
1692 3161 1702 3178 ,

74 3230 238 3325 Quoties
262 3231 376 3348 igitur
399 3234 520 3318 homo
549 3261 616 3349 pet
637 3234 776 3319 Christi
805 3234 1013 3321 adventum
1044 3256 1264 3347 reparatus,
1291 3232 1404 3319 etiarn
1432 3262 1521 3320 cum

46 3347 49 3351 ’
73 3347 312 3460 peccaverit,
340 3349 430 3437 velit
445 3370 641 3466 praecepta
655 3379 832 3457 servare,
861 3353 972 3438 toties
988 3378 1133 3437 servare
1150 3374 1286 3465 potest.
1308 3354 1423 3436 Nam
1439 3352 1518 3438 vela

74 3461 139 3570 le,
168 3466 277 3580 quod
293 3467 369 3581 ipsa
386 3493 547 3582 praestat
568 3467 770 3575 voluntas,
797 3469 948 3554 comsit
975 3495 1041 3581 per
1058 3497 1096 3553 se
1112 3467 1356 3555 remissumet
1387 3466 1515 3574 tenue,

76 3580 173 3667 vires
188 3583 351 3697 adquirit
365 3613 411 3669 ex
427 3586 566 3699 gratia,
579 3615 695 3701 quarn
713 3610 830 3672 vocat
845 3586 1077 3702 Augustinus
1100 3601 1333 3694 operantem:
1354 3610 1393 3670 et
1408 3585 1518 3700 quod

74 3697 198 3784 homo
214 3700 349 3788 vitibus
366 3703 593 3817 naturalibus
623 3700 836 3818 imperfecte
880 3727 919 3788 et
936 3700 1068 3788 frustra
1084 3704 1133 3788 ad
1150 3702 1377 3816 potiundam
1410 3735 1516 3789 sum·

77 3842 144 3900 mo
154 3819 266 3903 >bono
281 3814 444 3906 efficeret
460 3880 472 3925 ,
489 3822 565 3906 hoc
591 3849 657 3935 per
688 3822 848 3938 gratiam
874 3844 1141 3934 cooperantem
1172 3816 1332 3932 perfecte
1352 3817 1446 3908 facit
1476 3845 1518 3908 et
1600 3899 1602 3902 Α

75 3960 165 4018 cum
181 3934 286 4022 lucro
301 3934 491 4023 felicitatis.
514 3939 588 4053 Sed
602 3939 694 4054 quia
709 3941 748 4024 in
764 3965 928 4053 utroque
946 3930 1061 4054 longe
1084 3935 1203 4047 majest
1219 3962 1274 4024 est
1297 3938 1438 4054 gratiae
1465 3939 1515 4026 dia

77 4052 219 4158 vinae,
247 4083 365 4171 quam
382 4055 516 4143 virium
532 4079 743 4143 nostrarum
757 4054 981 4159 efficientia,
1009 4079 1048 4139 et
1068 4055 1171 4140 uites
1187 4078 1377 4168 praeterea
1403 4079 1519 4140 natu-

78 4168 173 4253 cales
184 4172 331 4260 donum
348 4202 504 4291 quoque
532 4174 604 4261 Dei
619 4200 729 4260 sunt:
761 4175 900 4261 idcirco
927 4166 1105 4286 scriptura
1132 4200 1259 4277 sacra,
1282 4202 1382 4288 quae
1413 4201 1517 4259 non-

80 4283 175 4369 nulis
190 4287 228 4370 in
245 4288 354 4396 locis,
371 4316 472 4377 certe
493 4293 640 4407 quoties
655 4317 851 4408 praecepta
873 4291 941 4376 dat
955 4290 1015 4377 vel
1030 4291 1278 4396 exhortatur,
1301 4286 1517 4378 facultatem

80 4397 183 4487 liberi
203 4406 340 4492 arbitrii
358 4465 374 4513 ,
391 4409 510 4525 qualis
525 4410 848 4524 etquantulacum
877 4437 925 4494 ue
942 4435 989 4492 ea
1014 4431 1105 4512 est,
1134 4406 1236 4493 haud
1267 4407 1380 4493 dubie
1405 4433 1517 4495 testa·
1648 4413 1650 4415 ’

79 4541 142 4603 tur
159 4580 171 4625 ,
194 4521 233 4606 in
250 4524 324 4609 aliis
340 4551 476 4612 cuncta
492 4525 640 4615 divinae
656 4529 795 4644 gratiae
810 4437 921 4613 refert
937 4549 1089 4640 accepta
1106 4552 1172 4631 ,et
1197 4523 1305 4640 ipsius
1321 4555 1437 4641 opera
1465 4524 1519 4611 fa·

14 4738 20 4748 ι
79 4636 161 4740 cit,
191 4664 231 4723 et
247 4642 380 4727 merito
408 4641 518 4730 facit:
541 4645 724 4760 quoniam
747 4672 792 4731 ut
816 4646 935 4730 homo
949 4644 1028 4749 sit,
1063 4666 1106 4728 ut
1138 4643 1294 4729 liberum
1326 4643 1520 4729 arbitrium

79 4753 222 4841 habeat
240 4792 252 4860 ,
277 4783 320 4843 ut
335 4759 474 4876 aliquid
500 4761 613 4873 possit
628 4756 800 4866 efficere,
829 4759 1051 4847 beneficium
1067 4786 1123 4847 est
1140 4792 1163 4846 a
1180 4760 1308 4849 divina
1322 4759 1519 4845 liberalita-

84 4895 122 4957 re
139 4872 383 5084 qqohcislclqns.
422 4880 527 4964 Nam
542 4885 627 4966 sive
642 4884 813 4973 nivinus
837 4936 853 4991 ,
878 4887 963 4968 uve
982 4888 1189 4989 moriatur,
1216 4882 1353 4968 donini
1377 4902 1521 4981 sumus,
1568 4930 1638 4986 „p
1653 4943 1693 4997 ,Φ

85 5056 89 5065 „
157 5041 159 5046 .
188 5020 256 5081 ant.
330 5054 341 5080 .
949 5064 952 5072 1
991 5001 1077 5091 >bra
1483 5018 1529 5085 ut

1562 2244 1679 2308 aem«
