4192 5880
490 393 514 462 s
584 358 588 359 ᾗ
810 438 813 443 -
875 383 1095 461 nanum
1136 384 1486 460 cassanum

468 514 703 631 „dispiceret
732 517 747 617 ⁰,
773 510 900 597 milites
924 507 1047 595 omnis
1080 507 1252 624 generis,
1279 510 1482 625 pecunias,
1505 539 1739 602 commeatus
1775 517 1929 611 abunde

346 683 351 696 x
468 695 496 742 „
510 666 548 721 se
580 660 842 752 suggesturum
871 628 1094 745 pollicetur,
1124 627 1260 742 quibus
1283 630 1394 716 rebus
1422 631 1481 717 ille
1518 634 1664 720 amissas
1689 636 1862 725 ecclesiae
1886 676 1928 730 o·

468 783 572 871 „pes
604 757 729 842 valeat
754 750 971 854 restituere,
1006 772 1044 832 et
1075 746 1141 831 sibi
1170 748 1420 835 immortalem
1452 749 1609 869 gloriam
1642 783 1883 873 comparare.
1897 769 1925 815 ‘⁶

384 898 386 905 ·
460 927 468 936 -
527 877 579 959 V.
639 877 725 957 Hac
756 870 929 957 oratione
962 867 1166 953 delectatus
1196 867 1375 984 Aegidius
1402 931 1414 975 ,
1441 872 1549 985 quod
1585 872 1727 961 videret
1754 879 1924 968 oblatam

461 992 532 1080 sibi
552 992 787 1079 occasionem
816 990 856 1074 in
882 982 1019 1074 difficili
1043 985 1226 1104 quidem,
1244 987 1498 1075 honestissima
1533 999 1660 1077 tamen
1691 1022 1831 1103 causa,
1852 999 1925 1086 vir-

464 1136 589 1198 tutem
636 1133 812 1197 suamet
843 1106 1037 1195 consilium
1069 1105 1311 1212 ostentandi,
1345 1108 1577 1224 provinciam
1628 1111 1756 1198 libenti
1795 1119 1924 1206 animo

464 1232 644 1347 suscepit.
676 1231 783 1324 Quin
812 1230 926 1313 etiarn
959 1226 1094 1344 gratias
1123 1255 1160 1310 se
1188 1225 1327 1312 habere
1360 1229 1552 1342 respondit
1580 1228 1782 1338 Pontifici,
1813 1239 1924 1350 quod

465 1350 535 1435 sibi
562 1351 794 1465 potissimum
824 1377 884 1433 eas
907 1373 1027 1461 partes
1052 1344 1281 1462 injungeret.
1316 1350 1419 1432 Nam
1436 1347 1503 1433 etsi
1533 1347 1585 1432 rei
1615 1379 1713 1434 onus
1743 1356 1917 1463 sentiret,

465 1466 555 1552 nihil
594 1495 720 1554 tamen
762 1467 827 1552 sibi
859 1465 1011 1581 potius,
1045 1464 1136 1548 nihil
1170 1464 1357 1580 antiquius
1390 1495 1466 1553 esse
1483 1528 1496 1570 ,
1512 1510 1514 1515 v
1528 1495 1646 1583 quam
1676 1469 1847 1556 ecclesiae
1878 1501 1924 1560 ac

463 1586 636 1672 Pontifici
666 1618 777 1672 suum
808 1580 974 1670 officium
1006 1583 1182 1698 impartiti
1210 1615 1218 1668 :
1247 1583 1351 1697 cujus
1383 1586 1434 1671 rei
1461 1614 1572 1670 causa
1600 1585 1721 1673 nullos
1752 1588 1920 1698 labores,

293 1762 296 1767 ,
370 1749 385 1769 .
464 1705 568 1790 nulla
601 1705 806 1792 discrimina
837 1703 1025 1819 deprecari
1049 1702 1114 1788 sibi
1137 1702 1211 1814 iarn
1237 1704 1381 1818 pridem
1410 1704 1617 1792 indixisset.
1650 1711 1800 1793 Bonam
1815 1737 1922 1824 spem

404 1908 409 1915 .
462 1825 702 1941 conciperer,
736 1823 915 1910 daturum
940 1850 979 1909 se
1005 1851 1186 1938 operam,
1213 1852 1463 1940 sperareque,
1494 1850 1537 1910 ut
1567 1824 1754 1913 debellatis
1787 1852 1923 1941 tyran-

457 1943 546 2049 -nis,
582 1973 716 2031 omnes
743 1942 909 2030 civitates
939 2004 951 2048 ,
983 1970 1083 2058 quae
1113 1971 1297 2057 umquam
1325 1942 1496 2027 ecclesiae
1535 1944 1770 2057 paruissent,
1803 1945 1842 2032 in
1874 1977 1919 2033 e·

269 2084 390 2196 ῗζιέιιῑιιιτεαι
406 2082 452 2194 333
464 2059 609 2175 jusdem
641 2062 898 2179 redigerentur
931 2085 1173 2175 potestatem.
1211 2064 1255 2144 In
1300 2060 1480 2147 habendo
1520 2061 1630 2179 igitur
1675 2061 1821 2150 delectu
1853 2064 1918 2152 vix

270 2161 352 2257 ὥς
467 2211 594 2268 mense
628 2182 833 2286 absumto,
857 2178 997 2295 justum
1042 2180 1243 2265 exercitum
1275 2178 1504 2267 diversarum
1534 2180 1760 2288 nationum,
1791 2182 1919 2269 Gallo

465 2328 580 2409 rum,
608 2305 856 2403 Teutonum,
882 2298 1150 2404 Cimbrorum,
1178 2297 1522 2415 Britannorumque
1554 2297 1732 2416 Aegidius
1762 2329 1915 2416 compa·

465 2420 584 2526 ravit,
602 2450 688 2505 tuus
717 2419 766 2505 ad
799 2420 873 2503 hoc
904 2440 1042 2534 magna
1071 2445 1118 2501 ex
1141 2441 1246 2531 parte
1275 2448 1389 2534 opera
1415 2418 1584 2504 Gometii
1610 2419 1824 2505 Albornotii
1851 2448 1919 2507 ne·

452 2538 564 2653 ‚potis
604 2569 651 2624 ex
684 2534 795 2623 fratre
826 2535 969 2621 Alvaro
995 2537 1128 2621 Garsia
1156 2534 1383 2624 Albornotio
1414 2601 1426 2645 ,
1452 2537 1521 2624 viri
1555 2561 1594 2623 et
1620 2538 1758 2624 strenui
1783 2564 1823 2625 et
1865 2540 1917 2625 rei

311 2682 451 2745 Episcopus
466 2657 627 2743 militaris
662 2659 760 2742 bene
796 2655 922 2772 periti.
960 2651 1208 2739 Proficiscenti
1236 2655 1341 2741 addit
1382 2687 1420 2744 se
1455 2655 1644 2742 Comitem
1684 2663 1813 2773 Lupus
1844 2660 1916 2743 Ar·

267 2740 392 2793 Caesarau
410 2760 425 2793 u
442 2767 452 2780 ·

267 2815 352 2851 stanna
367 2760 454 2853 agra-
467 2776 723 2891 chiepiscopus
746 2779 1145 2891 Caesaraugustanus,
1171 2774 1230 2859 vir
1256 2774 1397 2888 sapiens
1420 2799 1459 2861 et
1481 2775 1559 2862 alto
1585 2774 1774 2881 consilio,
1804 2805 1921 2892 quern
2021 2850 2027 2877 ,

266 2864 350 2912 censis
391 2864 453 2912 belli

267 2921 343 2974 soen.
468 2894 649 3012 Aegidius
681 2893 805 2979 multis
839 2892 1058 3010 magnisque
1088 2888 1273 2976 beneficiis
1301 2892 1546 2999 devinxerat,
1566 2924 1796 3010 suorumque
1829 2922 1921 2979 con-

466 3013 632 3099 siliorum
663 3013 843 3099 arbitrum
884 3010 1110 3096 adhibebat.
1148 3013 1308 3214 §acutus
1335 3034 1390 3095 est
1431 3036 1471 3096 et
1501 3009 1678 3097 Alfonsus
1712 3013 1919 3098 Toletanus

466 3132 635 3219 Pacensis
667 3132 903 3247 Episcopus,
927 3152 1057 3213 auctus
1081 3157 1126 3213 ea
1162 3128 1330 3244 rgnitate
1359 3158 1382 3212 a
1408 3128 1590 3214 Pontifice
1621 3130 1768 3246 Aegidii
1808 3133 1918 3245 preci·

466 3250 539 3336 bus
573 3274 729 3337 exorato
755 3247 995 3335 :eratenim
1023 3247 1057 3333 ei
1083 3247 1200 3335 veteri
1224 3244 1374 3361 fidaque
1401 3243 1644 3333 familiaritate
1671 3249 1915 3363 conjunctus.

466 3369 577 3466 Quin
607 3369 720 3455 etiam
757 3368 805 3452 ab
842 3365 1022 3482 Hispania
1052 3365 1160 3479 hujus
1191 3365 1443 3480 expeditionis*
1465 3362 1783 3458 famaeelerrima
1799 3359 1805 3371 “
1820 3396 1914 3452 non·

467 3486 591 3574 nullos
615 3487 778 3575 excivit:
808 3483 991 3600 inprimis
1033 3484 1207 3569 Blascum
1231 3483 1497 3589 fernandum,
1518 3512 1561 3571 et
1587 3486 1760 3571 Garsiam
1790 3484 1921 3570 Albos·

466 3606 617 3692 notium
633 3604 795 3720 Aegidio
827 3602 1150 3719 consanguinitate
1170 3601 1405 3717 propinquos
1429 3634 1441 3688 t
1469 3603 1534 3717 qui
1563 3601 1637 3714 jam
1667 3603 1737 3687 sub
1759 3598 1922 3690 Alfonso

466 3727 573 3840 Rege
597 3724 781 3808 Castellae
812 3721 1034 3824 militantes,
1051 3749 1138 3805 suae
1162 3719 1305 3808 virtutis
1331 3721 1565 3836 praemium,
1583 3721 1727 3835 amplos
1756 3720 1922 3808 honores

369 3841 372 3845 ’
467 3837 615 3928 fuerant
643 3840 857 3944 consecuti,
883 3862 1036 3953 etpost
1067 3839 1227 3956 Aegidio
1258 3868 1414 3956 operam
1438 3837 1655 3958 egregiam,
1681 3866 1726 3927 ut
1764 3839 1836 3927 suis
1866 3839 1918 3926 lo·

464 3959 518 4045 cis
544 3957 741 4047 referemus
759 3957 825 4064 ,in
849 3956 949 4041 bello
980 3958 1149 4074 gerendo
1179 3983 1433 4047 navaverunt.

477 4164 498 4196 ἡ,
531 4081 598 4164 Vl.
659 4084 751 4163 Erat
778 4105 823 4161 ea
853 4100 1070 4190 tempestate
1097 4076 1403 4191 Archiepiscopus
1419 4138 1432 4182 ,
1448 4075 1691 4191 princepsque
1716 4077 1817 4162 idem
1831 4060 1917 4161 hle·

470 4191 692 4283 diolanensis
728 4197 895 4308 Joannes
925 4194 1113 4279 Matthaei
1144 4193 1259 4277 filius.
1294 4200 1335 4276 ln
1375 4194 1484 4302 hujus
1525 4192 1656 4280 lavore
1688 4195 1924 4281 conciliando
2055 4223 2063 4234 “

273 4340 451 4411 metretarum
474 4346 656 4432 magnum
684 4309 765 4399 fore
786 4338 1021 4399 momentum
1047 4336 1147 4396 ratus
1176 4311 1380 4428 Aegidius,
1411 4312 1675 4398 Mediolanum
1708 4314 1776 4398 iter
1803 4343 1923 4399 susce·

275 4401 456 4462 ⁹‘⁰fi⁰¹⁵⁰¹‘¹¹‘'
473 4435 543 4548 pit.
577 4435 672 4526 Quo
702 4461 790 4517 cum
814 4434 1113 4546 appropinquare
1144 4430 1405 4536 nuntiaretur,
1435 4432 1768 4547 Archiepiscopus,
1800 4430 1924 4516 multis

473 4551 732 4638 honestissimis
761 4551 871 4655 viris,
897 4579 941 4635 ac
972 4546 1088 4633 l'erme
1128 4547 1352 4634 nobilissimo
1380 4578 1537 4665 quoque
1568 4551 1715 4669 longius
1750 4548 1917 4664 praemis-

377 4763 380 4769 ,
472 4671 544 4778 sis,
560 4672 634 4787 ipse
662 4671 813 4757 obviam
838 4699 925 4755 cum
960 4698 1101 4784 magno
1123 4667 1306 4755 comitatu
1337 4668 1388 4755 ad
1403 4669 1483 4758 duo
1513 4670 1623 4756 millia
1648 4673 1697 4755 ab
1719 4668 1811 4753 urbe
1841 4697 1922 4781 pas·

473 4821 584 4876 suum
617 4787 729 4874 officii
771 4788 888 4906 gratia
928 4786 1123 4898 procedit,
1156 4816 1200 4872 ac
1237 4788 1391 4874 demum
1431 4788 1621 4904 splendide
1653 4785 1926 4904 magnificeque

471 4909 636 5028 hospitio
675 4908 848 5026 accepit,
879 4906 1006 5034 edicto
1036 4936 1102 5027 per
1126 4907 1289 5028 urbem,
1317 4933 1362 4998 ut
1385 4909 1547 5032 Aegidio
1574 4907 1726 5028 eiusque
1751 4905 1926 4994 universo

466 5092 467 5099 a
1826 5048 1929 5117 exer·
