4020 5864
499 406 567 492 516
788 402 856 474 on
880 403 1011 474 mro
1034 402 1100 474 ur
1128 344 1306 474 nunno
1329 404 1568 477 nnurr'nro

473 554 561 629 res,
584 522 828 632 tollenones,
850 553 1034 611 sacrarum
1052 527 1238 643 virginum
1267 552 1597 642 constupratores,
1619 518 1785 612 Breviter
1814 553 1915 644 quos

473 640 678 750 fraudum,
705 645 891 750 incestus,
915 644 1117 761 sacrilegii,
1146 673 1190 730 ac
1217 647 1340 730 omnis
1361 646 1500 730 sceleris
1525 646 1645 730 socios
1666 645 1784 728 habet
1801 703 1816 749 ,
1836 641 1914 729 fra-

469 785 650 847 ·tressuos
675 823 687 867 ,
710 764 802 849 dum
828 762 987 847 Paulum
1010 763 1209 868 imitatur,
1237 761 1409 875 appellat.
1442 761 1592 863 Quibus
1626 788 1716 848 cum
1748 762 1913 848 Paulinis
1967 852 1971 858 ,

472 877 569 970 haec
584 905 639 965 est
662 880 847 993 praeclara
869 879 1098 986 similitudo,
1121 878 1229 997 quod
1256 880 1303 963 illi
1325 878 1554 964 continentia
1576 944 1588 978 ‚
1611 878 1816 982 castitate,
1838 880 1910 964 hu·

474 995 653 1101 militate,
680 992 923 1115 sanctimonia
968 1022 1110 1082 ceteros
1148 996 1200 1081 ad
1228 996 1364 1080 Christi
1391 998 1464 1081 Dei
1489 996 1705 1112 religionem
1732 994 1906 1081 adhorta·

474 1112 642 1219 bantur,
672 1139 711 1199 et
734 1138 905 1199 auctores
930 1141 1010 1199 non
1039 1114 1162 1201 solum
1188 1112 1385 1219 doctrina,
1416 1113 1482 1199 sed
1516 1112 1628 1197 ctiam
1654 1111 1834 1225 exemplo
1858 1113 1909 1198 stri

474 1224 656 1338 fuerunt,
680 1258 724 1318 ut
739 1231 845 1318 multi
859 1234 963 1316 bona
985 1256 1123 1317 cuncta
1138 1231 1410 1334 distraherent,
1434 1255 1473 1315 et
1497 1229 1565 1343 piis
1588 1230 1819 1344 pauperibus
1842 1230 1910 1315 im-

473 1348 724 1460 partirentur,
747 1375 939 1464 postremo
955 1350 1121 1464 oppetita
1144 1346 1267 1435 morte
1282 1377 1354 1462 pro
1369 1345 1444 1431 fide
1459 1346 1585 1450 idem,
1610 1346 1722 1460 quod
1740 1347 1823 1431 vita
1836 1406 1849 1452 ,
1864 1372 1912 1433 te

474 1463 618 1550 stificati
635 1492 746 1551 sunt:
775 1467 959 1551 [otherus
974 1492 1101 1553 autem
1116 1495 1205 1552 cum
1232 1466 1304 1550 suis
1335 1461 1505 1549 fratribus
1542 1462 1718 1548 homines
1749 1462 1913 1572 libidne,

474 1578 647 1687 incestu,
672 1585 872 1698 superbia,
897 1584 1088 1701 sacrilegiis
1109 1585 1158 1670 ad
1180 1611 1336 1668 omnem
1352 1582 1580 1694 impietatem
1594 1578 1788 1687 invitant,
1804 1610 1914 1696 seque

474 1698 527 1787 ad
558 1701 694 1807 urbes,
720 1701 899 1816 oppida,
927 1698 1015 1786 fana
1056 1700 1307 1787 obsidendum
1337 1756 1351 1802 ,
1379 1697 1634 1801 vastandum,
1660 1696 1909 1810 diripiendum

475 1813 590 1902 duces
616 1841 655 1903 et
678 1818 939 1936 antesignanos
955 1820 1147 1935 praebent.
1179 1816 1324 1931 Nequis
1355 1814 1501 1900 interim
1531 1811 1711 1897 miracula
1736 1843 1762 1897 a
1791 1815 1914 1902 sicariis

476 1957 516 2018 et
533 1935 710 2051 sacrilegis
734 1940 948 2051 exspectet,
973 1963 1040 2022 aut
1064 1935 1215 2019 miretur
1238 1991 1252 2037 ,
1277 1933 1386 2047 quod
1404 1960 1519 2016 nemo
1546 1928 1718 2043 ipsorum
1734 1932 1800 2018 vel
1820 1933 1912 2018 clau·

381 2157 383 2159 ,
477 2050 572 2135 dum
587 2082 730 2166 equum
756 2053 894 2168 (quod
910 2051 1061 2171 pulchre
1076 2075 1231 2140 testatur
1248 2048 1351 2137 testis
1377 2046 1685 2163 locupletissimus
1712 2051 1913 2167 Erasmus)

372 2202 374 2215 ι
478 2196 611 2253 sanare
642 2194 819 2283 potuent.

536 2286 604 2369 Vl.
635 2344 637 2348 -
664 2287 737 2373 Sed
753 2289 869 2375 redeo
882 2282 1121 2376 ad‘absurda
1135 2314 1175 2376 et
1200 2286 1472 2394 incommoda,
1496 2310 1703 2403 quaeram
1733 2287 1827 2374 dura
1850 2314 1907 2372 ne·

349 2458 353 2467 -
474 2401 621 2488 cessitas
637 2405 740 2520 cogit
756 2405 925 2492 homines
941 2466 953 2511 ,
978 2408 1006 2492 si
1022 2405 1114 2493 fides
1129 2408 1242 2494 errori
1258 2406 1344 2491 huic
1359 2407 1541 2491 habeatur
1557 2466 1569 2510 ,
1585 2405 1805 2491 incurrere:
1822 2435 1913 2519 quo·

472 2547 562 2604 sum
574 2545 612 2606 et
632 2520 722 2607 illud
740 2551 816 2609 esse
832 2547 1011 2631 constat,
1039 2524 1149 2639 quod
1164 2524 1362 2609 hominum
1378 2522 1577 2637 prudentia
1596 2519 1701 2608 fatali
1719 2523 1913 2636 tyrannide

423 2657 424 2660 ‘
477 2631 646 2753 fiandinu
661 2637 867 2726 excluditur
884 2698 899 2744 ,
922 2665 963 2726 et
979 2668 1137 2755 pereunt
1150 2636 1285 2725 omnes
1300 2637 1467 2744 fructus,
1491 2669 1589 2754 quos
1604 2638 1796 2724 maximos
1811 2640 1858 2722 ab
1871 2667 1911 2723 α

478 2780 551 2838 nos
572 2783 703 2867 capere
719 2758 957 2870 putabamus.
993 2763 1060 2843 Est
1076 2756 1177 2841 enim
1204 2756 1401 2870 pntdentia
1415 2784 1538 2841 rerum
1562 2755 1783 2870 hominibus
1809 2784 1913 2870 agen·

479 2869 613 2955 darum
646 2867 982 2989 fugiendarumque
997 2873 1181 2990 cognitio,
1204 2879 1255 2959 Et
1279 2873 1354 2959 hoc
1367 2872 1568 2958 -ascientia
1593 2868 1747 2957 differte
1773 2872 1912 2977 dicimr,

328 2988 586 3106 maentra'quod
602 2988 752 3074 scientia
766 3015 821 3077 est
845 2990 893 3076 de
910 2992 1019 3076 rebus
1036 2990 1270 3096 necessariis,
1298 3014 1337 3074 et
1354 3018 1452 3103 quae
1479 2988 1582 3074 aliter
1610 2989 1758 3075 habere
1779 3017 1914 3104 neque·

288 3094 465 3206 ffilfflfssssjff¹
480 3129 577 3189 unt:
603 3105 801 3219 prudentia
830 3106 879 3192 de
901 3106 966 3214 iis,
997 3136 1096 3223 quae
1124 3107 1226 3192 aliter
1241 3130 1280 3191 et
1295 3106 1398 3191 aliter
1414 3102 1535 3210 effici,
1564 3131 1631 3190 aut
1654 3106 1816 3192 vicissim
1837 3135 1914 3191 non

414 3324 416 3328 ι
479 3216 577 3305 ellici
599 3248 778 3336 possunt,
807 3223 948 3338 quaesi
964 3224 1065 3309 nulla
1090 3249 1198 3330 sunt,
1219 3249 1263 3308 ut
1278 3248 1376 3309 certe
1392 3252 1472 3308 non
1498 3246 1617 3326 sunt,
1642 3223 1672 3305 si
1700 3247 1841 3307 cuncta
1854 3252 1913 3308 ne.

478 3337 646 3424 cessitate
661 3336 780 3445 fiant,
811 3341 1009 3454 prudentia
1026 3341 1199 3424 nimirum
1217 3369 1297 3425 non
1314 3363 1439 3454 potest
1462 3368 1543 3424 non
1570 3365 1647 3423 esse
1662 3339 1826 3425 sublata.
1851 3341 1911 3428 hd

479 3454 573 3542 haec
587 3455 616 3541 si
631 3455 768 3568 injussu
783 3454 848 3541 sati
865 3519 878 3564 ,
903 3457 977 3542 hoc
1004 3482 1079 3561 est,
1097 3483 1242 3571 praeter
1262 3457 1338 3567 ejus
1354 3456 1644 3571 praescriptum,
1668 3456 1763 3541 nihil
1792 3485 1911 3571 neque

309 3671 318 3693 X
478 3602 590 3689 agere
604 3602 730 3688 neque
745 3573 918 3660 omittere
933 3603 1157 3688 possumus:
1185 3574 1279 3688 quid
1294 3575 1455 3659 obsecro
1481 3573 1564 3657 ralis
1588 3573 1760 3687 cognitio
1787 3597 1910 3686 potest

406 3700 436 3723 ”·
479 3690 616 3776 habere
632 3689 815 3777 utilitatis?
850 3690 913 3776 Ad
926 3721 1110 3776 summam
1128 3749 1142 3795 ,
1159 3719 1208 3775 ne
1236 3690 1385 3806 singulav
1403 3716 1603 3804 persequar
1622 3748 1635 3792 ,
1662 3717 1745 3802 qua
1771 3691 1913 3775 ratione

376 3867 379 3873 .
477 3806 578 3922 leges
605 3836 693 3893 curn
715 3807 926 3894 necessitate
952 3804 1018 3892 fati
1035 3832 1130 3894 stare
1155 3835 1234 3892 non
1262 3836 1370 3920 posse
1403 3805 1598 3891 docuimus
1631 3807 1743 3910 ,hac
1771 3805 1912 3891 tollitut

476 3925 696 4038 prudentia,
713 3949 752 4009 et
780 3925 965 4039 quidquid
996 3955 1020 4008 a
1047 3924 1244 4039 prudentia
1259 3921 1530 4037 proficiscitur,
1550 3923 1625 4005 hoc
1652 3948 1712 4009 est
1731 3923 1912 4027 ,virtutes

476 4070 610 4126 omnes
626 4069 781 4156 pereunt
797 4101 809 4146 ,
836 4043 964 4127 omnia
980 4038 1100 4126 officia
1115 4102 1128 4147 ,
1143 4040 1270 4125 laudes
1286 4101 1299 4144 ,
1315 4041 1503 4155 praemia,
1524 4039 1641 4154 gloria
1657 4099 1670 4144 ,
1701 4065 1742 4125 et
1770 4040 1827 4124 his
1843 4071 1914 4155 op·

477 4159 598 4272 posita
621 4159 831 4264 tolluntur,
859 4159 987 4275 religio
1012 4158 1102 4243 item
1117 4184 1156 4242 et
1179 4157 1322 4272 pietas,
1346 4183 1386 4242 et
1412 4156 1596 4271 quidquid
1619 4182 1760 4241 coetus
1792 4158 1914 4242 horni-

479 4304 572 4360 num
588 4302 812 4380 conservat,
841 4300 880 4360 et
895 4277 988 4360 solet
1009 4276 1201 4381 civitates,
1227 4277 1375 4389 tegna,
1400 4302 1534 4390 resque
1562 4272 1726 4386 publicas
1746 4273 1791 4358 in
1812 4276 1914 4361 cultu

414 4440 423 4474 t
480 4392 554 4476 Dci
572 4452 584 4497 ,
601 4419 715 4508 atque
739 4389 868 4477 officio
888 4392 1092 4478 continere.

288 4501 466 4623 {lsslffissdnffll
538 4511 622 4594 Vll.
680 4515 796 4593 Nunc
810 4508 860 4593 ad
878 4534 915 4594 te
937 4508 1050 4595 venio
1073 4508 1266 4613 Luthere,
1283 4508 1358 4590 hoc
1372 4533 1441 4613 est,
1459 4507 1509 4595 ad
1535 4504 1690 4593 nefarias
1706 4532 1797 4595 tuas
1813 4509 1913 4596 calu-

288 4623 367 4729 ζξξξῗ
380 4624 597 4711 ‘¹³⁵¹’u'mnias
624 4650 662 4713 et
686 4626 896 4737 sophisticas
919 4627 1071 4739 ineptias
1087 4625 1440 4739 perditissimamque
1470 4624 1745 4738 impudentiam
1779 4657 1908 4742 propa·

477 4743 643 4829 landum.
679 4743 752 4826 Sed
769 4742 857 4826 illud
874 4743 972 4854 ptius
994 4743 1185 4828 videamus
1208 4741 1341 4856 (quod
1357 4767 1412 4827 est
1440 4772 1588 4827 motum
1619 4770 1663 4825 ac
1691 4744 1835 4860 ingenii
1858 4746 1909 4829 tui

475 4862 709 4954 clarissimum
718 4859 925 4976 speculum)
941 4858 1034 4976 quid
1043 4861 1290 4948 adsuetamn
1302 4860 1507 4948 litterarum
1517 4858 1909 4950 testimonucomme,

496 5030 498 5035 .
1832 5008 1910 5066 mo-
