4050 5858
1478 437 1552 512 ²22

205 788 208 796 .
378 633 1309 748 attribuimus
1419 707 1423 716 .

114 975 118 982 .
630 898 1062 983 nnoaonuua
1224 850 1233 854 ’

175 1128 206 1213 l·
271 1004 455 1220 QUID
487 1120 708 1226 meditaris,
736 1118 922 1208 Alfome?
952 1119 1136 1238 numquid
1160 1123 1252 1209 novi
1282 1096 1339 1209 ab¹
1362 1060 1567 1238 Hispania?=

116 1247 226 1330 Nam
251 1242 444 1359 publicum
468 1240 578 1327 vobis
601 1239 834 1327 tabellarium
857 1243 1066 1356 pervenisse
1080 1301 1094 1346 ,
1108 1240 1320 1327 indubitato
1343 1266 1570 1359 argumento

115 1386 208 1449 sunt
226 1359 438 1477 frequentes
471 1356 711 1473 epistolarum
743 1358 884 1446 indices
912 1359 963 1448 ad
991 1357 1089 1446 fores
1108 1358 1404 1475 argentariorum
1429 1384 1570 1476 propo-

115 1479 206 1585 siti,
235 1502 275 1565 et
304 1504 463 1596 magnus
494 1476 756 1592 Hispanorum
781 1490 984 1564 concursus
1009 1479 1060 1564 ad
1079 1473 1277 1565 ¹fasciculos
1302 1477 1568 1576 redimendos.
1605 1557 1606 1560 γ
1707 1556 1755 1581 ,q

113 1602 208 1687 'Am
224 1710 226 1714 ι
241 1595 304 1686 Ab
321 1593 529 1711 Hispania,
545 1595 767 1709 leopolde,
786 1594 876 1682 nihil
897 1595 1019 1702 novi,
1036 1593 1146 1711 quod
1159 1596 1315 1711 quideni
1330 1595 1397 1697 tibi
1419 1597 1510 1692 scire
1524 1597 1571 1683 sit

117 1714 247 1801 cordi:
268 1741 429 1817 omnes,
457 1741 536 1828 qua
551 1712 704 1819 solent,
727 1712 927 1829 tranquilla
942 1741 1033 1829 pace
1055 1709 1231 1801 huuntiir
1247 1742 1259 1817 3
1273 1712 1342 1812 nisi
1357 1716 1465 1829 quod
1482 1745 1571 1832 pru·

116 1833 338 1919 dentiorum
364 1830 510 1918 animos
533 1858 578 1915 ea
608 1849 698 1922 cura
729 1829 901 1919 solicitari
929 1831 1200 1938 conscribunt,
1227 1831 1312 1947 quis
1334 1855 1493 1919 eventus
1524 1833 1570 1918 sit
1678 1830 1681 1840 ’

117 1947 268 2038 futurus
282 1945 393 2059 hujus
421 1945 708 2063 periculosissimi
731 1947 815 2034 belli
829 2010 843 2056 ,
858 1951 967 2066 quod
992 1950 1164 2066 Princeps
1187 1955 1399 2044 Tuicaruin
1414 1947 1763 2058 solinu-bpfflffss

120 2083 194 2154 nus
222 2066 422 2154 Pannoniis
451 2091 567 2181 atque
584 2066 801 2161 Germanis,
816 2064 944 2155 infert.
969 2069 1034 2155 Ad
1050 2068 1160 2184 quod
1182 2067 1480 2183 propulsandum
1493 2072 1569 2154 Ca·
1582 2068 1762 2180 g‘ffiqffi

115 2185 219 2291 rolus
241 2188 381 2271 Caesar
397 2189 480 2269 Rex
504 2205 630 2270 noster
659 2184 743 2272 satis
770 2182 922 2272 firmum
946 2187 1149 2274 exdcitum
1169 2215 1403 2301 comparasse
1419 2187 1566 2274 dicitur.
1584 2191 1672 2240 ιω*

118 2309 248 2390 Nemo
279 2302 380 2388 enim
407 2300 523 2418 paulo
552 2303 674 2389 modo
698 2302 852 2418 ¹peritior
878 2332 1007 2397 ‚rerum
1038 2303 1219 2420 ignorat,
1247 2304 1453 2408 discrimine
1481 2306 1569 2392 belli

115 2421 229 2534 hujus
254 2420 415 2507 niaxima
445 2448 569 2507 terum
594 2420 690 2507 verti
718 2447 944 2526 momenta,
966 2422 1092 2535 deque
1112 2442 1258 2509 summa
1285 2423 1567 2536 propemodum

117 2539 182 2656 agi
203 2536 423 2653 reipublicae
438 2537 681 2624 Christianae.
699 2539 974 2655 Quamquam,
987 2539 1016 2624 si
1027 2567 1118 2625 vera
1133 2563 1220 2625 sunt
1235 2599 1248 2645 ,
1266 2567 1366 2654 quae
1391 2541 1565 2626 nuntian-
1580 2574 1761 2650 cassinen-

118 2680 210 2763 tur,
238 2656 406 2771 peditum
431 2679 584 2743 ceritum
617 2653 754 2760 millia,
782 2658 953 2771 equitum
979 2684 1073 2746 vero
1098 2655 1249 2773 triginta
1273 2656 1444 2744 inarmis
1472 2687 1564 2766 esse,
1579 2648 1614 2744 ll
1626 2649 1760 2767 “teithi

116 2775 295 2891 sapientia
315 2799 355 2861 et
382 2773 604 2870 auctoritate
631 2771 759 2860 Caroli
783 2774 977 2877 Caesaris,
1005 2801 1172 2890 curaque
1199 2799 1239 2861 cr
1266 2774 1455 2891 diligencia
1474 2781 1563 2864 Fer·
1579 2758 1760 2886 llmehlllh

118 2892 238 2980 nandi
262 2889 380 2978 fratris
405 2891 483 3003 ejus
508 2892 727 2979 Pannoniae
742 2893 855 3010 Regis
883 2917 1043 2997 coacta,
1070 2922 1132 2977 ma
1160 2920 1211 2982 na
1232 2921 1302 2978 me
1330 2922 1412 3008 spes
1435 2893 1564 3001 habet,
1579 2876 1760 3008 hitalia*

118 3009 316 3098 victoriam
331 3070 344 3116 ,
361 3010 391 3095 si
420 3009 638 3099 dimicatum
658 3007 769 3094 fuerit
784 3067 798 3114 ,
813 3038 927 3125 peries
951 3033 1099 3096 nostros
1121 2921 1205 3096 liare
1221 3070 1234 3115 ,
1248 3012 1421 3124 quamvis
1441 3011 1565 3101 hosti·
1582 3005 1707 3046 mm

73 3132 82 3141 ’
113 3157 189 3215 um
208 3127 410 3216 exercitum
432 3151 643 3216 asseverent
668 3124 966 3244 quingentorum
989 3125 1144 3213 millium
1176 3150 1408 3216 armatorum
1432 3157 1565 3219 nume·

117 3276 204 3334 rum
232 3245 438 3334 exemere.
467 3249 571 3333 Nam
594 3245 678 3332 licet
703 3244 821 3330 nostri
850 3244 924 3331 sint
951 3244 1110 3359 impares
1136 3273 1327 3362 numero,
1351 3272 1481 3338 tamen
1499 3279 1564 3367 ge-

118 3391 208 3461 nere
236 3363 425 3468 milium,
453 3364 620 3469 virtute,
649 3359 779 3480 peritia
801 3360 886 3450 belli
911 3361 1095 3479 gerendi,
1118 3382 1388 3482 armorumque
1411 3360 1565 3481 appara·
1617 3393 1618 3396 ‘

121 3507 167 3595 tu
190 3509 278 3570 sunt
305 3482 421 3600 longe
444 3482 678 3597 superiores.
892 3500 896 3506 ·
971 3500 975 3509 ’
1051 3500 1053 3503 ’
1393 3502 1396 3508 ·
1469 3502 1472 3506 ·

178 3603 226 3684 11.
283 3605 397 3686 Laos.
432 3603 497 3688 An
529 3599 598 3687 isia
628 3623 669 3686 te
699 3598 821 3686 inodo
851 3595 1050 3688 solicitudo
1079 3595 1290 3718 fatigabat,
1316 3597 1391 3712 iam
1415 3601 1563 3690 dudum

113 3716 161 3804 in
190 3716 267 3805 hoc
293 3713 490 3832 pontificio
520 3716 729 3807 coenaculo
758 3716 880 3805 solum
907 3716 1058 3832 obstipo
1084 3720 1206 3834 capite
1232 3719 1426 3810 cornicum
1457 3749 1564 3808 more

108 3835 456 3922 deambulantem?
478 3840 570 3921 Ais.
597 3840 656 3923 Ea
675 3859 779 3922 certe
803 3833 1054 3951 potissimum.
1085 3836 1245 3924 Homini
1275 3837 1377 3922 enim
1404 3836 1501 3926 civili
1524 3855 1564 3929 et

116 3952 506 4042 liberalitereduoato·
520 3951 652 4059 nulla,
673 3979 718 4041 ut
743 3953 908 4069 opinor,
932 3981 1023 4039 cura
1046 3954 1173 4069 potior
1188 3982 1266 4044 esse
1289 3952 1401 4040 debet
1417 4014 1429 4061 ,
1445 3985 1564 4071 quam

113 4098 249 4157 earum
277 4101 431 4178 rerum,
458 4099 559 4188 quae
588 4071 855 4187 rempublicam
872 4071 1097 4188 attingunt.
1127 4071 1203 4158 Sed
1230 4071 1329 4156 hanc
1355 4071 1472 4186 ipsam
1498 4105 1564 4161 so-

112 4185 344 4276 licitudinem
366 4214 484 4307 auget
508 4219 623 4275 meae
644 4186 881 4305 profectionis
906 4189 946 4274 iii
969 4191 1044 4276 hoc
1061 4187 1201 4275 belluni
1224 4189 1423 4305 cogitatio:
1444 4220 1564 4308 quam

118 4303 396 4420 profectionem
412 4309 451 4395 id
474 4306 595 4397 solum
618 4326 787 4413 moratur
802 4368 816 4411 ,
831 4308 946 4423 quod
956 4333 1029 4394 tres
1057 4307 1145 4419 equi
1162 4367 1175 4413 ,
1192 4332 1291 4421 quos
1314 4306 1452 4396 electos
1468 4315 1566 4398 Nea

82 4420 204 4538 stpoli'·
227 4423 473 4538 reliqueram,
501 4449 706 4539 antequam
732 4425 771 4510 iii
796 4426 973 4512 morbum
994 4423 1237 4531 incidissem,
1256 4454 1280 4510 a
1300 4454 1381 4542 quo
1409 4427 1566 4519 viridum

104 4540 204 4626 satis
227 4541 428 4649 convalui,
459 4543 634 4633 nondum
649 4542 741 4629 mihi
756 4566 844 4629 sunt
862 4543 1038 4630 adducti.
1054 4546 1192 4659 Neque
1206 4544 1307 4630 enim
1332 4547 1446 4657 stauai
1460 4593 1473 4650 ,
1489 4544 1566 4634 for·

118 4658 165 4743 tis
190 4684 307 4775 atque
331 4655 488 4747 officiosi
518 4659 638 4746 inlitis
662 4688 741 4746 esse
761 4661 796 4746 ei
820 4659 921 4746 bello
938 4659 1074 4776 ,quod
1089 4666 1294 4776 Imperator
1314 4691 1487 4777 praesciis
1499 4663 1567 4752 ad-
1715 4673 1718 4678 ’

106 4774 300 4863 ,ιιιῑιιίιῑιεῑ
316 4839 328 4885 ,
342 4806 423 4865 non
445 4778 649 4881 interesse,
677 4777 705 4863 si
723 4804 789 4891 per
804 4777 1061 4872 valetudinem
1076 4779 1121 4864 ei
1144 4780 1250 4866 liceat
1266 4839 1279 4883 ,
1295 4780 1458 4896 aliasque
1488 4811 1569 4873 ma·

122 4922 216 5011 gnis
245 4919 315 4984 aut
340 4893 560 5013 necessarias
588 4895 896 5098 occupationes}
915 4896 1182 5011 praesertimsi
1204 4896 1290 5018 quis
1319 4896 1411 4988 illius
1433 4897 1569 4987 absen-

844 5017 872 5100 F
907 5044 930 5102 2
1528 5018 1578 5108 tis
