4034 5858
515 342 581 417 35²
677 450 1135 540 DECRETUM
1179 451 1271 535 ET
1316 452 1747 538 IND'ULTUM

809 658 1326 756 ALEXANDRI
1384 662 1621 755 SEXTI

552 892 717 978 SUPER
745 887 1109 975 EXPEDITIONE
1139 887 1201 972 IN
1231 888 1507 972 BARBAROS
1540 887 1677 972 NOVI
1701 887 1869 998 ORBIS,

941 1058 1068 1148 Quos
1093 1060 1239 1153 rubos
1265 1058 1485 1127 vocant.

483 1221 567 1387 IN
584 1299 738 1384 nomine
753 1296 908 1383 Domini
925 1303 1067 1384 Amen.
1101 1296 1291 1383 Noverint
1323 1293 1485 1380 universi
1521 1293 1597 1380 hoc
1626 1322 1801 1408 praesens
1825 1297 1942 1411 publi·

479 1413 567 1503 cum
589 1442 839 1504 transumtum
873 1416 1106 1530 inspecturi,
1137 1414 1246 1530 quod
1273 1443 1343 1499 nos
1379 1414 1545 1524 Jacobus
1580 1414 1839 1522 Conchillos,
1869 1418 1943 1502 Dei

479 1562 520 1622 er
536 1535 774 1648 Apostolicae
790 1533 884 1620 sedis
908 1536 1027 1650 gratia
1046 1536 1251 1648 Episcopus
1277 1531 1534 1616 Cathaniensis
1547 1592 1564 1635 ,
1576 1529 1821 1638 habuimus,
1850 1534 1943 1620 vidi-

480 1685 565 1738 mus
584 1678 622 1738 er
635 1653 828 1769 diligenter
856 1652 1077 1766 inspeximus
1101 1649 1345 1765 infrascriptas
1369 1649 1504 1734 litteras
1526 1645 1635 1734 felicis
1666 1651 1937 1738 recordationis

478 1771 679 1857 Alexandri
697 1778 819 1885 Papae
833 1774 902 1855 Vl.
933 1769 1010 1882 ejus
1036 1800 1126 1859 vera
1153 1769 1256 1855 bulla
1279 1769 1454 1882 plumbea
1484 1797 1573 1851 cum
1602 1768 1766 1852 cordulis
1801 1771 1935 1855 sericeis

478 1889 676 2005 croceique
698 1889 832 1974 coloris
849 1918 957 1975 more
979 1893 1177 1987 Romanae
1193 1887 1319 1972 curiae
1346 1885 1597 2001 impendentis
1627 1886 1786 1971 bullatas
1803 1950 1815 1993 ,
1832 1918 1939 1974 sanas

478 2010 664 2124 siquidem
677 2031 716 2092 et
739 2008 901 2124 integras
917 2035 962 2092 ac
976 2007 1203 2095 omnimoda
1220 2004 1426 2121 suspicione
1452 2029 1617 2091 carentes
1633 2003 1848 2117 hujusmodi
1872 2008 1940 2093 sub

372 2224 376 2225 7
483 2150 630 2211 tenore.

539 2243 782 2330 „Alexander
798 2245 1005 2362 Episcopus
1021 2316 1032 2349 ,
1050 2277 1178 2338 servus
1191 2271 1385 2334 servorum
1401 2243 1502 2349 Dei,
1524 2239 1712 2328 carissimo
1726 2241 1763 2327 in
1777 2243 1935 2331 Christo

349 2473 351 2477 Δ
479 2360 583 2446 ›sfilio
602 2363 839 2448 Ferdinando
849 2367 943 2482 Regi
963 2393 1001 2452 et
1016 2368 1218 2453 carissimae
1233 2366 1435 2450 inChristo
1451 2363 1545 2447 filiae
1563 2362 1755 2447 Elisabeth
1769 2363 1937 2478 Reginae

410 2482 412 2485 ’
478 2481 717 2586 asCastellae,
743 2481 948 2598 Legionis,
973 2488 1234 2603 Aragonum,
1259 2484 1400 2567 Siciliae
1426 2507 1465 2570 et
1490 2487 1683 2566 Granatae
1709 2480 1936 2586 illustribus,

476 2601 661 2685 „salutem
677 2625 716 2684 et
742 2601 1001 2712 Apostolicam
1034 2601 1362 2689 benedictionem.
1401 2604 1501 2685 Inter
1526 2625 1649 2688 cetera
1674 2597 1827 2685 divinae
1856 2628 1939 2710 ma-

476 2717 623 2829 „jestati
645 2716 874 2829 beneplacita
889 2749 1038 2833 opera,
1061 2747 1100 2806 et
1115 2719 1238 2806 cordis
1265 2717 1381 2803 nostri
1410 2717 1698 2821 desiderabilia,
1726 2717 1820 2804 illud
1850 2747 1936 2833 pro

476 2831 606 2932 salecto
621 2835 855 2950 potissimum
871 2837 1035 2944 exsistit,
1062 2864 1107 2925 ut
1124 2838 1215 2924 fides
1231 2834 1413 2922 catholica
1430 2862 1469 2921 et
1486 2835 1697 2920 Christiana
1719 2837 1847 2953 religio
1867 2864 1937 2920 no·

476 2954 584 3039 „stris
600 2955 812 3068 praesertim
829 2958 1060 3069 temporibus
1076 2957 1285 3061 exaltetur,
1311 2984 1356 3040 ac
1371 2955 1526 3040 ubilibet
1554 2955 1756 3069 amplietur
1783 2980 1821 3041 et
1844 2953 1936 3039 dila-

477 3094 606 3158 „retur
624 3135 636 3178 ,
653 3073 940 3190 animarumque
966 3075 1060 3161 salus
1076 3098 1325 3192 procuretur,
1355 3102 1400 3158 ac
1426 3074 1604 3157 barbarae
1621 3074 1795 3159 nationes
1813 3072 1936 3188 depri-

478 3219 687 3296 nmantur,
712 3216 751 3279 et
775 3197 826 3281 ad
841 3191 954 3278 fidem
973 3194 1090 3308 ipsam
1106 3196 1345 3281 reducantur.
1375 3194 1491 3278 Unde
1507 3221 1594 3275 cum
1611 3192 1660 3276 ad
1678 3191 1780 3275 hanc
1802 3220 1935 3276 sacram

478 3312 606 3396 »Petri
623 3312 767 3416 sedem,
785 3312 913 3399 divina
929 3311 1081 3399 favente
1095 3313 1318 3417 clementia,
1345 3312 1482 3395 meritis
1500 3310 1584 3394 licet
1594 3308 1798 3425 imparibus
1813 3373 1826 3416 ,
1847 3339 1939 3395 evo·

479 3428 803 3537 ‚‚catifi1erimus,
828 3458 1100 3547 cognoscentes
1117 3464 1188 3521 vos
1214 3456 1411 3545 tamquam
1441 3459 1553 3520 veros
1582 3429 1790 3515 catholicos
1815 3433 1936 3544 Reges

478 3572 546 3632 net
575 3548 787 3662 Principes,
820 3549 949 3664 quales
975 3579 1119 3665 semper
1135 3547 1245 3636 fuisse
1272 3550 1477 3655 novimus,
1501 3574 1540 3635 et
1566 3576 1589 3630 a
1619 3548 1727 3633 vobis
1754 3547 1940 3662 praeclare

478 3692 612 3780 „gesta
629 3667 700 3752 toti
716 3696 836 3781 paene
847 3667 922 3780 jam
938 3669 1020 3752 orbi
1034 3669 1223 3754 notissima
1240 3668 1503 3753 demonstrant
1520 3730 1533 3773 ,
1559 3667 1703 3753 nedum
1720 3667 1761 3752 id
1776 3692 1937 3782 exopta-

481 3812 574 3888 ssre,
597 3786 664 3870 sed
679 3784 786 3872 omni
800 3811 969 3890 conatu,
996 3787 1122 3872 studio
1145 3812 1184 3872 et
1211 3785 1429 3902 diligentia,
1457 3786 1565 3871 nullis
1585 3786 1802 3892 laboribus,
1830 3784 1938 3871 nullis

479 3900 709 4014 „impensis,
737 3903 922 4018 nullisque
946 3904 1137 4017 parcendo
1151 3903 1317 4019 periculis
1337 3904 1472 4010 ‚etiam
1501 3905 1695 4021 proprium
1719 3905 1937 4020 sanguinem

479 4015 738 4106 „effundendo
754 4018 927 4128 efficere,
947 4051 992 4105 ac
1006 4051 1162 4107 omnem
1178 4022 1347 4108 animum
1365 4049 1534 4109 vestrum
1552 4052 1762 4138 omnesque
1775 4047 1938 4105 conatus

480 4137 557 4221 „ad
587 4137 664 4235 hoc
688 4136 911 4249 jamdudum
944 4139 1132 4226 dedicasse
1161 4201 1173 4244 ,
1199 4140 1528 4255 quemadmodum
1564 4141 1795 4254 recuperatio
1830 4135 1938 4255 regni

481 4259 700 4340 „Granatae
722 4287 745 4340 a
769 4256 971 4367 tyrannide
999 4263 1271 4343 Saracenorum
1295 4258 1483 4345 hodiernis
1516 4259 1749 4374 temporibus
1774 4287 1841 4373 per
1874 4285 1940 4344 vos

479 4400 593 4455 „cum
609 4399 716 4459 tanta
731 4375 848 4462 divini
864 4375 1024 4461 nominis
1044 4375 1162 4493 gloria
1190 4373 1288 4461 facta
1317 4401 1496 4463 testatur:
1528 4377 1642 4507 digne
1665 4376 1842 4461 ducimur
1862 4403 1939 4459 non

478 4490 718 4596 „immeriro,
736 4517 774 4576 et
790 4487 970 4578 debemus
996 4495 1054 4578 illa
1073 4495 1179 4580 vobis
1197 4495 1309 4582 etiam
1326 4520 1461 4609 sponte
1490 4520 1528 4580 et
1555 4495 1810 4582 lavorabiliter
1842 4523 1933 4580 con·

478 4610 637 4694 „cedere
654 4671 666 4712 ,
684 4638 748 4724 per
760 4639 860 4724 quae
873 4612 1088 4722 hujusmodi
1103 4640 1272 4698 sanctum
1289 4637 1329 4697 et
1349 4614 1536 4699 laudabile
1562 4642 1606 4698 ac
1627 4612 1832 4698 immortali
1852 4618 1936 4696 Deo

477 4752 700 4841 „acceptum
726 4728 961 4842 propositum
978 4730 1016 4815 in
1039 4730 1115 4816 dies
1131 4729 1346 4816 ferventiori
1373 4732 1501 4816 animo
1518 4732 1567 4816 ad
1585 4731 1694 4847 ipsius
1713 4732 1786 4816 Dei
1805 4732 1936 4816 hono·

477 4873 585 4951 utem
613 4870 652 4937 et
679 4845 822 4968 inperii
852 4847 1047 4941 Christiani
1075 4850 1390 4971 propagationem
1419 4853 1596 4968 prosequi
1626 4848 1803 4940 valeatis.
1840 4855 1936 4936 Sane

1851 4994 1937 5065 ›sac-
