4006 5850
505 413 579 485 430
864 397 932 468 Du
955 393 1076 471 ntro
1099 394 1239 471 uum.
1260 399 1327 470 rr
1352 397 1552 470 orsurus.

482 513 687 623 tinendus,
712 515 778 605 sed
794 520 896 635 apud
909 549 1003 627 nos,
1021 520 1143 637 inquit
1161 522 1293 638 ,quod
1310 550 1390 609 non
1410 520 1493 612 licet
1513 515 1687 627 feminis,
1708 546 1835 639 aeque
1848 548 1926 610 non

483 633 568 718 licet
583 636 695 739 viris,
727 663 765 722 et
788 639 921 726 eadem
945 643 1101 728 servitus
1118 641 1442 758 pariconditione
1472 667 1668 728 censetur·
1696 642 1831 736 Quam
1847 671 1926 728 sen·

357 741 473 791 Habetur

290 813 331 911 ᾗ,
348 813 435 872 qm„
449 754 640 862 „tentiam
661 757 898 872 Augustinus
914 789 1071 876 quoque
1084 760 1123 846 in
1141 790 1256 878 opere
1273 765 1319 844 de
1344 764 1434 847 bono
1458 764 1646 871 conjugali
1671 757 1925 866 confirmavit,

293 873 524 984 ,e‘fffssssliet
539 872 629 959 item
645 874 687 958 in
712 874 808 961 libro
836 881 883 961 de
908 883 1134 964 adulterinis
1158 883 1354 991 cmtjugiis.
1387 880 1491 965 Licet
1502 880 1603 965 enim
1632 906 1731 964 uxor
1757 879 1924 966 adultera

484 993 646 1108 graviori
663 1021 701 1078 se
718 994 871 1081 crimine
887 1057 900 1100 ,
926 1026 1043 1113 quam
1059 999 1239 1086 moechus
1256 997 1408 1084 maritus
1422 998 1631 1134 obstringat
1655 994 1748 1110 (hic
1763 998 1865 1082 enim
1881 1027 1924 1088 cx

484 1110 713 1197 matrimonii
739 1113 848 1200 bonis
874 1116 1065 1229 appellatis
1098 1142 1187 1205 toro
1216 1117 1626 1220 etsactament03111a
1654 1115 1771 1202 etiam
1805 1116 1923 1231 proli,

482 1259 582 1345 quae
598 1231 761 1349 conjugii
776 1234 947 1369 proprius
963 1259 1018 1319 est
1032 1234 1141 1340 finis,
1165 1235 1334 1349 injuriam
1363 1230 1484 1340 facit,
1506 1234 1810 1321 incertitudinem
1841 1233 1925 1319 affe·

302 992 356 1033 mo·

482 1350 633 1463 sendo)
654 1377 783 1437 tamen
804 1381 845 1437 m
862 1375 1027 1470 utroque
1052 1354 1137 1441 satis
1167 1383 1305 1473 magna
1331 1383 1443 1440 causa
1468 1376 1524 1440 est
1554 1351 1606 1439 ad
1637 1351 1853 1442 diuortium
1873 1348 1921 1439 fa·

480 1467 673 1554 ciendum.

480 1697 483 1705 Ι
542 1589 681 1672 ΧΧΙΗ.
741 1591 880 1707 Neque
910 1617 1003 1676 vero
1027 1618 1178 1707 semper·
1196 1592 1349 1678 maritus
1367 1589 1558 1679 adulterae
1589 1588 1697 1676 uxori
1725 1588 1921 1704 repudium

482 1703 572 1790 dare
587 1706 728 1823 legibus
743 1706 970 1821 permittitur
993 1771 1006 1815 ,
1031 1709 1097 1796 sed
1126 1710 1264 1798 dantur
1292 1710 1530 1824 exceptiones
1561 1769 1574 1815 ,
1600 1708 1746 1824 quibus
1771 1708 1918 1795 marinas

480 1821 649 1911 adulterii
673 1825 814 1911 crimen·
828 1827 866 1912 in
882 1857 1038 1913 uxorem
1066 1828 1263 1915 intendens
1290 1828 1509 1944 repellitur,
1529 1827 1748 1943 quibtuque
1778 1827 1920 1943 cogitur

318 1988 466 2042 mm,
480 1942 655 2029 eamdem
674 1945 734 2031 vel
748 1942 886 2032 invitus
902 1945 1059 2032 retinere
1077 1976 1197 2063 :quae
1213 1971 1356 2064 septem
1372 1947 1533 2035 omnino
1549 1976 1573 2030 a
1590 1945 1727 2032 sanctis
1743 1972 1790 2029 ac
1807 1946 1921 2033 erudi·

286 2051 467 2170 ,ξ’ῐξξὲζξῇἔῑ
480 2059 621 2147 tissimis
637 2062 721 2149 viris
739 2089 996 2150 numerantur.
1011 2064 1190 2163 Quarum
1205 2094 1281 2153 una
1296 2089 1368 2171 est,
1386 2066 1435 2153 de
1450 2093 1529 2182 qua
1544 2063 1665 2151 modo
1685 2064 1922 2170 disserebun,

288 2172 466 2301 {limitis
480 2178 509 2263 Si
521 2178 599 2293 ipse
617 2210 777 2298 quoque
797 2181 854 2269 vir
869 2183 1039 2270 adulterii
1064 2211 1263 2272 teneatur:
1281 2183 1374 2271 nihil
1388 2209 1444 2271 est
1460 2183 1561 2270 enim
1576 2182 1755 2299 iniquius,
1770 2207 1923 2269 auctore

287 2290 467 2409 {ssisslfffiz
480 2299 618 2384 eodem
635 2294 886 2418 Augustino,
911 2320 1029 2420 quam·
1055 2333 1167 2390 casua
1202 2300 1455 2392 fornicationis
1471 2287 1923 2403 uxoremdinittermsi

286 2413 466 2531 ῗςέξξξῗξέζζ
479 2443 518 2503 et
533 2416 611 2533 ipse·
623 2420 860 2508 convincitur
876 2418 1066 2508 fornicari.
1092 2423 1223 2510 Altera
1238 2447 1295 2510 est
1309 2479 1328 2529 ,
1342 2423 1370 2509 si
1386 2452 1482 2509 uxor
1498 2451 1522 2506 a
1538 2420 1623 2508 viro
1634 2416 1750 2506 fuerit
1765 2419 1921 2536 cuipiam

287 2543 466 2641 mlii:
478 2536 581 2623 alteri
597 2540 797 2653 prostituta
815 2571 829 2625 τ-
854 2542 1023 2657 exceptio
1039 2541 1142 2627 enim
1171 2541 1345 2629 lenocinii
1360 2565 1596 2627 accusantem
1614 2540 1799 2626 maritum
1816 2538 1921 2625 etiam

205 2751 212 2762 ,
286 2650 465 2778 ἷζῖῗᾝξξῆῃῖζ
478 2653 556 2765 jure
571 2657 666 2744 civili
682 2657 837 2774 repellit.
867 2660 1044 2755 Quarum
1059 2662 1323 2776 exceptionum
1338 2662 1488 2776 utrique
1511 2659 1567 2772 jus
1581 2654 1672 2745 facit
1680 2657 1811 2745 mariti
1838 2686 1915 2773 par,

287 2772 466 2880 ¹f,⁶.¹¹‘⁰5?3},¹5,[
479 2773 540 2860 vel
567 2774 681 2861 etiam
714 2776 830 2887 majus
850 2778 1015 2863 crimen:
1045 2780 1148 2893 paria
1163 2779 1264 2866 enirn
1283 2776 1420 2865 delicta
1449 2801 1583 2863 mutua
1607 2779 1922 2894 compensatione

290 2889 437 2952 “mm
478 2892 677 2980 tolluntur.
709 2896 837 2981 Tertia
857 2896 1028 3012 exceptio
1044 2898 1182 3005 datur,
1212 2897 1242 2985 si
1256 2896 1453 3012 repudiata
1468 2920 1556 2982 ante
1589 2896 1792 3012 utriusque
1804 2892 1918 3008 bapti·

478 3039 601 3109 smum
618 3042 688 3101 suo
703 3012 782 3126 jure
806 3015 972 3131 nupserit
996 3014 1101 3101 alteri
1115 3075 1131 3123 ‚
1144 3041 1230 3131 post
1247 3016 1348 3101 enim
1364 3015 1540 3127 eamdem
1564 3014 1728 3128 recipere
1741 3020 1939 3129 Innocen-

477 3128 518 3215 tii
533 3131 629 3216 tertii
645 3132 798 3219 decreto
815 3156 964 3220 tenetur
981 3165 991 3218 :
1020 3133 1154 3221 scilicet
1169 3135 1259 3250 quia
1276 3134 1386 3247 hujus
1413 3132 1584 3220 adulterii
1598 3132 1711 3248 culpa
1726 3160 1814 3220 non
1828 3161 1918 3217 uxo·

478 3248 508 3331 ri
524 3247 680 3370 pudicae
700 3252 873 3368 assignari
889 3253 1033 3356 debet,
1058 3254 1124 3339 sed
1151 3253 1261 3358 viro,
1289 3253 1357 3370 qui
1379 3252 1493 3339 talem
1521 3249 1797 3367 repudiando,
1821 3246 1919 3336 adul·

306 3367 573 3491 ³⁵,gummerio
596 3362 683 3456 fecit
713 3371 965 3458 occasionem.
992 3372 1143 3468 Quarta
1161 3371 1219 3478 ,si
1231 3395 1319 3486 post
1336 3370 1556 3458 diuturnam
1584 3369 1800 3456 absentiam
1822 3395 1920 3454 mor·

289 3488 588 3597 ffilv‘glsstuum
605 3489 778 3574 maritum
806 3487 989 3606 probabili
1004 3490 1219 3603 conjectura
1235 3491 1391 3577 eredens
1406 3489 1509 3576 alteri
1537 3488 1731 3603 nupserit:
1762 3512 1809 3574 ut
1824 3488 1918 3575 sica·

290 3608 565 3728 ffijiniltpms
595 3608 649 3728 ab
675 3606 845 3694 hostibus
866 3608 1167 3724 quinquennium
1197 3639 1222 3694 a
1250 3633 1422 3746 tempore
1438 3607 1662 3724 captivitatis
1686 3608 1920 3695 excessisset:

292 3740 572 3846 ‘guffqffltunc
586 3725 687 3811 enim
718 3725 847 3813 mulier
869 3727 921 3813 ad
941 3727 1027 3813 alias
1052 3726 1207 3814 transire
1229 3754 1380 3843 nuptias
1403 3756 1482 3841 Jure
1497 3725 1593 3824 civili
1622 3725 1920 3842 permittebatur.

293 3846 390 3909 ΡΜ·
480 3842 748 3950 Quinta5siab
765 3874 841 3953 eo,
865 3845 932 3962 qui
947 3873 989 3931 se
1003 3846 1178 3931 maritum
1192 3847 1231 3930 in
1246 3845 1407 3931 tenebris
1431 3845 1687 3953 simulaverit,
1707 3874 1780 3961 pet
1795 3843 1915 3932 dolun

480 3957 592 4047 fuerit
615 3963 781 4069 violata,
801 3965 1015 4082 ignorantia
1034 3964 1135 4050 enim
1151 3988 1361 4051 excusatur.
1387 3963 1461 4048 Cui
1479 3963 1601 4050 similis
1632 3988 1692 4051 est
1727 3964 1853 4066 ratio,
1885 3956 1917 4042 si

479 4075 592 4166 fuerit
605 4072 788 4168 violenter
812 4111 1014 4199 oppressa:
1051 4111 1151 4199 quae
1167 4107 1268 4171 sexta
1284 4082 1457 4199 exceptio
1486 4105 1566 4170 cst:
1595 4081 1652 4170 vis
1680 4084 1788 4168 enim
1809 4077 1920 4162 allata

482 4224 562 4284 non
577 4200 677 4288 levat
692 4198 812 4287 modo
828 4262 840 4305 ,
857 4201 924 4289 sed
938 4201 1035 4289 tollit
1051 4202 1164 4288 etiam
1180 4202 1339 4291 omnino
1356 4225 1582 4320 peccatum,
1611 4224 1774 4286 auctore
1790 4199 1920 4314 Augu·

377 4411 384 4426 ‚
419 4409 444 4460 D
464 4318 609 4423 stim,
638 4321 703 4438 qui
718 4319 795 4432 eius
811 4317 954 4407 dictum
969 4321 1214 4410 vehementer
1229 4320 1359 4410 laudat
1376 4382 1389 4429 ,
1405 4320 1473 4437 qui
1488 4321 1528 4406 in
1553 4318 1707 4406 crimine
1725 4317 1919 4407 violataea

293 4413 412 4526 niifw‘
447 4421 471 4458 ‘¹
482 4435 671 4521 Collatino
684 4438 875 4524 Lucretiae
894 4441 990 4527 duos
1007 4436 1117 4527 fuisse
1145 4441 1264 4548 dixit,
1288 4440 1492 4528 sedunum
1516 4438 1745 4526 adulterium
1769 4433 1918 4551 commi·

479 4554 577 4640 sisse.
608 4551 776 4668 Septima
791 4559 959 4672 exceptio
976 4559 1088 4646 datur
1103 4559 1334 4677 indulgentia
1351 4559 1493 4665 mariti,
1509 4559 1537 4644 si
1552 4582 1638 4673 post
1664 4556 1793 4644 uxoris
1819 4550 1916 4642 adul

481 4673 616 4759 terium
635 4704 790 4790 operam
805 4673 925 4761 liberis
942 4676 1072 4764 dando
1087 4704 1175 4763 cum
1190 4708 1236 4765 ea
1251 4679 1396 4766 redierit
1411 4678 1450 4762 in
1464 4678 1638 4795 gratiam,

308 4826 470 4890 ,senuas
541 4794 686 4879 XXIV.
734 4793 807 4879 Sed
822 4823 1055 4932 quamquam
1072 4795 1337 4906 fornicatione,
1350 4826 1449 4916 quae
1463 4795 1688 4883 adulterium
1701 4793 1917 4932 appellatur,

480 4911 630 5032 proprie
645 4909 904 5005 adulterorum
919 4937 1048 5021 cottus
1062 4915 1288 5035 significetur
1303 4980 1317 5030 ,
1330 4943 1416 5008 suut
1432 4940 1560 5003 tamen
1576 4916 1646 5006 alia
1667 4943 1853 5020 crurum,
1878 4935 1918 4996 ut

1834 5033 1919 5122 lug.
