4006 5850
541 391 612 482 416

546 522 577 663 J
582 514 833 647 OANN
836 511 907 641 ls
948 510 1301 641 'GENESII
1367 508 1929 642 SEPULVEDAE

898 757 1574 878 couuuueums

655 1033 732 1124 nu
759 1029 890 1124 ru‘ru
922 1027 1246 1113 nominauit
1267 1029 1343 1121 er
1370 1001 1809 1129 ursanusnnoue,

1005 1343 1175 1437 Lmen
1197 1342 1455 1484 ¹paruus.

511 1623 517 1633 ·
545 1586 577 1667 1.
603 1499 852 1666 MAritale
867 1573 1111 1690 conjugium,
1138 1575 1248 1692 quod
1268 1573 1467 1687 majoribus
1498 1579 1630 1665 nostris
1659 1604 1745 1665 tum
1786 1582 1945 1696 nuptias,

461 1743 463 1747 ⁷
515 1723 601 1784 tum
633 1693 914 1781 matrimonium
940 1693 1123 1806 appellare
1155 1692 1306 1795 libuit,
1325 1717 1453 1800 recte,
1485 1720 1529 1781 ut
1562 1697 1723 1782 arbitror
1752 1759 1766 1802 ,
1806 1696 1945 1785 definie-

516 1842 608 1920 tur,
637 1817 664 1900 si
680 1813 748 1900 viri
763 1836 877 1925 atque
890 1806 1050 1896 feminae
1082 1812 1236 1897 societas
1251 1811 1443 1897 individua
1467 1841 1543 1899 esse
1573 1813 1717 1899 dicatur
1745 1875 1759 1919 ,
1786 1813 1945 1902 libertae

515 1933 678 2050 legitime
708 1953 900 2014 contracta
928 1988 942 2032 ,
972 1957 1083 2013 causa
1114 1929 1226 2043 prolis
1253 1928 1519 2044 generandae.
1547 1933 1674 2035 Quo,
1702 1932 1731 2017 si
1771 1933 1944 2050 originem

514 2076 662 2166 repetas
678 2109 690 2152 ,
706 2047 734 2131 si
757 2045 896 2151 finem,
912 2047 942 2129 si
956 2073 1149 2131 auctorem
1165 2070 1333 2159 spectes,
1350 2044 1496 2133 nullum
1513 2076 1558 2135 ex
1573 2049 1718 2135 vocatis
1734 2054 1941 2137 Sacramen-

392 2178 397 2196 “
516 2169 563 2253 tis
580 2196 650 2252 nec
670 2163 882 2278 antiquius,
907 2191 977 2248 nec
992 2163 1263 2249 honestioribus
1281 2191 1328 2246 err
1352 2163 1500 2269 causis,
1524 2194 1594 2250 nec
1623 2167 1794 2282 denique
1809 2168 1941 2279 majore

516 2285 724 2371 institutum
739 2280 959 2365 auctoritate
975 2280 1143 2394 reperias.
1170 2284 1331 2366 Constat
1347 2281 1566 2390 enimcum
1582 2308 1705 2369 cetera
1722 2310 1812 2398 post
1821 2313 1940 2400 pecea-

514 2401 627 2508 tuin,
651 2427 689 2488 et
704 2423 856 2516 propter
868 2425 1065 2512 peccatum
1079 2397 1347 2502 inductasint,
1374 2398 1448 2482 hoc
1463 2406 1583 2483 urium
1600 2401 1707 2487 initio
1722 2428 1812 2516 post
1831 2405 1940 2519 ipsam

513 2524 638 2607 statim
656 2521 864 2635 primorum
882 2517 1077 2601 bominum
1103 2518 1328 2602 creationem
1346 2577 1360 2621 ,
1384 2541 1588 2629 antequam
1606 2514 1830 2633 peccarent,
1846 2522 1895 2606 ab
1913 2522 1942 2605 i·

517 2669 587 2752 pso
608 2643 697 2721 Deo
712 2631 820 2718 fuisse
835 2633 873 2717 in
890 2632 1062 2745 paradiso
1080 2634 1286 2719 delitiarum
1302 2633 1539 2738 institutum,
1568 2663 1659 2720 curn
1687 2637 1845 2723 numine
1874 2637 1944 2752 plr-

518 2785 587 2839 nus
604 2752 693 2840 dixit
702 2752 851 2837 Adam:
868 2751 954 2834 Hor
975 2777 1070 2835 nunc
1084 2778 1124 2835 os
1139 2777 1189 2833 est
1205 2751 1350 2835 ossibus
1366 2758 1485 2857 mels,
1508 2766 1545 2835 et
1561 2779 1650 2837 earo
1667 2759 1713 2837 de
1734 2782 1848 2838 earne
1856 2783 1941 2840 mee.

510 2872 671 2982 propter
688 2871 756 2956 boc
783 2875 964 2973 relinquet
988 2871 1090 2953 homo
1106 2885 1255 2978 patrem
1269 2883 1307 2950 et
1330 2882 1485 2952 matrem
1500 2885 1562 2971 ,et
1584 2872 1811 2959 adhaerebit
1835 2880 1941 2957 moti

515 3017 636 3093 saraae,
664 3004 702 3072 et
732 3003 839 3071 erunt
860 2989 930 3069 duo
962 2994 1003 3070 t‘n
1032 3013 1144 3071 earne
1174 3013 1260 3070 una.
1289 2988 1429 3102 Neque
1449 3014 1543 3071 vero
1566 2988 1687 3073 solum
1705 3014 1801 3075 tunc
1821 2994 1940 3074 aDoo

512 3106 722 3193 institutum
737 3130 792 3190 est
808 3103 1112 3206 matrimonium,
1128 3104 1192 3186 sed
1209 3103 1319 3187 etiam
1335 3134 1358 3187 a
1374 3103 1526 3189 Christo
1548 3105 1819 3193 confirmatum
1844 3110 1939 3191 Mat·

512 3224 613 3310 thaei
636 3253 701 3333 19·
719 3222 858 3336 capite:
874 3221 959 3325 ubi,
974 3246 1019 3306 ut
1033 3219 1181 3335 proprie
1196 3219 1480 3306 Sacramentum
1493 3247 1586 3308 esset
1601 3252 1728 3310 novae
1746 3224 1851 3342 legis,
1866 3251 1938 3308 non

389 3360 391 3363 ’
440 3357 446 3367 ’
513 3343 665 3444 solum,
688 3365 734 3424 ut
748 3363 859 3442 ante,
876 3334 1041 3424 officium
1057 3362 1211 3423 naturae
1226 3339 1505 3454 ac'reipublica'e
1521 3343 1791 3454 praestandum
1807 3403 1820 3447 ,
1836 3340 1936 3426 Chri

513 3450 591 3545 stus
614 3459 714 3546 idem
743 3456 924 3558 instituit,
955 3455 1020 3544 illis
1049 3454 1309 3569 potissimum,
1338 3483 1383 3543 ut
1406 3456 1571 3572 plerique
1598 3484 1767 3574 putant,
1798 3459 1934 3548 verbis:

515 3580 614 3685 quod
640 3576 746 3660 Deus
762 3578 982 3683 conjunxit,
1002 3575 1103 3658 bomo
1129 3600 1198 3658 non
1220 3588 1382 3682 separet.
1411 3574 1492 3671 Qui
1508 3599 1548 3659 et
1573 3578 1711 3691 nuptiis
1727 3573 1939 3663 interliterat

513 3695 553 3780 in
568 3698 676 3780 Cana
691 3691 893 3794 Galilaeae,
909 3717 981 3776 nec-
993 3689 1112 3776 modo
1126 3721 1194 3776 sua
1206 3691 1414 3805 praesentia,
1425 3693 1683 3781 auctoritatem
1705 3693 1848 3780 fecerat
1860 3723 1939 3799 ,ve

514 3810 729 3898 rum'etian
744 3808 849 3894 edito
864 3807 1041 3892 miraculo
1058 3805 1295 3924 (etquidem
1310 3806 1481 3893 omnium
1494 3809 1647 3927 ptimo)
1671 3811 1823 3898 mirifice
1837 3839 1940 3896 com·

514 3929 697 4016 mendam
713 3925 935 4013 nobilitarat.
968 3928 1070 4008 Cum
1090 3924 1165 4012 boc
1181 3923 1293 4042 igitur
1307 3929 1612 4034 Sacramentum,
1635 3959 1720 4045 quo
1743 3928 1875 4015 Christi
1902 3953 1942 4014 et

367 4149 372 4159 p
513 4045 697 4133 Ecclesiae
712 4072 812 4131 sacta
829 4040 966 4159 copula
979 4039 1232 4158 significamr,
1254 4043 1310 4127 bis
1322 4041 1534 4130 institutum
1549 4075 1627 4133 esse
1642 4049 1813 4134 tradatur
1829 4107 1843 4154 ,
1857 4071 1940 4132 ante

400 4157 401 4161 Ν
511 4189 653 4280 etpost
665 4186 879 4280 peccatum:
890 4160 1057 4273 ⁴primum
1072 4157 1185 4272 officii
1203 4159 1322 4277 gratia
1338 4161 1470 4247 datum
1483 4188 1552 4267 est,
1567 4165 1659 4279 quin
1676 4165 1802 4252 immo
1817 4190 1857 4252 et
1876 4165 1940 4250 im-

510 4307 684 4396 peratum
709 4278 949 4383 hominibus,
973 4302 1017 4363 ut
1032 4277 1071 4361 in
1088 4307 1227 4395 magna
1238 4277 1403 4393 ipsorum
1420 4279 1590 4386 raritate,
1610 4282 1764 4370 ineunte
1782 4284 1937 4391 mundo,

509 4423 551 4484 et
568 4400 645 4514 pati
670 4398 814 4483 ratione
835 4396 957 4481 statim
981 4418 1068 4510 post
1096 4395 1310 4500 diluvium,
1335 4395 1497 4512 legitima
1521 4398 1624 4512 prole
1655 4430 1779 4516 genus
1813 4403 1936 4487 hrum·

509 4545 603 4601 num
619 4539 912 4630 propagaretur:
938 4537 1068 4627 postea
1087 4541 1181 4599 vero
1195 4513 1308 4598 etiam
1324 4513 1362 4598 in
1386 4515 1592 4603 temedium
1605 4510 1741 4605 contra
1763 4518 1937 4631 adultetia

508 4660 548 4720 et
563 4662 642 4719 non
660 4631 852 4746 permissos
866 4631 1109 4733 concubitus,
1140 4660 1227 4716 orm
1245 4633 1289 4718 sit
1308 4631 1427 4718 bomo
1450 4657 1494 4720 ut
1517 4635 1717 4723 aemula
1743 4639 1869 4743 vitia,
1896 4637 1938 4722 sic

456 4782 459 4785 ’
506 4752 693 4866 inprimis
722 4750 771 4837 ad
787 4748 973 4833 libidinem
1004 4776 1145 4862 pronus
1170 4777 1258 4833 suae
1286 4774 1440 4836 natutae
1466 4750 1679 4858 salacitate,
1706 4784 1791 4872 qua
1819 4756 1939 4845 omnia

455 4902 457 4908 ’
508 4869 790 4989 propemodum
804 4862 976 4954 animalia
1006 4864 1131 4954 uincit.
1161 4865 1297 4956 Paulus
1320 4867 1419 4954 enim
1434 4870 1638 4986 Apostolus
1653 4870 1704 4958 sic
1733 4875 1788 4962 ad
1814 4874 1941 4964 Corin·

1591 4994 1951 5102 thios
