4034 5858
536 368 601 463 398
804 373 872 443 DE
896 371 1121 450 RATIONE
1144 369 1354 475 DICENDI
1378 371 1642 445 TESTIMON.

1029 613 1313 698 CAPUT
1371 614 1423 698 X.

1090 789 1354 875 summarium.

543 963 571 1023 1.
619 963 732 1025 Rectoe
744 965 871 1026 rationis
879 964 1020 1036 judicium
1037 976 1084 1043 est
1098 966 1240 1035 indcium
1258 965 1391 1025 bonorum
1411 983 1448 1027 ac
1459 968 1643 1042 prudentium
1663 968 1810 1030 virorum.

541 1044 587 1103 ΙΙ.
609 1045 646 1106 ln
659 1046 777 1105 duorum
791 1047 888 1129 legum
909 1047 1086 1105 contentione
1105 1049 1319 1121 proeterenndo
1332 1058 1377 1107 est
1390 1065 1462 1124 quae
1475 1049 1584 1110 minore
1596 1050 1745 1124 vinculo,
1769 1061 1816 1110 ant
1833 1065 1902 1127 pan·

660 1126 789 1187 ctorabns
801 1125 921 1188 nexibus
937 1126 1072 1208 obligata
1092 1141 1143 1187 nce
1155 1127 1227 1187 ineo
1233 1138 1380 1203 peccatm.
1512 1175 1515 1178 ,

388 1352 389 1355 ‘
532 1331 561 1411 1.
592 1250 982 1444 Pnn.0ptimamtu
996 1326 1152 1445 quidem
1167 1353 1206 1415 et
1221 1326 1417 1443 pulchram
1427 1329 1610 1427 rationem
1628 1331 1857 1419 constimisti
1868 1333 1940 1420 diri·

498 1447 627 1534 mendi
641 1449 939 1552 controversias,
962 1447 990 1532 si
1007 1448 1165 1563 quando
1181 1446 1282 1564 leges
1302 1449 1474 1536 venerint
1488 1446 1528 1534 in
1554 1452 1873 1556 contentionem,
1905 1476 1942 1536 ut

499 1565 606 1650 omni
622 1565 759 1680 scripto
778 1565 867 1682 legis
895 1595 1040 1679 semper
1071 1566 1247 1679 judicium
1273 1592 1396 1654 rectae
1422 1566 1575 1652 rationis
1598 1565 1863 1682 praeferatur,
1889 1569 1945 1655 scd

498 1684 588 1767 mihi
607 1683 803 1801 negotium
820 1683 937 1769 nihilo
955 1685 1072 1800 magis
1090 1683 1294 1798 expedisti:
1321 1686 1450 1772 adhuc
1466 1685 1568 1770 enim
1600 1685 1744 1771 haereo
1771 1687 1824 1772 ad
1852 1716 1945 1772 eam·

497 1800 585 1888 dem
602 1804 782 1888 salebram
802 1863 816 1909 ,
844 1826 883 1888 et
911 1802 1021 1920 quod
1036 1803 1080 1886 sit
1096 1802 1272 1915 judicium
1291 1830 1413 1891 rectae
1430 1803 1615 1906 rationis,
1630 1803 1801 1920 ignoro,
1830 1833 1944 1920 eoque

466 1921 645 2039 magis,
673 1921 782 2039 quod
811 1949 921 2035 saepe
944 1921 1117 2008 eamdem
1145 1949 1296 2006 causam
1335 1923 1395 2007 alii
1427 1921 1534 2008 aliter
1566 1921 1777 2033 dijudicant
1807 1925 1945 2037 penitus

495 2041 683 2125 contraria
699 2042 940 2126 decernentes
955 2101 967 2143 ,
982 2068 1149 2156 quorum
1165 2040 1325 2156 quisque
1356 2069 1466 2126 suum
1484 2041 1662 2150 judicium
1679 2070 1702 2124 a
1720 2066 1827 2127 recta
1842 2042 1945 2128 tatio

495 2185 547 2243 ne
562 2155 774 2274 profectum
790 2185 867 2243 esse
887 2157 1110 2244 contendit.
1147 2163 1270 2242 Tmo.
1286 2158 1374 2243 Tibi
1403 2157 1579 2245 videlicet
1608 2158 1820 2244 arbitrabar
1837 2160 1945 2246 theo-

497 2304 601 2360 rema
616 2275 928 2391 philosophorum
957 2305 1037 2361 non
1067 2275 1267 2381 excidisse,
1295 2305 1378 2394 quo
1406 2277 1554 2362 bonum
1571 2300 1610 2362 et
1635 2302 1785 2363 rectum
1811 2276 1850 2363 id
1875 2307 1947 2365 esse

498 2393 667 2501 docent,
685 2420 724 2481 et
745 2383 899 2481 vicissim
916 2394 1058 2479 malum
1074 2417 1113 2479 et
1129 2424 1290 2508 pravum
1312 2458 1325 2501 ,
1355 2395 1465 2513 quod
1499 2394 1573 2480 tale
1607 2393 1798 2506 judicatur
1824 2423 1900 2482 esse
1928 2424 1947 2480 a

497 2512 607 2599 bonis
623 2537 661 2600 et
682 2513 926 2628 prudentibus
944 2513 1187 2598 hominibus:
1213 2543 1295 2630 quo
1312 2513 1502 2628 perspicue
1527 2513 1744 2630 intelligitur
1772 2575 1787 2618 ,
1817 2539 1947 2600 tectam

498 2660 576 2717 esse
591 2633 806 2734 rationem,
835 2660 913 2747 qua
938 2631 1006 2717 viri
1028 2631 1138 2745 probi
1168 2656 1208 2717 et
1233 2631 1415 2747 sapientes
1444 2632 1681 2749 diriguntur.
1719 2635 1835 2719 Haec
1850 2658 1903 2718 cst
1916 2660 1947 2718 e

499 2752 577 2835 nim
594 2751 690 2836 ratio
706 2778 862 2835 manans
877 2751 927 2833 ab
942 2778 1016 2855 ea,
1043 2778 1159 2865 quam
1176 2748 1299 2865 legem
1315 2775 1509 2837 aeternam
1524 2749 1790 2864 appellamus·
1823 2756 1947 2867 ltaque

501 2869 714 2984 philosophi
741 2890 824 2953 tum
851 2867 1021 2980 priores,
1052 2892 1136 2952 tum
1168 2867 1281 2953 etiam
1309 2869 1377 2985 qui
1393 2868 1606 2955 Christiane
1621 2867 1949 2984 philosophantur,

502 3015 715 3074 excessuum
733 3010 771 3071 et
785 2980 1000 3070 defectuum
1017 2986 1319 3092 mediocritates,
1349 3017 1450 3103 quae
1489 2987 1645 3074 virtutes
1676 2988 1952 3094 nominannn,

502 3134 596 3193 tunc
610 3130 709 3191 recte
722 3103 898 3189 constitui
913 3103 1084 3210 docent,
1109 3132 1196 3189 cum
1212 3105 1264 3190 sic
1286 3133 1310 3188 a
1332 3106 1582 3222 prudentibus
1601 3105 1685 3191 vitis
1708 3105 1946 3192 definiuntur.

504 3229 561 3312 Ut
577 3250 704 3310 autem
721 3250 790 3307 nos
797 3220 893 3308 ratio
909 3220 1022 3309 docet
1039 3282 1051 3326 ,
1075 3249 1194 3338 utque
1209 3224 1325 3310 sancti
1343 3229 1469 3312 Patres
1486 3222 1715 3311 definierunt
1750 3225 1793 3310 in
1818 3249 1947 3310 octavo

507 3343 668 3430 concilio
691 3342 911 3445 Toletano,
940 3341 1008 3428 viri
1033 3341 1226 3456 prudentis
1253 3366 1309 3428 est
1333 3403 1346 3447 ,
1371 3344 1410 3428 in
1433 3342 1498 3427 tali
1529 3343 1658 3460 legum
1680 3342 1950 3457 discrepantia,

507 3490 608 3578 quae
638 3488 831 3578 quamque
858 3459 1151 3573 praetermissam
1180 3460 1303 3576 legem
1341 3461 1585 3547 incommoda
1622 3490 1668 3546 ac
1700 3461 1948 3576 turpitudines

513 3581 618 3696 sequi
647 3579 876 3682 videantur,
897 3576 1091 3694 diligenter
1114 3578 1379 3684 considerare,
1410 3603 1449 3666 et
1475 3578 1531 3664 his
1547 3579 1642 3665 inter
1657 3607 1695 3665 se
1722 3579 1894 3684 collatis,
1919 3576 1952 3661 in

509 3729 588 3815 qua
602 3700 685 3816 lege
701 3693 1028 3813 praetermittenda
1041 3695 1163 3783 minus
1179 3698 1400 3814 perspexerit
1418 3727 1494 3785 esse
1512 3696 1625 3803 mali,
1650 3697 1752 3783 hanc
1779 3699 1847 3786 tali
1862 3724 1953 3784 rem·

514 3846 606 3932 pote
623 3814 914 3933 praetermittere
930 3822 1039 3928 turpe
1054 3836 1134 3899 non
1158 3843 1236 3902 esse
1263 3816 1502 3904 constituere.
1533 3821 1639 3902 Nam
1664 3817 1790 3903 minus
1807 3817 1953 3918 malum,

356 3975 423 4027 nan.
437 3986 464 4037 ⁵·
518 3961 560 4023 ut
587 3932 855 4051 supradictum
872 3956 953 4038 est,
986 3933 1203 4049 docentque
1219 3934 1431 4050 philosophi
1463 3935 1603 4041 ,vicem
1620 3934 1738 4023 habet
1761 3935 1860 4022 boni
1884 3938 1957 4017 lta·

515 4083 592 4172 que
615 4057 683 4141 hoc
699 4058 827 4162 placet
848 4053 962 4156 Deo,
985 4065 1024 4134 et
1046 4055 1249 4160 probatum
1279 4070 1338 4137 est
1355 4056 1603 4160 bominibus,
1640 4078 1684 4140 ut
1717 4055 1837 4144 verbis
1865 4076 1950 4138 utar

351 4153 423 4206 Μ
438 4163 479 4215 ¹⁴·
515 4172 649 4279 Pauli,
674 4170 750 4257 hoc
765 4168 923 4256 maxime
939 4194 1095 4255 naturae
1110 4195 1407 4259 consentaneum
1423 4196 1506 4260 est:
1535 4199 1635 4287 quae
1651 4172 1767 4260 vellet
1792 4173 1853 4259 illa
1872 4171 1954 4288 qui·

517 4291 606 4378 dem
622 4318 767 4405 semper
783 4319 880 4405 opus
896 4288 1108 4373 absolutum
1123 4289 1307 4378 conficere
1325 4321 1338 4395 3
1367 4292 1433 4379 sed
1448 4319 1537 4377 cum
1552 4292 1592 4379 id
1610 4321 1692 4377 non
1710 4293 1859 4396 datur,
1886 4319 1953 4375 ma·

517 4409 639 4514 teria,
666 4436 783 4522 quam
798 4431 961 4513 tractat,
987 4432 1055 4493 aut
1078 4406 1205 4495 aliare
1229 4412 1407 4526 quapiam
1431 4408 1684 4528 impediente,
1714 4411 1806 4497 satis
1836 4411 1953 4512 habet,

517 4556 627 4612 suum
641 4554 778 4610 munus
795 4549 942 4610 strenue
966 4533 1036 4639 pro
1066 4521 1242 4613 facultate
1278 4553 1318 4614 et
1350 4528 1495 4615 ratione
1526 4558 1650 4615 rerum
1680 4529 1955 4645 suppetentium

517 4645 652 4748 obire,
679 4669 747 4727 nec
764 4641 803 4727 id
828 4670 905 4726 esse
931 4666 1040 4756 putat
1068 4669 1212 4758 praeter
1234 4675 1339 4730 suam
1358 4646 1592 4764 dignitatem.
1625 4649 1883 4765 Quamquam
1896 4648 1957 4732 hu·

518 4760 680 4876 jusmodi
695 4788 852 4875 quoque
862 4759 989 4875 legum
1005 4762 1258 4894 interpretatio
1276 4794 1384 4879 saepe
1402 4765 1643 4879 prudentium
1661 4768 1868 4853 hominum
1884 4795 1957 4852 sen·

203 2957 206 2965 ·
310 2939 401 2999 Ennio.
409 2943 488 3003 capa.

519 4880 635 4969 tentia
652 4908 733 4966 non
745 4903 925 4966 contenta
939 4901 1200 4967 auctoratatem
1217 4881 1329 4968 etiam
1344 4884 1498 5000 requirit
1513 4881 1703 4971 Pontificis
1719 4887 1887 4974 maximi.
