4050 5858
694 428 879 501 LIBER
925 431 955 497 Ι.
1449 447 1520 515 251

92 560 301 676 eademque
325 587 348 641 a
379 552 524 674 legibus
545 553 769 669 evangelicis
797 582 878 640 non
904 553 1134 658 abhorrere,
1161 554 1227 641 nisi
1257 554 1285 641 si
1301 557 1393 673 quid
1414 582 1549 646 contra

83 678 234 764 videtur
264 671 452 764 Alfonso.
492 679 578 759 Art.
612 671 712 758 Mihi
740 701 834 760 vero
862 700 1072 789 numquam
1096 670 1165 759 fuit
1198 675 1427 782 dubitabile,
1450 679 1544 793 quin

87 796 205 882 multa
228 795 326 882 bella
350 790 547 905 justissime
563 812 602 876 et
620 789 854 878 Christianae
880 791 1048 910 religioni
1069 792 1338 880 convenienter
1367 823 1544 910 gereren-

85 937 172 1020 tur,
190 943 272 1001 non
298 912 420 998 solum
436 910 489 996 ad
516 908 745 1023 repellendas
770 909 948 1024 injurias,
966 935 1031 996 aut
1051 939 1109 996 res
1131 910 1273 997 ablatas
1298 916 1541 1026 repetendas,

84 1034 363 1147 sumendasque
380 1031 428 1116 de
452 1028 626 1115 sontibus
661 1059 831 1142 poenas,
848 1032 914 1117 sed
933 1030 984 1115 ad
1007 1028 1264 1146 subjugandos
1295 1029 1428 1144 impios
1445 1093 1457 1136 ,
1473 1037 1541 1148 qui

83 1180 219 1264 pacem
247 1173 414 1235 nostram
439 1146 650 1250 solicitant,
667 1173 708 1232 et
736 1147 970 1234 Christianae
994 1146 1181 1263 religionis
1206 1147 1332 1234 hostes
1348 1178 1445 1265 ,qut
1470 1153 1538 1265 pits

81 1269 268 1356 excidium
289 1293 355 1353 aut
376 1267 591 1353 servitutem
615 1265 852 1372 moliuntur,
871 1265 1140 1355 debellandos:
1170 1264 1296 1380 qualia
1322 1269 1439 1352 multa
1454 1298 1535 1385 ges·

80 1384 168 1473 sisse
195 1409 451 1471 memorantur
471 1382 605 1498 optimi
629 1408 667 1469 et
691 1385 732 1468 in
761 1385 886 1499 primis
915 1381 1072 1500 religiosi
1093 1384 1272 1498 principes
1290 1443 1302 1488 ,
1318 1387 1531 1473 Consum
1670 1433 1673 1438 ,

80 1530 155 1591 nus
168 1529 207 1590 et
224 1503 469 1590 Theodosius
479 1506 744 1590 Romanorum
768 1507 1042 1615 Imperatores,
1067 1527 1106 1586 et
1130 1530 1219 1586 cum
1242 1500 1302 1587 alii
1334 1501 1442 1588 multi
1456 1510 1526 1592 Re·
1583 1525 1631 1635 Qgi
1656 1539 1727 1620 reug

80 1650 148 1737 ges
172 1622 375 1737 Hispaniae
394 1645 507 1727 ,tum
531 1622 570 1704 in
593 1619 718 1733 primis
738 1621 953 1707 Fernandus
969 1644 1008 1705 et
1023 1613 1205 1705 Allonsus
1223 1650 1232 1703 z
1250 1648 1418 1734 quorum
1433 1622 1526 1709 alter
1540 1597 1724 1706 il⁰⁰irin⁰cide¹s

80 1740 209 1825 Bonus
226 1802 239 1847 ,
255 1740 348 1827 alter
363 1739 529 1823 Sanctus
551 1765 596 1824 ex
616 1760 845 1854 argumento
867 1735 1019 1824 fuerunt
1046 1737 1305 1854 cognominati
1322 1768 1330 1821 ι
1349 1767 1395 1823 ac
1409 1762 1454 1825 ut
1468 1769 1524 1828 ce·
1538 1707 1724 1767 ’ΜΝ

79 1879 182 1944 teros
204 1857 386 1972 principes
408 1856 508 1943 viros
537 1853 709 1941 omittam
725 1915 738 1961 ,
753 1855 960 1942 Rodeticus
986 1853 1104 1941 Cidus
1122 1917 1134 1962 ,
1152 1851 1256 1970 cujus
1283 1857 1408 1942 nescio
1436 1858 1526 1974 glo·

79 1973 136 2058 tia
155 1974 285 2060 bellica
301 2035 314 2080 ,
330 2004 380 2060 an
404 1973 650 2059 sanctimonia
673 1974 790 2091 magis
819 1974 865 2060 sit
887 1997 1100 2061 nostrarum
1132 1974 1366 2060 historiarum
1390 2005 1526 2064 monu-

78 2092 218 2185 mentis
241 2091 435 2178 nobilitara
452 2119 462 2174 :
479 2090 615 2206 quibus
639 2090 820 2177 traditum
843 2117 927 2200 est,
944 2091 1103 2178 hiscum
1127 2091 1244 2207 impiis
1259 2093 1444 2179 Saracenis
1460 2096 1526 2182 de·

78 2208 364 2326 pugnantibus,
388 2209 506 2294 multa
532 2208 644 2293 etiam
678 2210 779 2297 edita
796 2206 904 2297 fixisse
930 2210 1134 2313 miracula,
1164 2211 1264 2326 piam
1287 2210 1525 2300 honestatem

80 2327 210 2413 talium
224 2327 410 2415 bellorum
434 2323 697 2445 significantia.
724 2327 799 2414 Sed
820 2353 863 2414 tu
886 2329 998 2433 mihi,
1013 2332 1259 2413 Democrates
1274 2387 1286 2430 ,
1304 2357 1404 2443 quae
1421 2358 1525 2416 num·

81 2472 200 2560 quam
214 2446 496 2551 dubitaveram,
513 2445 658 2561 magnis
678 2445 883 2532 rationibus
899 2443 1127 2531 confirmasti
1145 2505 1156 2548 ,
1176 2470 1219 2531 ut
1235 2446 1435 2558 Leopoldo
1451 2447 1524 2532 bel.

82 2562 162 2648 lum
187 2592 302 2650 omne
323 2563 516 2667 studiose,
539 2586 584 2647 ut
607 2562 723 2648 videri
746 2587 923 2677 poterat,
940 2562 1159 2650 Christianis
1181 2562 1438 2668 interdicenti,
1456 2589 1523 2677 aut

81 2679 121 2764 in
145 2680 219 2766 hoc
241 2706 341 2768 certe
366 2678 473 2767 nimis
496 2679 711 2793 scrupulose
739 2680 931 2767 disserenti
959 2677 1178 2767 satisfaceres
1195 2713 1204 2766 :
1221 2681 1329 2795 quod
1355 2680 1444 2767 scire
1462 2710 1522 2767 cut

80 2797 228 2910 piebam
251 2801 301 2886 de
332 2800 442 2886 rebus
470 2797 642 2913 privatim
667 2798 1027 2902 intervenientibus,
1046 2825 1145 2913 quae
1173 2796 1365 2884 militatem
1390 2797 1523 2887 viven-

80 2913 327 3003 ditationem
351 2916 598 3003 aChristiana
625 2914 812 3030 disciplina
841 2915 1017 3004 uidentur
1046 2914 1241 3001 excludere
1255 2975 1268 3020 ,
1282 2915 1373 3002 nihil
1395 2917 1523 3003 hacte-

81 3057 177 3139 nus,
193 3061 282 3118 cum
304 3034 379 3147 jam
394 3032 674 3120 deambulando
691 3029 822 3120 defessi
836 3033 964 3140 simtu,
985 3033 1190 3148 explicasti.
1219 3037 1319 3118 Dru.
1335 3035 1522 3128 Quaestio

77 3146 368 3256 haec,Alfonse
385 3213 396 3257 ,
414 3151 595 3266 quamde
616 3179 801 3237 consensu
826 3151 974 3238 militiae
995 3181 1083 3236 cum
1109 3148 1319 3235 Christiana
1343 3151 1522 3269 religione
1553 3223 1555 3226 ι

79 3288 149 3355 tuo
173 3293 312 3386 rogatu
334 3269 583 3356 disserendam
606 3269 859 3386 suscepimus,
885 3294 964 3355 tam
992 3266 1183 3382 multiplex
1207 3292 1262 3354 est
1277 3292 1316 3355 et
1330 3270 1432 3355 varia
1447 3331 1460 3376 ,
1477 3297 1522 3359 ut

81 3411 152 3472 nec
174 3390 303 3500 paucis
324 3388 446 3478 verbis
466 3387 606 3502 possit,
635 3414 706 3474 nec
730 3415 812 3473 uno
837 3386 1030 3504 colloquio
1055 3383 1221 3471 definiri.
1253 3387 1382 3476 Hodie
1408 3388 1523 3505 igitur

80 3501 130 3588 de
153 3503 253 3590 bello
272 3535 402 3623 ,quae
427 3534 511 3621 pars
537 3503 699 3621 primum
730 3532 811 3592 erat
833 3505 1092 3621 expedienda,
1120 3502 1418 3619 disputavimus,
1441 3534 1521 3593 cras

79 3617 141 3704 hic
157 3680 170 3725 ,
186 3648 252 3708 aut
273 3625 313 3708 in
336 3624 453 3713 hortis
468 3619 664 3742 pontificiis
689 3647 813 3712 cetera
828 3683 841 3734 ,
856 3624 885 3710 si
904 3623 1114 3729 videbitur,
1128 3646 1169 3708 et
1193 3621 1313 3708 otium
1329 3623 1424 3729 etit,
1441 3651 1524 3740 pet.
