4050 5858
524 349 594 436 256
980 345 1452 420 DEMOCRATES

503 470 691 559 videbimr
707 529 719 575 ‚
737 467 981 579 disseremus:
1006 500 1109 559 nunc
1135 497 1264 556 autem
1289 471 1456 584 positum
1480 466 1526 555 sit
1541 527 1554 574 ‚
1569 492 1640 553 nec
1663 462 1765 552 enim
1791 462 1954 553 arbitror

501 586 716 674 inficiaberis
733 651 744 694 ‚
762 589 827 673 has
850 613 889 674 ct
910 617 989 675 esse
1005 653 1018 696 ,
1035 616 1074 677 et
1098 591 1137 676 in
1162 587 1360 678 moralium
1388 587 1568 676 virtutum
1600 614 1761 672 numero
1784 615 1808 669 a
1832 584 1949 701 philo

503 709 627 823 sophis
644 708 775 822 reponi
792 770 804 815 ,
821 709 1032 822 praesertim
1048 711 1097 796 ab
1113 708 1312 794 Aristotele
1329 769 1340 813 ‚
1358 706 1425 822 qui
1446 706 1560 791 animi
1581 704 1883 822 magnitudinem
1898 734 1948 791 oe

503 830 588 912 teris
612 825 786 912 omnibus
813 827 1032 940 anteponit.
1083 833 1193 912 Leon.
1224 826 1331 923 Quid
1361 853 1445 911 tum
1470 847 1600 940 postea
1616 834 1627 907 ἒ
1643 823 1718 907 hoc
1742 823 1844 908 enirn
1871 852 1940 910 ne·

505 976 571 1030 mo
603 970 657 1030 est
692 944 759 1057 qui
788 943 927 1028 inficias
953 970 1041 1030 eat.
1085 949 1187 1029 Dsn.
1218 943 1539 1060 Philosophorum
1567 969 1768 1028 consensus
1802 966 1886 1049 est,
1908 967 1948 1030 ct

503 1064 604 1149 idem
623 1062 948 1168 Christianorum,
970 1064 1019 1148 sic
1048 1091 1181 1148 omnes
1203 1062 1359 1150 virtutes
1391 1091 1468 1147 esse
1501 1061 1596 1147 inter
1628 1089 1666 1144 se
1693 1087 1882 1145 connexas
1909 1085 1948 1146 et

503 1181 761 1286 consociatas,
779 1206 822 1267 ut
846 1208 923 1265 una
950 1181 1122 1286 sublata,
1148 1209 1280 1266 omnes
1308 1180 1389 1266 tolli
1420 1179 1465 1266 sit
1497 1206 1675 1281 necesse,
1699 1207 1820 1292 quarn
1843 1201 1953 1265 vete-·

504 1332 590 1387 tum
606 1300 918 1415 philosophorum
943 1301 1161 1385 sententiam
1185 1299 1441 1414 Hieronymus
1468 1296 1506 1380 in
1525 1296 1649 1411 primis
1664 1319 1703 1382 et
1719 1297 1949 1414 Augustinus

504 1420 685 1534 principes
711 1417 982 1533 theologorum
996 1416 1267 1503 confirmarunt
1284 1447 1293 1500 ε
1309 1444 1478 1532 quorum
1493 1415 1641 1501 alterius
1664 1443 1711 1498 ca
1725 1417 1844 1500 verba
1865 1440 1950 1502 sunt

505 1538 544 1621 in
573 1537 702 1620 Esaiae
730 1537 985 1648 expositione:
1013 1537 1147 1618 Omnes
1163 1596 1175 1640 ,
1193 1533 1345 1649 inquit,
1361 1543 1530 1618 virtutes
1555 1535 1632 1615 sibi
1666 1534 1863 1618 cohaerent
1881 1593 1896 1641 ‚
1912 1549 1951 1620 nt

397 1695 399 1697 >
505 1662 579 1761 qui.
596 1680 668 1736 una
698 1670 803 1735 earet
817 1712 831 1757 ‚
845 1656 1011 1736 omnibus
1035 1670 1190 1738 careat:
1215 1652 1366 1737 alterio
1389 1651 1485 1736 libro
1510 1653 1556 1733 de
1573 1651 1771 1735 -Trinitare
1800 1650 1849 1736 sic
1869 1652 1952 1737 scri·

505 1799 615 1887 ptum
642 1770 814 1885 reliquit:
834 1772 1029 1874 Virtutes,
1047 1771 1121 1871 ait,
1141 1788 1341 1878 quaesunt
1363 1778 1405 1853 in
1426 1778 1545 1853 animo
1570 1770 1723 1854 hnmano
1742 1828 1756 1874 ‚
1772 1776 1949 1877 quamvis

502 1897 578 1977 alio
602 1906 639 1972 et
659 1891 852 1973 utromodo
876 1896 1047 1998 singulae
1068 1896 1325 1997 intelliguntur
1342 1946 1356 1992 ‚
1372 1893 1466 1972 nullo
1492 1902 1614 1970 tamen
1640 1890 1745 1973 modo
1765 1909 1948 1998 separan-

502 2025 569 2092 tur
594 2010 831 2091 abinvicem.
864 2011 956 2103 Qua
983 2008 1127 2092 ratione
1150 2007 1262 2122 igitur
1287 2004 1501 2091 Christianis
1531 2034 1603 2091 nee
1626 2001 1784 2091 fortibus
1810 2034 1891 2092 esse
1912 2005 1952 2091 li-

505 2150 566 2210 cet
582 2187 595 2229 ‚
612 2152 680 2209 nec
708 2152 850 2240 magno
874 2125 1032 2232 animo,
1059 2124 1195 2210 eadem
1223 2147 1368 2210 ceteras
1395 2123 1551 2212 virtutes
1583 2151 1735 2240 negatas
1756 2124 1809 2210 eis
1839 2151 1922 2210 esse
1934 2184 1950 2241 ‚

506 2267 661 2358 oportet
690 2241 881 2326 confiteri.
1951 2271 1953 2279 ’

510 2434 513 2440 ,
566 2364 633 2444 VI.
694 2364 805 2443 Laos.
835 2361 975 2446 Scimus
991 2421 1002 2466 ,
1017 2366 1262 2449 Democrates
1278 2423 1291 2466 ,
1309 2358 1359 2449 ab
1384 2362 1535 2449 eruditis
1556 2362 1606 2447 sic
1621 2361 1739 2449 solere
1754 2362 1804 2447 de
1818 2388 1956 2447 conne·

506 2479 618 2566 xione
636 2478 818 2564 virtutum
834 2481 1094 2592 pronuntiari,
1112 2508 1182 2565 nec
1209 2506 1338 2566 tamen
1365 2511 1410 2568 ea
1426 2513 1505 2568 vox
1519 2509 1638 2596 quarn
1654 2480 1733 2568 vim
1748 2480 1887 2566 habeat
1903 2540 1917 2582 ‚
1934 2477 1957 2564 i-

507 2626 733 2713 gnotantus.
764 2599 893 2681 Nemo
912 2598 1012 2681 enim
1029 2598 1105 2683 hoc
1128 2600 1237 2685 sentit
1254 2661 1267 2704 ,
1284 2628 1364 2684 non
1387 2629 1494 2716 posse
1516 2629 1593 2685 esse
1608 2628 1845 2715 quemquam
1865 2597 1955 2683 libe-

510 2714 625 2799 talem
644 2775 656 2818 ‚
672 2738 714 2798 ut
731 2741 810 2797 non
832 2713 878 2798 sit
902 2713 1003 2800 idem
1021 2710 1235 2802 fortitudine
1251 2718 1461 2831 praeditus.
1488 2716 1591 2802 Cum
1619 2717 1755 2830 passim
1780 2718 1906 2804 videte
1920 2715 1959 2800 li·

509 2856 593 2917 ceat
608 2831 796 2946 quosdam
822 2829 945 2916 multis
968 2833 1128 2948 benigne
1150 2828 1253 2919 lactis
1268 2833 1444 2922 virtutem
1460 2896 1472 2941 ,
1486 2864 1586 2950 quae
1601 2834 1792 2921 liberalitas
1811 2833 1961 2938 dicitur,

512 2978 589 3034 esse
618 2973 862 3034 consecutos:
890 2950 1026 3062 quibus
1057 2976 1185 3036 tamen
1215 2951 1306 3038 citra
1333 2953 1501 3067 ipsorum
1524 2953 1639 3037 ullam
1667 2953 1817 3068 culpam
1847 2980 1963 3035 nunt·

511 3096 629 3181 quam
652 3095 723 3150 usu
738 3066 872 3170 venit,
892 3090 937 3150 ut
959 3067 1119 3181 pericula
1142 3069 1335 3175 subirent,
1352 3070 1488 3185 quibus
1504 3070 1685 3157 adeundis
1701 3066 1891 3156 fortitudo
1907 3067 1959 3152 in·

514 3209 733 3301 generatur.
763 3186 877 3280 Quae
902 3186 998 3270 satio
1026 3187 1160 3272 eadem
1188 3212 1242 3273 est
1262 3189 1301 3271 in
1327 3189 1455 3274 ceteris
1471 3189 1697 3275 virtutibus.
1730 3193 1834 3273 »Non
1865 3185 1963 3271 enirn

514 3302 577 3390 vel
602 3328 735 3386 natura
764 3300 826 3386 vel
849 3326 978 3387 nostra
1001 3304 1201 3391 voluntate
1230 3306 1354 3390 solum
1376 3306 1535 3395 virtutes
1552 3336 1703 3393 morum
1723 3305 1964 3420 contingunt,

516 3420 583 3505 sed
599 3418 834 3505 assuetudine
850 3421 1017 3533 quadam
1034 3418 1246 3507 officiorum
1264 3422 1512 3540 ingignuntur
1532 3488 1543 3509 .
1576 3429 1758 3510 Ceterum
1783 3421 1964 3538 quoniam

519 3538 586 3652 qui
616 3539 684 3624 rite
714 3561 754 3623 et
784 3565 830 3621 ex
858 3539 1061 3653 praeceptis
1080 3540 1348 3654 philosophiae
1380 3542 1543 3657 ipsarum
1576 3542 1741 3658 aliquam
1756 3540 1849 3628 colit
1866 3538 1967 3647 ,hoc

519 3681 577 3742 est
591 3717 604 3760 ,
620 3678 772 3772 propter
789 3654 1024 3740 honestatem
1041 3717 1054 3762 ‚
1071 3681 1109 3742 et
1127 3682 1170 3744 ut
1184 3658 1317 3744 rationi
1333 3687 1461 3773 pareat
1478 3685 1576 3746 recte
1594 3660 1836 3776 praecipienti
1851 3686 1866 3761 ·‚
1881 3654 1964 3743 hesic

522 3799 738 3886 persuasum
763 3799 802 3859 et
828 3772 976 3859 insitum
991 3774 1064 3880 sit,
1083 3803 1229 3861 necesse
1252 3800 1307 3861 cst
1325 3836 1336 3881 ,
1353 3777 1457 3862 nullo
1474 3778 1561 3864 loco
1589 3779 1656 3864 sibi
1678 3780 1728 3864 ab
1760 3773 1890 3865 officio
1908 3803 1969 3859 es·

524 3920 565 3975 se
581 3891 872 3977 discedendum:
899 3891 1036 3977 idcirco
1060 3922 1154 4006 quas
1182 3922 1221 3980 re
1247 3892 1420 3981 nondum
1448 3920 1579 3980 nactus
1600 3921 1656 3982 est
1671 3957 1684 4000 ,
1701 3894 1966 3998 sedelectione

334 4083 382 4138 m)
401 4032 675 4132 meantum
706 4037 750 4092 ac
779 4007 976 4095 voluntate
1005 4010 1219 4125 praecepit,
1254 4040 1315 4096 cas
1346 4013 1462 4098 nihilo
1491 4014 1607 4098 secius
1636 4013 1776 4100 habere
1800 4010 1968 4113 dicitur,

335 4119 465 4208 smine·
524 4127 807 4242 participatione
823 4126 992 4213 videlicet
1008 4188 1021 4231 ,
1036 4153 1081 4212 ut
1094 4131 1352 4245 Hieronymus
1376 4131 1427 4216 ait
1444 4193 1457 4238 ,
1473 4160 1554 4216 non
1576 4132 1827 4246 proprietate:
1844 4126 1970 4242 siquis

524 4246 628 4330 enim
658 4273 740 4328 non
768 4244 818 4328 sic
848 4245 1031 4331 animatus
1056 4271 1112 4332 est
1128 4306 1141 4351 ,
1156 4270 1201 4332 ut
1224 4276 1471 4364 quocumque
1500 4273 1635 4335 natura
1667 4273 1847 4363 rectaque
1877 4244 1970 4332 tatio

529 4362 712 4448 virtutum
732 4362 875 4474 optima
908 4363 1083 4481 magistra
1108 4364 1259 4450 ¹duxerit
1275 4425 1290 4470 ‚
1306 4396 1356 4452 eo
1380 4368 1424 4452 sit
1454 4367 1559 4453 haud
1587 4367 1724 4452 invitus
1746 4386 1973 4468 secuturu53

525 4479 591 4567 hic
612 4476 875 4564 adumbratam
898 4482 1106 4593 quamdam
1133 4483 1276 4568 virtutis
1305 4484 1505 4601 imaginem
1527 4509 1714 4570 ostentare
1740 4509 1893 4600 potest,
1910 4507 1973 4568 ve·

522 4625 611 4685 ram
639 4621 678 4683 et
705 4624 910 4709 expressam
935 4595 1097 4713 effigiem
1121 4598 1259 4686 habere
1284 4604 1444 4687 omnino
1461 4601 1602 4687 nullam
1625 4626 1774 4719 potest.
1805 4607 1903 4686 Non
1929 4627 1972 4682 e-

528 4715 609 4801 nim
638 4715 874 4800 honestatem
901 4713 928 4797 is
953 4715 1147 4828 sequitur,
1175 4742 1220 4802 et
1239 4719 1391 4804 tationis
1414 4746 1638 4835 praecepta,
1658 4723 1697 4805 in
1717 4719 1821 4834 cujus
1845 4716 1976 4803 animo

525 4831 621 4927 lucc
649 4861 730 4923 non
758 4832 857 4923 idern
884 4833 1059 4954 ponderis
1084 4835 1255 4960 lubent2
1282 4838 1323 4929 ει
1352 4838 1494 4958 ubique
1526 4838 1628 4957 paria
1652 4861 1850 4928 momenta
1867 4891 1905 5043 .h
1915 4831 1980 4922 Ad

520 5008 526 5024 ·
1906 4977 1985 5042 ΠΜ
