4006 5850
588 441 591 449 '
709 428 912 501 LIBER
951 430 996 498 Π.
1062 483 1065 489 ‚
1477 451 1543 526 507

114 556 176 648 vel
199 561 228 646 si
260 557 401 645 Medea
425 579 596 642 narretur
611 553 740 640 alienis
772 553 850 639 filiis
874 552 1132 656 consuluisse,
1165 584 1251 641 suos
1275 582 1428 671 propter
1458 560 1558 673 pelli-

112 705 236 767 catum
254 671 522 778 obtruncasse,
546 700 613 763 aut
629 674 815 785 Thyestes
830 673 986 787 quidam
1003 702 1074 787 pro
1095 671 1180 758 cibo
1194 671 1361 764 filiorum
1382 678 1554 763 carnibus

112 825 227 902 usus,
249 820 329 880 tam
347 787 465 880 lautas
483 790 615 908 epulas
630 788 741 878 fratre
758 798 878 878 Atreo
895 790 1134 876 ministrante.
1154 792 1456 906 2Quosaequius
1473 823 1553 886 erat

110 908 375 1027 etphilosophi
389 915 588 1029 gravitate
603 911 749 1026 dignius
763 909 895 1019 ,haec
910 905 1120 994 fabularum
1137 936 1361 1024 argumenta
1378 939 1424 998 ut.
1444 942 1558 999 com·¹

107 1021 279 1117 mentitia
306 1055 460 1145 propter
488 1029 815 1130 incommoditates
846 1090 858 1131 ,
885 1055 985 1143 quae
1008 1054 1291 1141 consequuntur
1309 1087 1338 1133 ,,
1355 1026 1561 1139 refellere,

107 1174 224 1264 quam
238 1174 405 1264 propter
436 1149 659 1265 argumenta
683 1172 742 1232 tot
775 1142 1050 1232 difficultatibus
1067 1171 1182 1261 atque
1209 1145 1458 1235 incommodis
1473 1150 1560 1235 im·⁴

106 1262 245 1379 plicari.
273 1269 370 1363 Quo
396 1265 439 1353 lit
454 1267 571 1382 magis
595 1268 750 1352 istorum
776 1265 992 1378 perversitas
1018 1262 1194 1380 insignis,
1217 1265 1285 1379 qui
1312 1259 1392 1348 non
1426 1269 1547 1355 modo

107 1384 371 1475 absurdissimis
385 1385 598 1500 quibusque
613 1383 728 1471 fidem·
741 1383 910 1486 habent,
939 1381 1005 1468 sed
1019 1381 1295 1487 causasetiam,
1322 1383 1545 1472 curratione
1691 1494 1700 1497 =

106 1493 229 1608 liant,
251 1504 408 1590 reddere
422 1500 622 1588 conantur.
652 1503 727 1587 Sed
744 1501 792 1587 de
807 1500 863 1585 his
878 1501 1087 1602 hactenus,
1113 1499 1198 1588 satis
1212 1523 1268 1586 est
1281 1500 1382 1585 enim
1398 1501 1558 1592 sentem

106 1611 179 1704 tiae
198 1616 494 1726 absurditatem,
518 1618 793 1735 inquaestione
806 1646 961 1732 quaque
977 1617 1249 1704 demonstrare.
1362 1707 1364 1711 ,

42 1746 46 1751 ’
122 1730 284 1823 :xxx'
334 1742 465 1824 Restat
480 1736 525 1824 ut
539 1737 651 1823 aliud
671 1760 936 1854 argumentum
955 1796 967 1842 ,
988 1736 1097 1852 quod
1121 1735 1179 1821 isti
1194 1736 1243 1822 ad
1273 1733 1479 1824 tollendam
1503 1740 1548 1825 li·
1561 1732 1738 1843 ,„¹‘„¹,'¹’f‡¹,¹{',{¹;;

104 1853 233 1940 beram
249 1856 411 1943 hominis
425 1853 642 1942 facultatem
664 1853 954 1972 excogitarunt,
981 1881 1099 1967 quam
1113 1853 1192 1940 vim
1210 1851 1347 1939 habeat
1362 1915 1374 1960 ,
1392 1858 1545 1971 explice·
1557 1853 1721 1964 „mm”

103 1997 217 2078 mus,
248 1998 286 2060 et
301 2004 420 2090 quam
436 1972 527 2059 nihil
548 1975 759 2087 procedat,
792 2000 1035 2085 exponamus.
1067 1975 1171 2055 Nam
1202 1969 1232 2054 si
1260 1998 1304 2054 ea
1322 2028 1336 2074 ,
1354 1972 1543 2086 inquiunt,

103 2086 141 2172 in
157 2091 265 2179 nobis
278 2120 397 2199 sunt,
418 2119 585 2208 quorum
599 2092 752 2208 perinde
769 2088 941 2203 opposita
971 2085 1116 2175 efficere
1141 2086 1307 2203 positum
1329 2114 1385 2175 est
1409 2090 1448 2176 in
1473 2122 1544 2180 no·

100 2229 175 2291 stra
191 2234 404 2325 potestate,
432 2235 472 2296 et
486 2211 589 2294 ‘haec
615 2233 704 2296 sunt
739 2207 1001 2293 laudationum
1041 2206 1438 2323 vituperationumque
1464 2241 1542 2297 ma·

158 2325 166 2343 ·
262 2326 271 2344 ·
1648 2333 1689 2378 ot.

100 2346 221 2432 terra,
260 2357 300 2412 tn
321 2354 422 2444 quae
441 2326 614 2412 homines
655 2324 847 2412 adhortari
864 2324 1052 2430 solemus,
1069 2349 1109 2409 et
1138 2352 1160 2407 a
1186 2323 1323 2438 quibus
1339 2325 1539 2438 deterrere,
1575 2373 1578 2379 ·
1647 2365 1663 2431 ¹.-

101 2440 267 2559 denique
288 2472 360 2559 pro
375 2442 511 2560 quibus
529 2439 703 2529 mortales
718 2467 801 2528 tum
824 2441 1003 2557 suppliciis
1021 2504 1034 2547 ,
1049 2467 1132 2527 tum
1149 2439 1304 2527 vicissim
1333 2443 1541 2535 honoribus

99 2554 343 2665 afficiuntur,
366 2560 539 2647 nimirum
555 2590 679 2676 neque
695 2561 893 2677 prudentia
908 2560 1063 2665 valere,
1094 2586 1218 2674 neque
1242 2560 1370 2644 ceteris
1397 2561 1540 2650 virtuti·

99 2673 170 2761 bus
185 2680 374 2792 praeditos
389 2706 499 2784 esse,
522 2678 632 2766 situm
647 2679 715 2764 erit
730 2678 768 2762 in
795 2677 994 2765 hominum
1019 2699 1231 2791 potestate:
1267 2676 1449 2790 quoniam
1470 2685 1539 2796 qui
1588 2778 1592 2787 ,

99 2793 276 2883 uirtutem
292 2797 433 2903 habet,
464 2825 545 2882 non
567 2796 667 2886 valet
682 2796 797 2883 idem
816 2795 924 2881 simul
952 2793 1169 2910 oppositum
1199 2792 1333 2880 vitium
1357 2797 1553 2912 excipere,

99 2932 180 2997 non
196 2914 313 3031 magis
327 2944 445 3031 quarn
460 2915 638 3002 virtutem
658 2912 883 3000 contrariam
899 2913 1120 3017 admittere,
1149 2911 1217 3026 qui
1245 2910 1318 3024 jam
1344 2913 1440 3001 vitio
1469 2917 1538 3002 alr·

97 3057 179 3143 quo
196 3056 398 3137 teneatur,
423 3025 493 3118 nec
507 3033 574 3147 qui
589 3028 743 3120 vitiosus
760 3055 815 3117 est
834 3092 847 3138 ,
867 3032 954 3116 huic
971 3031 1044 3143 jam
1067 3030 1152 3114 licet
1175 3057 1256 3115 non
1282 3058 1359 3119 esse
1383 3032 1533 3121 vitioso.

95 3149 218 3263 Atqui
233 3150 436 3239 absurdum
467 3151 572 3238 dictu
586 3174 642 3237 est
656 3212 675 3256 ,
695 3149 819 3265 neque
836 3151 991 3236 virtutes
1006 3175 1131 3263 neque
1144 3144 1327 3234 vitiaesse
1342 3148 1380 3233 in
1406 3177 1536 3239 nostra

95 3271 282 3377 potestate
300 3329 312 3374 ,
328 3296 372 3353 ac
387 3268 545 3382 proinde
560 3298 631 3355 nec
651 3269 689 3353 in
719 3267 802 3381 ipsis
817 3266 1050 3353 laudationes
1078 3288 1117 3350 et
1145 3262 1434 3379 vituperationes
1450 3299 1535 3355 vet·

94 3383 178 3467 sari.
211 3390 306 3471 Non
321 3387 432 3503 igitur
446 3386 602 3471 liberum
620 3386 809 3471 arbitrium
827 3383 1010 3498 eiusmodi
1033 3410 1111 3468 esse
1128 3441 1140 3484 ,
1157 3405 1201 3466 ut
1228 3381 1345 3501 vulgo
1361 3384 1534 3474 homines

94 3500 326 3612 opinantur,
349 3504 415 3590 sed
445 3504 599 3591 virtutes
626 3526 665 3588 et
681 3501 771 3590 vitia
790 3501 895 3588 aliter
928 3528 1005 3587 esse
1034 3499 1072 3584 in
1096 3498 1296 3584 hominum
1321 3525 1529 3616 potestate,
1604 3539 1607 3547 ¹

93 3616 226 3705 scilicet
240 3621 351 3737 quia,
366 3621 538 3738 quamvis
553 3617 669 3745 effugi
685 3618 747 3708 vel
759 3618 937 3706 declinari
961 3640 1151 3732 nequeant
1168 3644 1259 3731 ,per
1282 3616 1381 3730 ipsos
1400 3644 1536 3708 tamen.

92 3733 295 3825 obeuntur.
311 3739 434 3835 Quod
448 3734 712 3856 argumentum
728 3733 903 3843 refellere,
915 3760 1029 3850 atque
1042 3736 1118 3847 eius
1134 3732 1420 3822 imbecillitatem
1437 3767 1529 3853 ape-

92 3850 162 3964 rite
176 3853 213 3938 in
231 3883 384 3970 promtu
399 3880 454 3941 est
479 3858 660 3973 parvique
676 3855 817 3972 negotii
836 3916 848 3960 ,
875 3854 903 3939 si
920 3854 1067 3938 habitus
1084 3850 1328 3962 hujusmodi,
1359 3885 1529 3970 quomo·

93 3967 146 4054 do
161 3970 235 4058 sint
254 3973 293 4058 in
308 4000 434 4060 nostra
448 3998 633 4087 potestate
651 4031 665 4083 ,
680 3972 969 4088 explicuerimus.
1001 3970 1164 4053 Habitus
1189 3970 1289 4054 enim
1307 3999 1386 4056 non
1412 3974 1466 4058 ob
1489 3973 1527 4060 id
1542 3971 1719 4082 „,3,¹{,⁰,'¹¹2,‘1,⁰,

91 4083 267 4176 dicuntur
281 4121 359 4179 esse
375 4092 414 4178 in
431 4093 571 4198 nobis,
594 4116 797 4209 postquam
828 4089 964 4176 fuerint
979 4085 1186 4203 ingenerati
1218 4146 1230 4190 ,
1262 4088 1351 4202 quia
1383 4114 1421 4174 et
1446 4120 1526 4177 non
1541 4088 1718 4201 {2,¹2,⁰,{¹‚¹²1’“

90 4199 229 4315 habere
244 4239 364 4326 aeque
380 4209 424 4296 sit
445 4211 483 4294 in
500 4235 628 4296 nostra
642 4235 827 4326 potestate
844 4239 854 4292 :
872 4205 937 4292 sed
965 4203 1146 4319 quoniam
1163 4226 1393 4319 ,antequam
1424 4207 1526 4324 inge·

88 4347 267 4440 netentur
284 4330 464 4414 virtutum
479 4354 545 4414 aut
559 4329 736 4416 vitiorum
754 4325 927 4429 habitus,
959 4322 1068 4437 optio
1083 4346 1210 4406 nostra
1225 4346 1309 4428 est,
1336 4324 1437 4411 hunc
1452 4357 1527 4433 ,an

87 4442 305 4552 oppositum
321 4446 491 4532 habitum
507 4447 725 4534 induamur.
750 4447 863 4541 Quae
878 4442 973 4527 tatio
990 4440 1143 4554 perinde
1158 4440 1258 4528 valet
1271 4439 1309 4526 in
1325 4442 1463 4529 artibus
1486 4471 1527 4533 et

87 4557 310 4672 disciplinis,
334 4565 469 4678 quibus
501 4593 588 4650 cum
621 4561 758 4649 fuerint
800 4559 954 4647 artifices
969 4557 1134 4644 instructi
1162 4619 1175 4663 ,
1197 4584 1350 4647 nonest
1381 4560 1524 4675 jamin

84 4674 251 4789 ipsorum
269 4703 453 4794 potestate
481 4710 610 4767 earum
634 4681 820 4766 habitibus
846 4708 927 4764 non
957 4705 1034 4762 esse
1053 4678 1268 4793 praeditos,
1291 4705 1380 4766 ante
1396 4705 1524 4766 tamen

85 4822 201 4909 quam
219 4797 468 4884 edocerentur
485 4858 497 4903 ,
513 4801 693 4885 haberent
709 4798 836 4915 ipsos,
860 4826 909 4881 an
935 4823 1016 4880 non
1042 4797 1224 4884 haberent
1238 4859 1251 4900 ,
1265 4796 1452 4914 integrum
1471 4799 1522 4883 eis

85 4923 165 5019 ctat
181 4934 297 5034 atque
313 4917 559 5035 permissum:
588 4941 632 5004 ut
647 4916 902 5035 intelligatur,
927 4914 1040 5030 longe
1067 4914 1277 5006 dissimilem
1303 4916 1342 5003 in
1375 4911 1539 5020 futuris,

106 5057 113 5066 ’
916 5036 1037 5120 Sssa
1258 5113 1263 5119 .
1470 5059 1525 5121 at·
