4020 5864
628 389 694 458 tu
732 372 1061 457 euasurum.
1470 384 1535 472 ,ες

119 514 343 608 abstinemus
360 579 371 623 ,
392 502 657 631 conquereris?
686 516 748 597 An
765 538 833 594 nos
849 507 909 591 hic
923 534 1082 621 quoque
1097 502 1237 616 jubebis
1263 502 1486 619 imperiose,
1521 529 1565 591 ut

115 643 165 726 de
192 639 525 723 carthusianorum
556 656 622 716 aut
646 627 805 714 aliorum
838 625 1080 741 peculiaribus
1117 623 1446 710 constitutionibus
1470 625 1563 709 baec

116 760 213 843 dicta
230 785 306 841 esse
339 751 620 869 intelligamus?
974 840 978 845 ,
1413 739 1416 745 ’

172 877 305 960 LVlll.
365 875 461 964 Quo
478 871 515 955 in
544 870 629 953 loco
644 890 771 980 aperte
787 863 976 981 redarguit
990 861 1222 947 oblivionem
1238 886 1343 947 tuam
1360 861 1469 966 Pius,
1485 861 1571 976 qui,

112 1010 202 1075 cum
237 990 436 1075 scriberes:
459 995 664 1071 Paulatim
688 992 848 1093 irrepsit
877 986 1123 1088 consuetudo,
1157 1007 1250 1087 qnae
1281 986 1378 1063 diem
1414 989 1591 1064 ueneris.

110 1116 360 1218 pisculentum
385 1109 488 1189 nobis
501 1110 682 1207 reddidit,
704 1130 780 1189 cet.
802 1129 881 1186 non
899 1100 1106 1184 memineris
1122 1098 1322 1216 Augustini
1344 1100 1455 1184 etiam
1471 1123 1568 1183 tem·

115 1252 209 1339 pore
225 1249 362 1340 quarta
384 1251 422 1310 et
454 1249 554 1311 sexta
571 1219 659 1306 seria
699 1249 742 1304 ac
776 1220 960 1306 sabbatho
978 1217 1138 1330 jejunare
1164 1218 1309 1302 solitam
1325 1246 1401 1301 esse
1418 1216 1566 1330 plebem

115 1346 362 1445 Romanam,
398 1367 440 1426 ut
456 1342 532 1456 ipse
550 1338 785 1456 Augustinus
803 1338 924 1423 scribit
940 1339 989 1422 ad
1007 1335 1266 1419 Cassulanum.
1308 1336 1388 1420 Nisi
1406 1333 1503 1418 lotte
1519 1334 1568 1446 je-

53 1572 55 1575 ,
115 1462 288 1574 junantes
315 1461 485 1545 carnibus
515 1485 606 1545 tunc
638 1456 734 1543 vesci
768 1457 894 1542 solitos
922 1454 935 1568 (
962 1456 1069 1568 quod
1095 1479 1276 1539 *temere
1321 1478 1361 1537 et
1401 1453 1477 1537 sine
1510 1483 1565 1537 ra·-
1580 1434 1759 1564 uexaban-

117 1579 220 1664 tione
251 1579 413 1678 dixeris)
440 1577 657 1663 contendas.
688 1574 767 1660 Ubi
786 1604 873 1661 cum
906 1573 1038 1658 scribas
1068 1599 1159 1657 onus
1187 1589 1383 1675 nostrum,
1408 1554 1762 1659 duuiuriiliiifm·

115 1726 197 1781 nort
219 1720 371 1810 potest,
397 1696 488 1811 quin
507 1698 556 1782 de
584 1693 797 1779 Christianis
813 1693 1015 1796 universis,
1036 1715 1075 1776 et
1105 1690 1367 1775 communibus
1384 1691 1568 1777 Ecclesiae

117 1813 273 1901 decretis
288 1816 403 1900 verba
429 1811 569 1911 facias3
595 1841 638 1898 ac
665 1810 818 1926 perinde
835 1840 923 1896 cum
951 1809 1001 1896 ais
1027 1809 1064 1892 in
1082 1809 1215 1894 eadem
1246 1806 1429 1921 epistola:
1456 1809 1571 1915 Quod

116 1941 154 2015 si
177 1941 305 2042 pietas
331 1958 400 2017 non
420 1939 662 2040 periclitatur
678 1959 729 2013 ear
744 1937 1012 2031 caerimoniis,
1044 1953 1112 2010 cur
1129 1932 1268 2007 Paulus
1298 1942 1405 2009 tanto
1433 1933 1568 2012 ardore

110 2067 260 2160 pugnat
278 2055 463 2134 adversus
479 2057 725 2133 caerimonias
743 2049 938 2131 Mosaicae
952 2046 1077 2155 legis‘l
1094 2044 1244 2140 Quoia
1265 2043 1352 2128 loco
1371 2069 1410 2128 te
1426 2044 1512 2129 Pius
1528 2078 1567 2132 a·

117 2167 318 2281 pertissima
342 2167 561 2270 convincit,
580 2166 675 2252 male
691 2165 863 2278 colligere
881 2163 1122 2248 caerimonias
1139 2163 1177 2245 in
1198 2161 1415 2249 universum
1433 2191 1455 2245 a
1472 2168 1566 2251 Pau·

116 2285 157 2369 lo
179 2286 377 2386 damnari,
410 2309 608 2397 propterea
624 2284 731 2397 quod
751 2282 935 2367 Mosaicas
967 2283 1122 2365 damnet
1153 2280 1371 2364 obsistentes
1389 2285 1567 2399 Evange-

118 2400 207 2486 licae
221 2401 381 2487 libertati
397 2431 405 2485 :
423 2425 609 2486 tutamen
634 2400 795 2485 ridendo
812 2458 825 2501 ,
850 2421 887 2484 te
904 2428 1011 2514 posse
1028 2422 1135 2511 putas
1149 2397 1246 2482 hanc
1263 2397 1441 2484 invidiam
1455 2401 1565 2488 decli·

119 2546 235 2604 nate:
263 2520 312 2604 sic
324 2518 423 2604 enim
448 2518 646 2604 cavillaris:
682 2520 763 2600 Hic
788 2522 981 2600 duretam
1012 2525 1106 2597 Pius
1119 2522 1379 2619 dialecticam,
1407 2525 1500 2601 male
1514 2548 1564 2606 etr

115 2644 348 2746 particulari
361 2642 487 2744 colligi
503 2641 780 2738 universalem,
807 2659 847 2720 et
862 2666 952 2721 mox
973 2633 1097 2720 addis:
1131 2635 1219 2717 Non
1234 2639 1347 2738 dico,
1373 2643 1440 2717 vir
1470 2665 1562 2721 acu-

118 2762 292 2858 tissime,
310 2758 407 2861 quod
426 2758 616 2836 damnarit
637 2761 908 2855 caerimonias,
933 2756 1003 2835 sed
1017 2757 1114 2858 quod
1127 2755 1312 2834 adversus
1325 2757 1412 2835 illas
1433 2773 1564 2851 contra

119 2869 270 2956 Christi
282 2879 450 2979 gratiam
466 2878 736 2954 invalescentes
746 2879 946 2980 pugnarit.
966 2875 1088 2955 lmmo
1104 2899 1196 2954 veto
1216 2869 1313 2954 dicat
1330 2870 1414 2954 Pius
1430 2876 1562 2987 ,quod

76 3008 80 3018 ’
120 2989 308 3073 Mosaicas
335 2986 569 3076 damnauit
593 2987 727 3073 Paulus
755 3048 767 3094 ,
796 3012 1061 3104 argumentum
1083 2987 1169 3072 facis
1194 2987 1298 3101 ipse,
1323 2988 1564 3080 caerimonias

121 3132 381 3221 quascumque
404 3105 532 3191 obesse
560 3105 711 3218 pietati,
745 3133 791 3191 ac
811 3106 969 3221 proinde
989 3104 1084 3210 has,
1112 3102 1377 3220 quibusnunc
1406 3132 1564 3196 utuntur

119 3223 329 3308 Christiani.
370 3223 442 3310 Sed
458 3224 604 3337 quaeris
621 3281 635 3329 ,
658 3225 862 3339 quomodo
880 3225 1076 3311 damnaret
1093 3224 1226 3308 Paulus
1240 3222 1307 3307 has
1324 3249 1466 3310 nostras
1481 3253 1564 3315 cae·

119 3341 324 3445 simonias,
346 3369 439 3455 quas
463 3370 543 3426 non
560 3343 754 3426 noverat?
786 3338 951 3426 Difficilis
968 3341 1168 3455 quaestio:
1198 3365 1383 3426 tutamen
1409 3342 1562 3433 vicissim
1691 3340 1696 3350 ’

119 3459 334 3570 responde,
363 3459 565 3572 quomodo
597 3486 684 3542 cum
702 3459 816 3544 nostri
845 3459 1022 3574 temporis
1038 3458 1235 3544 simoniam
1251 3482 1416 3544 taxamus
1434 3521 1445 3564 ,
1463 3460 1562 3549 hanc

120 3573 275 3661 dicimus
291 3606 313 3658 a
330 3579 443 3660 Petro
469 3576 725 3660 damnatam?
755 3577 960 3663 Videratne
976 3580 1104 3661 Petrus
1129 3577 1237 3687 hujus
1270 3577 1446 3690 temporis
1476 3610 1561 3693 pec·

119 3702 232 3777 cata?
264 3697 327 3778 An
353 3692 461 3807 quod
486 3692 523 3777 in
555 3720 691 3808 genere
718 3694 944 3802 damnatur,
977 3694 1013 3780 id
1049 3722 1127 3778 non
1156 3694 1271 3811 magis
1304 3695 1341 3778 in
1375 3724 1559 3810 praesens,

118 3837 237 3923 quam
261 3809 301 3894 in
328 3805 497 3896 funerum
521 3810 742 3895 damnatum
765 3836 917 3926 oportet
949 3809 1127 3929 intelligi?
1158 3818 1200 3897 In
1215 3813 1392 3898 eumdem
1409 3843 1558 3905 sensum

118 3926 262 4014 dictum
284 3952 370 4033 est,
398 3930 507 4043 quod
521 3928 605 4013 Pius
628 3928 845 4040 improbat,
866 3958 911 4017 ex
927 3929 1081 4044 epistola
1097 3926 1146 4016 id
1163 3929 1381 4015 Vvolzium.
1412 3933 1465 4015 Si
1478 3963 1557 4019 me·

117 4049 287 4149 diocris,
305 4045 355 4131 ais
374 4107 385 4151 ,
402 4053 596 4156 religionis
609 4053 732 4155 pestis
748 4057 881 4132 lateret
896 4059 937 4131 in
954 4056 1189 4131 caerimoniis
1206 4109 1217 4153 ,
1237 4051 1379 4131 Paulus
1395 4075 1464 4132 nnn
1477 4068 1555 4138 tam

118 4171 266 4248 notter
281 4172 321 4247 in
337 4166 500 4279 omnibus
515 4175 598 4249 suis
613 4171 784 4274 epistolis
799 4171 837 4252 in
852 4195 918 4250 eas
931 4169 1283 4250 destnmncbaretur.
1308 4169 1421 4264 Quae
1438 4173 1553 4273 verba

117 4277 166 4361 sic
198 4308 299 4366 nunc
329 4282 602 4396 interpretatis,
632 4290 724 4368 latet
740 4292 779 4364 in
795 4292 872 4367 illis
882 4293 1007 4394 pestis
1039 4309 1118 4368 non
1151 4312 1197 4371 ex
1218 4284 1377 4399 ipsarum
1405 4311 1552 4398 natura,

117 4394 183 4481 scd
214 4425 260 4483 ex
288 4396 487 4484 hominum
504 4399 564 4484 vel
589 4401 844 4514 superstitione
884 4403 946 4489 vel
974 4401 1170 4515 hypocrisi.
1209 4403 1382 4505 Quodsi
1410 4402 1460 4489 ita
1484 4435 1552 4517 est,

117 4514 325 4645 superstitio
356 4540 395 4601 et
426 4515 627 4630 hypocrisis
647 4520 853 4604 accusanda
876 4545 977 4621 erat,
1003 4547 1082 4603 non
1099 4520 1281 4606 taxandae
1295 4521 1563 4634 caerimoniae,-

116 4657 195 4714 stne
216 4632 351 4744 quibus
366 4657 431 4718 aut
448 4633 509 4720 vix
527 4696 539 4739 ,
556 4660 622 4721 aut
638 4636 741 4721 nullo
775 4636 894 4722 modo
910 4636 1037 4754 religio
1054 4636 1231 4724 consistit.
1259 4639 1436 4724 sacrificia
1452 4643 1551 4730 enim

115 4746 437 4880 qualiacumque,
468 4773 583 4864 atque
601 4753 682 4866 piae
706 4755 1015 4861 observationes,
1045 4786 1144 4871 quae
1168 4786 1304 4872 magna
1320 4786 1403 4871 pars
1424 4783 1478 4843 est
1494 4789 1550 4846 re·

116 4861 261 5067 ligtqpb
274 4925 287 4970 ,
301 4866 401 5072 lqssid
415 4866 516 4956 aliud
532 4894 643 4979 sum,
657 4899 774 4989 quam
790 4874 1034 4961 caerimoniae
1050 4884 1062 4960 i
1076 4880 1189 4965 Certe
1204 4875 1305 4994 nulla
1316 4875 1421 4964 natio
1436 4879 1550 4992 paulo

221 5009 288 5072 cm.
357 5043 369 5071 .
958 4998 1058 5081 Eeec
1471 5027 1553 5088 mo-
