4140 5872
422 405 510 491 ι76
732 266 1379 471 DECORAECTIONE
1397 396 1599 467 ANNI

394 552 518 630 erat,
543 552 613 610 nec
641 522 791 640 poterat
819 521 868 606 de
896 521 1129 638 singulorum
1151 521 1288 608 Latinis
1317 522 1531 608 nominibus
1560 519 1745 609 dubitari.
1760 514 1867 640 Ita-¹

392 673 499 759 ..que
511 669 578 729 aut
600 643 739 726 horum
766 641 951 726 rationem
975 639 1101 727 htisset
1115 664 1269 726 secutus
1271 641 1517 755 temporibus
1533 638 1603 732 illis
1624 646 1862 732 conveniet»

395 786 516 865 tem,
545 790 633 846 cum
648 789 705 844 res
727 759 817 842 ab
808 782 1038 873 incorrupto
1049 783 1092 845 et
1116 756 1453 882 commodissimo
1444 760 1614 843 instituto
1631 790 1768 873 parum
1787 766 1854 851 de·
1872 864 1875 866 v

394 822 585 964 -flexeiat·
600 877 679 963 aut
682 878 927 1012 quaestione
960 875 1168 995 diligentius
1197 900 1237 975 et
1256 875 1505 991 perquisitius
1525 876 1685 962 discussa
1718 892 1759 966 'et
1794 884 1853 970 di·

198 1015 215 1090 ζ,
300 1014 305 1103 j
398 998 591 1131 iudicate,
613 994 701 1079 non
709 1024 826 1109 posse
855 995 894 1078 in
913 1019 1023 1081 tanto
1038 1024 1164 1109 errore
1191 1014 1374 1108 tantaque
1398 1016 1618 1109 tempotum
1630 998 1852 1086 inconstarr

339 1134 342 1138 “
404 1115 487 1249 tia,
500 1139 645 1200 certam
666 1112 833 1227 aliquam
856 1101 1175 1245 perpetuamque
1178 1137 1354 1236 normam
1383 1113 1479 1199 tradi
1498 1114 1759 1228 perspexisset.

242 1276 415 1339 mm,
410 1235 570 1317 XXI.
618 1234 799 1316 Ceterum
811 1230 1067 1338 Theodorus,
1083 1257 1127 1317 ut
1144 1228 1222 1347 eius
1232 1258 1427 1347 errorem,
1443 1255 1629 1346 quatenus
1643 1231 1749 1339 licet,
1765 1237 1851 1322 sub
1968 1297 1999 1304 -r

212 1347 387 1402 ²“⁰¹⁰⁸²³‘·
392 1348 601 1453 levemus,
617 1348 745 1434 habita
773 1375 862 1434 suae
878 1351 1096 1436 memoriae
1107 1361 1236 1465 (quae
1257 1340 1397 1444 eadem
1413 1345 1495 1434 fuit
1516 1374 1682 1464 patrum
1697 1379 1853 1440 nostro·

404 1468 519 1597 rum)
545 1466 723 1574 rarione
736 1494 817 1552 non
835 1466 1081 1553 incommode
1098 1467 1299 1552 mensibus
1306 1467 1588 1555 Atheniensium
1606 1469 1854 1558 reddiditLa‘-

390 1587 483 1672 tina
507 1589 690 1693 nomina,
713 1613 795 1699 quo
817 1605 989 1699 tempore
1015 1574 1247 1670 solstitium
1229 1613 1277 1668 ιιι
1306 1610 1479 1670 mensem
1489 1585 1690 1720 Junium,
1693 1578 1854 1676 bruma

388 1704 443 1789 in
460 1704 709 1789 Decembrem
740 1702 959 1790 incidebat.
986 1705 1121 1790 erravit
1149 1727 1277 1787 tamen
1306 1702 1526 1818 dupliciter:
1544 1703 1852 1822 primumquod

387 1820 621 1910 existimavit
650 1819 839 1925 Plinium,
885 1848 922 1905 ιιι
911 1820 1182 1906 Aristotelem
1205 1838 1381 1925 secutus,
1398 1843 1438 1905 et
1462 1843 1562 1906 reete
1587 1848 1748 1936 suaeque
1765 1853 1854 1911 me-

402 1942 544 2049 moriae
561 1940 827 2026 convenienter
824 1848 996 2025 gerat
987 1939 1274 2060 interpretatus,
1293 1939 1340 2023 ab
1365 1938 1503 2024 eodem
1519 1937 1751 2070 discrepasse
1755 2002 1768 2045 ,
1785 1972 1851 2037 ιιι

389 2061 545 2172 :amque
566 2054 804 2159 sententiam
816 2057 898 2176 aliis
918 2051 1038 2162 locis
1054 2083 1093 2143 et
1114 2082 1288 2174 quorum
1283 2079 1391 2143 esset
1414 2056 1504 2141 alia
1512 2081 1677 2162 namra,
1693 2060 1855 2145 aerom-

389 2178 598 2261 modasse:
617 2152 809 2280 Galerium
834 2172 927 2262 vero
954 2176 1097 2261 incuria
1117 2177 1299 2311 quadarn
1315 2171 1443 2260 fuisse
1455 2174 1625 2289 lapsum:
1639 2192 1848 2311 propterea
1959 2250 1960 2253 ι

389 2293 536 2380 scilicet
550 2295 659 2408 quod
685 2317 818 2378 neuter
845 2293 1009 2383 illorum
1026 2323 1110 2379 eam
1127 2356 1139 2401 ,
1154 2316 1274 2429 quam
1289 2293 1366 2411 ipse
1387 2291 1573 2399 traderet,
1591 2295 1774 2382 rationem
1789 2324 1854 2382 se·

390 2436 510 2498 -cutus
532 2410 682 2497 ιιιιιιιι.
707 2412 856 2497 Deinde
872 2414 981 2526 quod
996 2412 1096 2498 hanc
1123 2413 1271 2547 ριιιινιι
1294 2407 1468 2499 omnibus
1483 2400 1739 2526 temporibus,
1760 2436 1853 2499 tum

390 2527 438 2612 in
459 2529 699 2644 praeteritum
725 2530 842 2643 aptari
858 2560 966 2665 ppsse
984 2556 1095 2635 ,nnn
1122 2532 1235 2615 etiam
1252 2521 1500 2616 infuturum.
1529 2529 1851 2646 Sicenim,quae

395 2647 531 2749 obesse
555 2647 729 2735 videntur
749 2645 916 2758 ,rejectis
934 2707 946 2753 ,
962 2678 1065 2734 suam
1088 2648 1308 2763 sententiam
1331 2650 1458 2759 tuetur
1476 2671 1529 2732 et
1557 2648 1700 2753 tradit,
1724 2672 1770 2734 ut
1797 2650 1853 2735 ad

402 2792 487 2848 eam
505 2765 595 2852 velit
618 2789 765 2852 vetusta
784 2795 942 2881 quoque
962 2792 1137 2881 tempora
1165 2795 1371 2879 revocare-t
1398 2795 1468 2851 nec
1492 2764 1734 2880 quidquam
1725 2793 1765 2848 tn
1783 2761 1853 2851 fu·

390 2905 531 2967 turum
560 2884 764 3003 praecipit,
789 2906 856 2968 aut
874 2887 1057 2971 admonet
1081 2885 1374 2971 demutatione
1389 2913 1450 2969 ac
1465 2884 1685 2970 diversitate
1697 2904 1850 2998 tempo-

302 3057 309 3068 «
395 3029 484 3102 rum
501 3062 513 3106 ,
528 3003 664 3114 quibus
684 3001 887 3107 omnibus,
919 3027 962 3087 ut
986 3001 1141 3118 quidem
1170 3031 1271 3088 nunc
1300 3017 1379 3108 est,
1396 3029 1521 3087 errore
1552 3002 1591 3085 in
1618 3002 1694 3087 dies
1727 3031 1853 3118 auge-

401 3142 552 3222 scente,
584 3118 684 3238 nulla
707 3145 902 3206 constans
898 3143 1027 3235 atque
1057 3121 1230 3206 eadem
1221 3118 1497 3256 interpretatio
1506 3117 1619 3232 possit
1645 3119 1695 3201 in
1707 3148 1848 3233 perpe-

394 3259 514 3320 tuum
547 3232 773 3325 convenire.
804 3241 879 3324 Ut
884 3238 992 3352 enim
1015 3237 1251 3323 Theodoti
1242 3237 1526 3350 interpretatio,
1554 3235 1684 3339 Plinii,
1711 3237 1854 3325 Gale'oi

392 3377 519 3466 atque
534 3354 719 3440 Plutarchi
733 3357 963 3491 temporibus
986 3384 1067 3440 non
1081 3356 1290 3471 convenit,
1315 3355 1365 3470 sic
1381 3355 1473 3502 olim
1496 3352 1565 3439 erit
1586 3353 1713 3537 inepta
1728 3415 1742 3460 ,
1757 3377 1850 3441 cum

393 3471 569 3557 *totidem
598 3473 734 3557 abhinc
765 3502 854 3557 anm
843 3473 1124 3559 defluxerint.

462 3592 587 3674 XXII.
648 3595 751 3674 Nam
776 3615 819 3674 ut
842 3617 984 3680 veteres
1008 3585 1279 3695 {maraculo
1309 3593 1442 3677 tectius
1471 3524 1657 3702 Julium,
1682 3526 1851 3702 nosJu-

405 3706 512 3791 nium
536 3707 854 3824 interpretamur,
880 3708 964 3795 licet
986 3709 1101 3794 hoc
1092 3740 1173 3824 tpso
1199 3709 1484 3797 Atheniensium
1510 3737 1641 3794 mense
1653 3708 1742 3820 Julii
1762 3708 1853 3822 plus

397 3824 515 3908 ‘tertia
537 3849 665 3939 parte
683 3826 793 3911 uiam
823 3854 925 3911 nunc
955 3826 1222 3935 contineatur,
1251 3826 1567 3940 tantumdemque
1593 3826 1694 3938 Junii
1720 3847 1854 3930 suma·-

397 3963 469 4025 1tur
488 3965 620 4027 extra:
652 3943 703 4027 sic
725 3944 794 4029 etit
818 3973 967 4060 tempus
994 3974 1082 4029 cum
1100 3945 1250 4076 posteri
1275 3945 1425 4080 Maium
1452 3971 1495 4025 ac
1521 3943 1682 4055 deinde
1678 3941 1852 4070 Aprilem

397 4062 627 4146 convertere
642 4062 831 4167 debeant,
844 4063 898 4148 ad
919 4092 1118 4148 summam
1127 4062 1203 4175 ejus
1227 4061 1360 4150 mensis
1376 4061 1594 4166 Romanis
1584 4092 1622 4148 tn
1644 4071 1756 4176 quem
1773 4054 1853 4145 ιοι
1973 4096 1976 4103 ’

402 4176 548 4262 stitium
562 4178 759 4285 inciderit,
766 4182 930 4266 nomine
948 4181 1163 4284 declarare,
1179 4181 1246 4267 nist
1234 4182 1343 4267 hoc
1367 4178 1513 4265 infinito
1529 4204 1654 4265 errore
1679 4177 1852 4284 sublato,

374 4320 466 4377 tes
489 4294 576 4380 ad
567 4294 823 4410 incorruptum
849 4299 995 4385 initium
1020 4324 1245 4405 revocetur,
1267 4325 1307 4386 et
1322 4321 1505 4414 perpetua
1526 4298 1623 4383 ratio
1638 4357 1650 4404 ,
1667 4295 1852 4429 quemad·

400 4412 571 4496 modum
594 4416 859 4525 exposuimus,
855 4417 1086 4522 sanciatur,
1110 4442 1154 4502 ut
1179 4446 1323 4554 semper
1352 4418 1487 4501 bruma
1516 4441 1556 4503 et
1583 4413 1822 4502 solstitium
1813 4439 1852 4497 ιιι
1987 4490 1988 4494 ι

398 4530 562 4614 <eosdem
585 4553 728 4616 menses
742 4532 960 4642 Januarium
975 4558 1090 4650 atque
1102 4535 1274 4646 julium
1265 4552 1508 4669 ipsorumque
1534 4534 1636 4619 initia
1660 4556 1851 4619 revertan-

400 4667 492 4729 tur.
524 4649 698 4741 Quod
672 4679 699 4733 st
724 4646 867 4734 factum
882 4649 1019 4757 fuerit,
1036 4652 1166 4738 redibit
1188 4653 1250 4738 illa
1276 4673 1451 4739 veterum
1476 4653 1515 4736 in
1532 4671 1759 4767 perpetuum
1784 4649 1854 4734 du·
1988 4688 1990 4747 τ

398 4770 532 4847 ratura
536 4765 832 4880 interpretatio,
848 4770 898 4854 ad
927 4799 1044 4884 quam
1059 4766 1163 4855 facile
1188 4767 1297 4858 luerit
1321 4794 1488 4875 cetera,
1500 4794 1599 4884 quae
1618 4767 1855 4854 Theodorus
1990 4783 1991 4788 '

401 4878 616 4969 doctissine
646 4885 827 4994 tradidit,
856 4915 1061 4976 revocate:
1089 4910 1129 4987 et
1162 4889 1334 4977 Romani
1366 4912 1501 5009 atque
1518 4886 1733 4974 communis
1765 4886 1863 4972 anni
1990 4954 1991 4957 a

1758 5006 1866 5120 prin·
