4034 5858
584 370 587 417 1
660 360 866 434 cruca
912 363 977 431 111.
1434 380 1507 464 319

79 491 284 614 Polynice:
301 493 350 578 sic
366 495 412 578 e'x
426 486 609 577 Romanis
626 544 641 592 ,
658 475 706 570 ne
722 483 888 602 singulos
900 481 1096 592 referam,
1114 486 1281 577 Manlius
1301 520 1390 579 cum
1401 497 1530 605 Gallo,
1544 490 1724 602 girami:

85 613 372 730 aquo-devicto
401 632 556 726 propter
581 630 760 721 torquem
775 603 898 688 eidem
916 602 1128 690 detractum
1146 667 1159 711 ,
1178 613 1365 726 Torquati
1388 643 1532 733 cogno
1544 612 1658 661 “⁰1¹⁰“
1666 615 1724 663 1¹¹³·

1545 672 1633 720 sttium
1652 674 1724 723 viro-

81 762 173 818 mcn
189 732 274 820 tulit
290 761 302 835 3
318 755 365 816 et
382 754 473 814 ante
492 726 594 810 hunc
620 725 757 812 eodem
786 718 864 808 fere
890 722 1011 807 modo
1033 749 1106 809 tres
1122 728 1274 815 Horatii
1299 760 1388 816 cum
1413 734 1533 821 tribus
1545 732 1723 793 ‘¹¹¹⁰’q¹¹³³¹¹¹·

1545 794 1623 848 gulati
1642 806 1723 842 certa·

82 852 253 938 Curiatiis
282 850 331 935 de
364 850 512 932 summa
532 847 690 948 rerum,
716 840 865 955 publica
891 843 1113 929 auctoritate
1143 843 1367 934 dimicarunt
1385 848 1407 933 .'
1421 849 1535 949 Quos
1544 852 1723 971 ζζξξξηηξψ·

79 970 213 1056 imitati
242 994 371 1056 nostra
397 963 577 1050 memoria
599 959 772 1046 undecim
782 960 978 1076 Hispani,
997 963 1233 1076 permittente
1257 968 1533 1059 GonsaloMu

81 1117 193 1202 gno,
211 1112 300 1172 cum
329 1084 490 1171 totidem
517 1080 634 1167 Gallis
658 1079 706 1164 dc
731 1078 849 1195 gloria
874 1080 1071 1166 dumtaxat
1088 1083 1332 1184 ,exercitibus
1364 1097 1533 1201 spectan-

79 1206 205 1311 tibus,
220 1202 388 1319 'equcstti
411 1203 540 1317 pugna
556 1199 824 1303 decertarunt,
841 1196 1034 1313 dubiaque
1054 1201 1210 1286 victoria
1232 1202 1447 1293 interventu
1464 1236 1534 1294 no·

78 1323 175 1429 ctis,
199 1353 286 1407 cum
313 1322 453 1435 majore
478 1343 607 1404 tamen
630 1315 832 1402 Gallorum
861 1316 1089 1403 detrimento
1119 1319 1340 1408 discessere.
1373 1325 1534 1414 Eodem·

78 1469 158 1555 quc
182 1443 322 1557 'genere
352 1435 507 1555 pugnae
535 1433 650 1551 paulo
682 1436 781 1548 post'
798 1433 977 1520 tredecim
1006 1436 1086 1519 ltali
1107 1466 1167 1521 ex
1201 1440 1338 1526 eodem
1371 1446 1534 1532 exercitu

78 1587 210 1672 parem
229 1557 387 1673 quoque
410 1556 612 1641 Gallorum
641 1553 844 1637 numerum
866 1550 1061 1637 devicere.
1092 1558 1176 1639 Nec
1199 1554 1292 1645 vero
1319 1560 1441 1645 solum
1461 1566 1534 1648 mi.

78 1676 204 1762 litibus
233 1701 324 1767 tunc
350 1674 444 1760 illud
472 1672 789 1759 suit.concessum
810 1673 904 1775 ,scd
931 1670 1085 1758 ineunte
1113 1671 1213 1761 bello
1239 1673 1317 1764 dux
1332 1680 1408 1794 ipsc
1423 1686 1534 1767 Gon·
1652 1736 1655 1741 -

80 1794 212 1903 salus,
239 1795 333 1881 dum
363 1821 402 1879 sc
438 1791 622 1877 Rarilctae
654 1818 743 1885 cum
774 1789 1032 1904 Hispanorum
1065 1819 1183 1905 parva
1220 1825 1338 1883 manu
1366 1800 1536 1886 contine.

78 1938 169 2021 ret,
197 1913 400 1998 Gallorum
431 1910 567 1996 ducem
599 1904 759 1993 foederis
791 1909 951 2021 percussi
982 1909 1207 1996 violatorem
1239 1913 1534 2004 dirimendarum

76 2030 423 2120 controversiarum
446 2028 566 2147 gratia
589 2027 641 2111 ad
664 2025 1319 2147 singularecertamcnprovocavit.
1351 2034 1439 2121 Nec
1466 2038 1536 2122 mi·

76 2151 165 2236 rum
196 2177 252 2234 est
269 2147 453 2256 ,Gallum
482 2174 651 2264 pugnam
669 2145 918 2254 detrectasse,
937 2147 1005 2262 qui
1021 2147 1138 2233 datas
1153 2144 1398 2267 acceptasque
1415 2153 1452 2237 in
1478 2180 1535 2241 re-

74 2268 146 2384 gni
171 2264 413 2382 Neapolitani
441 2263 622 2352 divisione
645 2263 745 2382 leges
762 2260 904 2370 ,frctus
928 2294 1085 2352 suorum
1109 2267 1349 2356 multitudine
1365 2298 1535 2358 contem·

78 2393 204 2470 serat.
238 2387 400 2474 Constat
431 2385 544 2502 igitur
572 2384 662 2470 tales
688 2414 777 2469 cum
804 2382 974 2471 hostibus
1004 2413 1179 2502 pugnas,
1200 2386 1244 2473 ut
1274 2389 1330 2473 his
1355 2392 1533 2504 tempori·

78 2504 182 2611 bus,
204 2504 253 2590 sic
279 2506 370 2593 olim
398 2504 495 2590 inter
524 2502 644 2589 claros
673 2502 786 2588 etiam
819 2497 921 2591 viros
948 2533 1029 2588 non
1063 2503 1184 2590 modo
1209 2506 1411 2623 perleges
1435 2525 1533 2594 coni

79 2622 205 2713 cessas·
226 2620 366 2732 mise,
384 2622 449 2708 sed
473 2621 588 2708 etiam
609 2621 796 2708 usitatas:
820 2617 1098 2708 commilitones
1126 2639 1253 2709 autem
1286 2618 1390 2710 inter
1410 2646 1447 2710 se
1461 2618 1534 2731 ,rut

76 2770 184 2828 nunc
207 2740 554 2861 fit'.,ssgladiatorum
580 2768 699 2827 more
716 2739 934 2847 dimicasse,
958 2740 1081 2826 nullos
1097 2733 1315 2858 'antiquitus
1336 2743 1450 2829 video
1463 2774 1534 2858 pne·

75 2888 157 2976 que
175 2863 450 2950 consuetudine
479 2859 630 2965 illarum
642 2858 658 2967 ‘,
675 2889 771 2976 quas
787 2861 885 2968 dixi,
902 2862 1249 2977 gentium,‘neque
1263 2852 1405 2978 legibus
1425 2858 1535 2949 fuisse

74 2981 302 3091 permissos.
328 2988 417 3068 Am.
432 2980 519 3068 Alia
539 2977 866 3098 est-gladiatorum
882 2977 1212 3096 abjectissimorum
1229 2979 1429 3065 hominurn
1446 3008 1534 3067 cau·

77 3124 149 3202 sa,
173 3098 320 3212 quivel
339 3101 430 3186 emti
450 3098 572 3216 pretio
589 3162 603 3206 ,
619 3098 682 3187 vel
710 3098 882 3186 mercede
898 3096 1083 3183 conducti
1112 3096 1151 3185 in
1177 3090 1272 3214 ludis
1293 3098 1534 3217 theatralibus

74 3213 336 3307 dimicabant:
363 3220 440 3306 alia
472 3214 721 3305 honestorum
736 3212 789 3308 iet
815 3212 1163 3319 fortiumsvirorum
1180 3214 1533 3331 ,bullandisctu-

75 3326 176 3436 dio,
186 3359 268 3417 aur
280 3330 524 3425 dirimendae:
534 3336 817 3424 controversiae
830 3363 952 3433 ,causa
969 3394 984 3451 ,
1000 3335 1230 3449 inspectante
1256 3334 1417 3421 exmcitu
1433 3392 1448 3440 ,
1463 3350 1533 3422 aut

76 3447 116 3540 ln
144 3473 292 3535 Corona
305 3446 468 3534 :militm
486 3457 862 3560 'depugnantqu
877 3460 1013 3567 Longe
1068 3448 1195 3569 uidem
1228 3445 1325 3557 aliast,
1341 3455 1407 3540 sed
1428 3477 1532 3538 um..
1623 3473 1643 3517 e
1668 3484 1680 3507 ι.
1710 3467 1726 3512 ’.

77 3593 155 3682 que
182 3568 223 3652 in
247 3565 361 3653 milite
389 3563 472 3651 non
495 3561 618 3648 inodo
640 3586 774 3648 contra
799 3563 1019 3682 religionem
1096 3566 1281 3656 ristiamn't
1297 3630 1310 3677 ,
1326 3569 1393 3657 sed
1415 3571 1532 3658 etiam

78 3709 227 3799 praeter
249 3709 418 3774 veterem
446 3681 643 3771 militatem
669 3680 921 3797 disciplinam.
1531 3725 1533 3733 -

74 3832 104 3879 r>
120 3799 364 3890 XXXVII.
395 3808 488 3888 >Aru
515 3801 928 3919 Numquamneigitur
952 3801 1075 3890 licebit
1090 3750 1431 3893 Christiano'militi
1453 3809 1718 3903 simonium..

1541 3871 1687 3940 Christianis

1563 3951 1658 4007 ngarlari
1672 3965 1719 4009 pu·

79 3917 581 4042 guliripugna'decemerel
597 3925 698 4004 Dru.
712 3916 879 4026 licebit,
894 3920 1044 4038 quoties
1068 3924 1194 4009 multis
1209 3918 1319 4011 fateris
1335 3925 1443 4013 simul
1458 3947 1586 4057 pussta
1604 4012 1621 4059 a

108 4071 196 4129 nare
213 4041 454 4158 permissum..
487 4038 638 4136 Quibus
653 4037 755 4123 enim
781 4040 974 4126 turmatim
990 4040 1256 4158 legionatimve
1269 4042 1445 4132 dimicare
1459 4020 1576 4162 peril.
1622 4023 1719 4061 ecem*

79 4068 305 4248 ilhristianas
337 4158 437 4276 leges
463 4158 715 4272 permittitur,
734 4157 805 4244 hos
825 4158 919 4273 quid
941 4160 1116 4273 prohibet
1145 4189 1217 4274 pro
1246 4162 1529 4275 eademcausa,

77 4276 228 4363 etcum
247 4281 385 4367 eodem
400 4278 511 4362 hoste
535 4275 738 4394 confligere
753 4277 1013 4395 singulariter?
1046 4279 1114 4360 An
1133 4278 1255 4363 minus
1280 4278 1425 4369 licuisse
1437 4286 1529 4372 arbi·
1541 4321 1562 4358 1·
1579 4310 1684 4372 uer-17·
1745 4314 1753 4323 ·

76 4419 222 4481 trernur
235 4391 248 4498 ,
262 4395 402 4486 Davidi
429 4394 693 4482 Philisthaeum
718 4395 944 4481 Goliathum
967 4422 1097 4510 pugna
1128 4396 1301 4513 singulari
1311 4421 1528 4519 prosterne·¹

74 4543 121 4601 re
137 4508 149 4617 ,
168 4536 286 4631 quam
308 4516 336 4602 si
362 4517 436 4603 hoc
460 4513 562 4601 idem
579 4539 757 4601 conserto
779 4513 988 4599 multorum
1007 4511 1146 4628 praelio
1168 4516 1397 4632 peregisset?
1421 4525 1525 4608 Nam

73 4661 166 4719 ctam
193 4634 303 4722 hoste
335 4634 502 4751 legitimo
528 4656 737 4748 utcumque
763 4634 803 4716 in
824 4631 925 4721 bello
951 4631 1197 4749 depugnare,
1214 4662 1296 4720 non
1322 4651 1378 4722 est
1403 4662 1527 4727 tenta·

70 4746 125 4837 re
148 4745 305 4863 Deum,
331 4754 440 4870 quod
468 4752 552 4871 lege
582 4752 709 4841 divina
734 4773 936 4857 vetamur,
953 4750 1019 4837 sed
1044 4747 1171 4838 officio
1203 4748 1310 4868 fungi
1333 4755 1425 4840 boni
1455 4759 1527 4842 mi·

69 4869 168 4960 litis:
197 4903 268 4964 nec
297 4874 446 4968 hostem
471 4872 602 4963 tollere
619 4932 632 4984 ‚
647 4895 704 4959 est
729 4867 1148 4997 homicidiumfpattatc
1164 4931 1178 4984 ,
1193 4893 1350 4959 naturae
1365 4901 1525 5083 quoqlue

68 5018 105 5088 ,z⁸
205 5057 213 5067 ,
520 5070 523 5076 .
1187 5023 1190 5033 ¹
1442 5078 1448 5090 ,
1485 5022 1526 5080 C·
