<?xml version="1.0" encoding="UTF-8"?>
<!DOCTYPE html PUBLIC "-//W3C//DTD XHTML 1.0 Transitional//EN"
    "http://www.w3.org/TR/xhtml1/DTD/xhtml1-transitional.dtd">
<html xmlns="http://www.w3.org/1999/xhtml" xml:lang="en" lang="en">
 <head>
  <title>
</title>
<meta http-equiv="Content-Type" content="text/html;charset=utf-8" />
  <meta name='ocr-system' content='tesseract 3.04.00' />
  <meta name='ocr-capabilities' content='ocr_page ocr_carea ocr_par ocr_line ocrx_word'/>
</head>
<body>
  <div class='ocr_page' id='page_1' title='image "./joannisgenesiis01sepgoog/joannisgenesiis01sepgoog_0530.png"; bbox 0 0 4020 5864; ppageno 0'>
   <div class='ocr_carea' id='block_1_1' title="bbox 500 353 1591 458">
    <p class='ocr_par' dir='ltr' id='par_1_1' title="bbox 500 353 1591 458">
     <span class='ocr_line' id='line_1_1' title="bbox 500 353 1591 458; baseline 0.003 -27"><span class='ocrx_word' id='word_1_1' title='bbox 500 362 579 458; x_wconf 55' lang='lat'>&#39;536</span> <span class='ocrx_word' id='word_1_2' title='bbox 817 359 887 433; x_wconf 86' lang='lat' dir='ltr'>DE</span> <span class='ocrx_word' id='word_1_3' title='bbox 918 358 1049 430; x_wconf 82' lang='lat' dir='ltr'>FATO</span> <span class='ocrx_word' id='word_1_4' title='bbox 1070 353 1134 430; x_wconf 81' lang='lat' dir='ltr'>ET</span> <span class='ocrx_word' id='word_1_5' title='bbox 1154 357 1334 434; x_wconf 85' lang='lat' dir='ltr'>LIBERO</span> <span class='ocrx_word' id='word_1_6' title='bbox 1352 358 1591 437; x_wconf 82' lang='lat' dir='ltr'>ARBITRIO</span> 
     </span>
    </p>
   </div>
   <div class='ocr_carea' id='block_1_2' title="bbox 310 478 1936 1075">
    <p class='ocr_par' dir='ltr' id='par_1_2' title="bbox 476 478 1936 923">
     <span class='ocr_line' id='line_1_2' title="bbox 476 478 1936 620; baseline 0.001 -50.008"><span class='ocrx_word' id='word_1_7' title='bbox 476 485 587 620; x_wconf 82' lang='lat' dir='ltr'>gello</span> <span class='ocrx_word' id='word_1_8' title='bbox 605 478 871 570; x_wconf 87' lang='lat' dir='ltr'>maledicorum</span> <span class='ocrx_word' id='word_1_9' title='bbox 900 482 1116 589; x_wconf 87' lang='lat' dir='ltr'>calumniis,</span> <span class='ocrx_word' id='word_1_10' title='bbox 1140 511 1179 569; x_wconf 94' lang='lat' dir='ltr'>se</span> <span class='ocrx_word' id='word_1_11' title='bbox 1192 510 1266 569; x_wconf 90' lang='grc' dir='ltr'>ειιο</span> <span class='ocrx_word' id='word_1_12' title='bbox 1287 481 1360 569; x_wconf 92' lang='lat' dir='ltr'>id</span> <span class='ocrx_word' id='word_1_13' title='bbox 1351 510 1455 596; x_wconf 68' lang='lat' dir='ltr'>ture,</span> <span class='ocrx_word' id='word_1_14' title='bbox 1478 508 1517 570; x_wconf 91' lang='lat' dir='ltr'>et</span> <span class='ocrx_word' id='word_1_15' title='bbox 1540 484 1618 571; x_wconf 89' lang='lat' dir='ltr'>sine</span> <span class='ocrx_word' id='word_1_16' title='bbox 1645 478 1861 598; x_wconf 83' lang='lat' dir='ltr'>cujuspiam</span> <span class='ocrx_word' id='word_1_17' title='bbox 1886 485 1936 571; x_wconf 80' lang='lat' dir='ltr'>in·</span> 
     </span>
     <span class='ocr_line' id='line_1_3' title="bbox 460 598 1932 719; baseline 0.003 -32.069"><span class='ocrx_word' id='word_1_18' title='bbox 460 603 577 719; x_wconf 79' lang='lat' dir='ltr'>juria</span> <span class='ocrx_word' id='word_1_19' title='bbox 590 598 731 708; x_wconf 88' lang='lat' dir='ltr'>facete,</span> <span class='ocrx_word' id='word_1_20' title='bbox 758 608 845 716; x_wconf 88' lang='lat' dir='ltr'>qui,</span> <span class='ocrx_word' id='word_1_21' title='bbox 861 630 950 687; x_wconf 89' lang='lat' dir='ltr'>cum</span> <span class='ocrx_word' id='word_1_22' title='bbox 967 601 1155 687; x_wconf 87' lang='lat' dir='ltr'>neminem</span> <span class='ocrx_word' id='word_1_23' title='bbox 1172 598 1319 689; x_wconf 84' lang='lat' dir='ltr'>fraudet</span> <span class='ocrx_word' id='word_1_24' title='bbox 1344 604 1516 689; x_wconf 85' lang='lat' dir='ltr'>mercede</span> <span class='ocrx_word' id='word_1_25' title='bbox 1542 625 1682 718; x_wconf 87' lang='lat' dir='ltr'>pacta,</span> <span class='ocrx_word' id='word_1_26' title='bbox 1709 630 1814 717; x_wconf 90' lang='lat' dir='ltr'>quos</span> <span class='ocrx_word' id='word_1_27' title='bbox 1843 604 1932 692; x_wconf 90' lang='lat' dir='ltr'>velit</span> 
     </span>
     <span class='ocr_line' id='line_1_4' title="bbox 486 720 1933 923; baseline 0.001 -119"><span class='ocrx_word' id='word_1_28' title='bbox 486 721 701 923; x_wconf 50' lang='lat' dir='ltr'>lliberalitate</span> <span class='ocrx_word' id='word_1_29' title='bbox 726 744 988 836; x_wconf 76' lang='lat' dir='ltr'>prosequatur.</span> <span class='ocrx_word' id='word_1_30' title='bbox 1019 724 1079 805; x_wconf 91' lang='lat' dir='ltr'>De</span> <span class='ocrx_word' id='word_1_31' title='bbox 1112 720 1254 832; x_wconf 89' lang='lat' dir='ltr'>Jacob</span> <span class='ocrx_word' id='word_1_32' title='bbox 1264 744 1304 808; x_wconf 87' lang='lat' dir='ltr'>et</span> <span class='ocrx_word' id='word_1_33' title='bbox 1323 726 1426 806; x_wconf 84' lang='lat' dir='ltr'>Esau</span> <span class='ocrx_word' id='word_1_34' title='bbox 1459 743 1548 835; x_wconf 87' lang='lat' dir='ltr'>post</span> <span class='ocrx_word' id='word_1_35' title='bbox 1577 720 1694 837; x_wconf 87' lang='lat' dir='ltr'>paulo</span> <span class='ocrx_word' id='word_1_36' title='bbox 1726 722 1933 835; x_wconf 88' lang='lat' dir='ltr'>responde·</span> 
     </span>
     <span class='ocr_line' id='line_1_5' title="bbox 515 869 879 923; baseline 0 0"><span class='ocrx_word' id='word_1_37' title='bbox 515 869 608 923; x_wconf 87' lang='lat' dir='ltr'>nnus</span> <span class='ocrx_word' id='word_1_38' title='bbox 877 895 879 900; x_wconf 87' lang='lat'><em>·</em></span> 
     </span>
    </p>

    <p class='ocr_par' dir='ltr' id='par_1_3' title="bbox 310 953 1929 1075">
     <span class='ocr_line' id='line_1_6' title="bbox 310 953 1929 1075; baseline 0.004 -35"><span class='ocrx_word' id='word_1_39' title='bbox 310 981 385 1029; x_wconf 75' lang='grc' dir='ltr'>ιιι</span> <span class='ocrx_word' id='word_1_40' title='bbox 403 992 490 1052; x_wconf 74' lang='lat' dir='ltr'>auu</span> <span class='ocrx_word' id='word_1_41' title='bbox 547 957 693 1041; x_wconf 89' lang='lat' dir='ltr'>XXVI</span> <span class='ocrx_word' id='word_1_42' title='bbox 752 957 874 1044; x_wconf 92' lang='lat' dir='ltr'>Nunc</span> <span class='ocrx_word' id='word_1_43' title='bbox 890 959 940 1045; x_wconf 87' lang='lat' dir='ltr'>ad</span> <span class='ocrx_word' id='word_1_44' title='bbox 962 981 1227 1075; x_wconf 82' lang='lat' dir='ltr'>argumentum</span> <span class='ocrx_word' id='word_1_45' title='bbox 1245 958 1358 1045; x_wconf 91' lang='lat' dir='ltr'>venio</span> <span class='ocrx_word' id='word_1_46' title='bbox 1391 960 1588 1045; x_wconf 90' lang='lat' dir='ltr'>ductuma</span> <span class='ocrx_word' id='word_1_47' title='bbox 1613 959 1688 1042; x_wconf 93' lang='lat' dir='ltr'>Dei</span> <span class='ocrx_word' id='word_1_48' title='bbox 1718 953 1929 1047; x_wconf 81' lang='lat' dir='ltr'>hunnorum</span> 
     </span>
    </p>
   </div>
   <div class='ocr_carea' id='block_1_3' title="bbox 298 1041 1937 4856">
    <p class='ocr_par' dir='ltr' id='par_1_4' title="bbox 298 1041 1937 4848">
     <span class='ocr_line' id='line_1_7' title="bbox 298 1041 1930 1222; baseline 0.002 -64.002"><span class='ocrx_word' id='word_1_49' title='bbox 299 1113 359 1158; x_wconf 73' lang='lat' dir='ltr'>pre</span> <span class='ocrx_word' id='word_1_50' title='bbox 298 1041 475 1222; x_wconf 55' lang='grc' dir='ltr'>ᾛιιιῗιὲ</span> <span class='ocrx_word' id='word_1_51' title='bbox 488 1074 792 1211; x_wconf 81' lang='lat' dir='ltr'>praecognitione</span> <span class='ocrx_word' id='word_1_52' title='bbox 819 1139 832 1183; x_wconf 98' lang='lat'>,</span> <span class='ocrx_word' id='word_1_53' title='bbox 858 1077 967 1191; x_wconf 92' lang='lat' dir='ltr'>quod</span> <span class='ocrx_word' id='word_1_54' title='bbox 999 1077 1151 1212; x_wconf 81' lang='lat' dir='ltr'>propius</span> <span class='ocrx_word' id='word_1_55' title='bbox 1175 1101 1341 1163; x_wconf 90' lang='lat' dir='ltr'>nostram</span> <span class='ocrx_word' id='word_1_56' title='bbox 1374 1078 1423 1162; x_wconf 89' lang='lat' dir='ltr'>de</span> <span class='ocrx_word' id='word_1_57' title='bbox 1453 1074 1534 1162; x_wconf 87' lang='lat' dir='ltr'>fato</span> <span class='ocrx_word' id='word_1_58' title='bbox 1561 1100 1601 1161; x_wconf 92' lang='lat' dir='ltr'>et</span> <span class='ocrx_word' id='word_1_59' title='bbox 1625 1075 1749 1159; x_wconf 88' lang='lat' dir='ltr'>libero</span> <span class='ocrx_word' id='word_1_60' title='bbox 1783 1077 1930 1162; x_wconf 89' lang='lat' dir='ltr'>arbitrio</span> 
     </span>
     <span class='ocr_line' id='line_1_8' title="bbox 483 1191 1931 1309; baseline 0 -32"><span class='ocrx_word' id='word_1_61' title='bbox 483 1222 639 1277; x_wconf 89' lang='lat' dir='ltr'>causam</span> <span class='ocrx_word' id='word_1_62' title='bbox 655 1195 817 1309; x_wconf 86' lang='lat' dir='ltr'>attingit.</span> <span class='ocrx_word' id='word_1_63' title='bbox 848 1200 986 1309; x_wconf 88' lang='lat' dir='ltr'>Neque</span> <span class='ocrx_word' id='word_1_64' title='bbox 1001 1195 1103 1280; x_wconf 90' lang='lat' dir='ltr'>enim</span> <span class='ocrx_word' id='word_1_65' title='bbox 1120 1195 1195 1305; x_wconf 83' lang='lat' dir='ltr'>jam</span> <span class='ocrx_word' id='word_1_66' title='bbox 1212 1195 1290 1279; x_wconf 94' lang='lat' dir='ltr'>huc</span> <span class='ocrx_word' id='word_1_67' title='bbox 1300 1219 1466 1308; x_wconf 88' lang='lat' dir='ltr'>spectat,</span> <span class='ocrx_word' id='word_1_68' title='bbox 1497 1219 1541 1280; x_wconf 95' lang='lat' dir='ltr'>ut</span> <span class='ocrx_word' id='word_1_69' title='bbox 1556 1220 1670 1307; x_wconf 93' lang='lat' dir='ltr'>opem</span> <span class='ocrx_word' id='word_1_70' title='bbox 1701 1191 1780 1277; x_wconf 88' lang='lat' dir='ltr'>Dei</span> <span class='ocrx_word' id='word_1_71' title='bbox 1826 1222 1931 1308; x_wconf 72' lang='lat' dir='ltr'>pecu</span> 
     </span>
     <span class='ocr_line' id='line_1_9' title="bbox 474 1308 1931 1447; baseline 0 -50"><span class='ocrx_word' id='word_1_72' title='bbox 474 1310 691 1428; x_wconf 84' lang='lat' dir='ltr'>liaremque</span> <span class='ocrx_word' id='word_1_73' title='bbox 718 1312 874 1447; x_wconf 80' lang='lat' dir='ltr'>gratiam</span> <span class='ocrx_word' id='word_1_74' title='bbox 896 1339 995 1398; x_wconf 90' lang='lat' dir='ltr'>recte</span> <span class='ocrx_word' id='word_1_75' title='bbox 1011 1308 1164 1428; x_wconf 88' lang='lat' dir='ltr'>agendo</span> <span class='ocrx_word' id='word_1_76' title='bbox 1181 1313 1422 1398; x_wconf 85' lang='lat' dir='ltr'>necessariam</span> <span class='ocrx_word' id='word_1_77' title='bbox 1443 1341 1520 1398; x_wconf 91' lang='lat' dir='ltr'>esse</span> <span class='ocrx_word' id='word_1_78' title='bbox 1540 1312 1808 1416; x_wconf 88' lang='lat' dir='ltr'>demonstret,</span> <span class='ocrx_word' id='word_1_79' title='bbox 1826 1313 1931 1426; x_wconf 93' lang='lat' dir='ltr'>quod</span> 
     </span>
     <span class='ocr_line' id='line_1_10' title="bbox 488 1429 1932 1565; baseline 0 -51"><span class='ocrx_word' id='word_1_80' title='bbox 488 1430 696 1565; x_wconf 86' lang='lat' dir='ltr'>pudoris</span> <span class='ocrx_word' id='word_1_81' title='bbox 660 1431 834 1514; x_wconf 79' lang='lat' dir='ltr'>nimirum</span> <span class='ocrx_word' id='word_1_82' title='bbox 861 1431 943 1544; x_wconf 92' lang='lat' dir='ltr'>plus</span> <span class='ocrx_word' id='word_1_83' title='bbox 974 1430 1127 1515; x_wconf 89' lang='lat' dir='ltr'>habetet</span> <span class='ocrx_word' id='word_1_84' title='bbox 1150 1491 1164 1537; x_wconf 95' lang='lat'>,</span> <span class='ocrx_word' id='word_1_85' title='bbox 1190 1432 1272 1544; x_wconf 89' lang='lat' dir='ltr'>plus</span> <span class='ocrx_word' id='word_1_86' title='bbox 1288 1431 1398 1516; x_wconf 87' lang='lat' dir='ltr'>etiam</span> <span class='ocrx_word' id='word_1_87' title='bbox 1429 1430 1607 1545; x_wconf 72' lang='lat' dir='ltr'>pietatis,</span> <span class='ocrx_word' id='word_1_88' title='bbox 1642 1429 1712 1513; x_wconf 90' lang='lat' dir='ltr'>sed</span> <span class='ocrx_word' id='word_1_89' title='bbox 1735 1453 1780 1512; x_wconf 89' lang='lat' dir='ltr'>ut</span> <span class='ocrx_word' id='word_1_90' title='bbox 1808 1457 1932 1514; x_wconf 88' lang='lat' dir='ltr'>retum</span> 
     </span>
     <span class='ocr_line' id='line_1_11' title="bbox 482 1544 1930 1683; baseline 0 -51"><span class='ocrx_word' id='word_1_91' title='bbox 482 1548 668 1632; x_wconf 87' lang='grc' dir='ltr'>-οιιιιιίιιιιι</span> <span class='ocrx_word' id='word_1_92' title='bbox 696 1548 948 1645; x_wconf 86' lang='lat' dir='ltr'>necessitatem</span> <span class='ocrx_word' id='word_1_93' title='bbox 973 1548 1160 1654; x_wconf 86' lang='lat' dir='ltr'>inducat,</span> <span class='ocrx_word' id='word_1_94' title='bbox 1193 1574 1328 1635; x_wconf 90' lang='lat' dir='ltr'>cuncta</span> <span class='ocrx_word' id='word_1_95' title='bbox 1356 1580 1395 1637; x_wconf 88' lang='lat' dir='ltr'>vt</span> <span class='ocrx_word' id='word_1_96' title='bbox 1383 1549 1586 1683; x_wconf 88' lang='lat' dir='ltr'>quadam</span> <span class='ocrx_word' id='word_1_97' title='bbox 1614 1546 1822 1632; x_wconf 89' lang='lat' dir='ltr'>inevitabili</span> <span class='ocrx_word' id='word_1_98' title='bbox 1853 1544 1930 1632; x_wconf 86' lang='lat' dir='ltr'>fieri</span> 
     </span>
     <span class='ocr_line' id='line_1_12' title="bbox 490 1663 1931 1782; baseline 0 -33"><span class='ocrx_word' id='word_1_99' title='bbox 490 1665 750 1771; x_wconf 88' lang='lat' dir='ltr'>concludens,</span> <span class='ocrx_word' id='word_1_100' title='bbox 775 1695 820 1750; x_wconf 86' lang='lat' dir='ltr'>ac</span> <span class='ocrx_word' id='word_1_101' title='bbox 834 1663 936 1750; x_wconf 84' lang='lat' dir='ltr'>fatali</span> <span class='ocrx_word' id='word_1_102' title='bbox 962 1665 1187 1751; x_wconf 87' lang='lat' dir='ltr'>necessitate.</span> <span class='ocrx_word' id='word_1_103' title='bbox 1216 1667 1341 1763; x_wconf 89' lang='lat' dir='ltr'>Quod</span> <span class='ocrx_word' id='word_1_104' title='bbox 1373 1666 1462 1782; x_wconf 90' lang='lat' dir='ltr'>quia</span> <span class='ocrx_word' id='word_1_105' title='bbox 1484 1664 1672 1750; x_wconf 88' lang='lat' dir='ltr'>Luthetus</span> <span class='ocrx_word' id='word_1_106' title='bbox 1701 1692 1817 1778; x_wconf 88' lang='lat' dir='ltr'>opere</span> <span class='ocrx_word' id='word_1_107' title='bbox 1845 1689 1931 1749; x_wconf 91' lang='lat' dir='ltr'>toto</span> 
     </span>
     <span class='ocr_line' id='line_1_13' title="bbox 477 1779 1933 1899; baseline 0 -32"><span class='ocrx_word' id='word_1_108' title='bbox 477 1783 530 1869; x_wconf 83' lang='lat' dir='ltr'>id</span> <span class='ocrx_word' id='word_1_109' title='bbox 547 1785 704 1869; x_wconf 88' lang='lat' dir='ltr'>maxime</span> <span class='ocrx_word' id='word_1_110' title='bbox 721 1808 812 1889; x_wconf 91' lang='lat' dir='ltr'>‚et,</span> <span class='ocrx_word' id='word_1_111' title='bbox 839 1814 867 1867; x_wconf 91' lang='grc' dir='ltr'>ει</span> <span class='ocrx_word' id='word_1_112' title='bbox 855 1783 974 1867; x_wconf 90' lang='lat' dir='ltr'>mihi</span> <span class='ocrx_word' id='word_1_113' title='bbox 988 1784 1180 1888; x_wconf 85' lang='lat' dir='ltr'>creditur,</span> <span class='ocrx_word' id='word_1_114' title='bbox 1212 1784 1334 1870; x_wconf 91' lang='lat' dir='ltr'>solum</span> <span class='ocrx_word' id='word_1_115' title='bbox 1358 1783 1482 1899; x_wconf 83' lang='lat' dir='ltr'>petit,</span> <span class='ocrx_word' id='word_1_116' title='bbox 1507 1808 1551 1867; x_wconf 93' lang='lat' dir='ltr'>ut</span> <span class='ocrx_word' id='word_1_117' title='bbox 1567 1779 1730 1866; x_wconf 87' lang='lat' dir='ltr'>artificio</span> <span class='ocrx_word' id='word_1_118' title='bbox 1746 1781 1933 1868; x_wconf 85' lang='lat' dir='ltr'>machinae</span> 
     </span>
     <span class='ocr_line' id='line_1_14' title="bbox 480 1901 1930 2037; baseline -0.001 -51"><span class='ocrx_word' id='word_1_119' title='bbox 480 1901 600 2014; x_wconf 55' lang='lat' dir='ltr'>‘hujus</span> <span class='ocrx_word' id='word_1_120' title='bbox 628 1930 783 1988; x_wconf 93' lang='lat' dir='ltr'>omnem</span> <span class='ocrx_word' id='word_1_121' title='bbox 813 1901 1034 2037; x_wconf 76' lang='lat' dir='ltr'>religionem</span> <span class='ocrx_word' id='word_1_122' title='bbox 1058 1903 1227 1988; x_wconf 88' lang='lat' dir='ltr'>evertat:</span> <span class='ocrx_word' id='word_1_123' title='bbox 1262 1902 1399 1988; x_wconf 89' lang='lat' dir='ltr'>idcirco</span> <span class='ocrx_word' id='word_1_124' title='bbox 1425 1901 1525 1986; x_wconf 93' lang='lat' dir='ltr'>idem</span> <span class='ocrx_word' id='word_1_125' title='bbox 1557 1923 1834 2017; x_wconf 88' lang='lat' dir='ltr'>argumentum</span> <span class='ocrx_word' id='word_1_126' title='bbox 1862 1931 1930 2015; x_wconf 89' lang='lat' dir='ltr'>op-</span> 
     </span>
     <span class='ocr_line' id='line_1_15' title="bbox 476 2017 1930 2134; baseline -0.002 -28"><span class='ocrx_word' id='word_1_127' title='bbox 476 2020 660 2134; x_wconf 87' lang='lat' dir='ltr'>portunis</span> <span class='ocrx_word' id='word_1_128' title='bbox 685 2020 722 2106; x_wconf 91' lang='lat' dir='ltr'>in</span> <span class='ocrx_word' id='word_1_129' title='bbox 752 2017 902 2123; x_wconf 90' lang='lat' dir='ltr'>locis,</span> <span class='ocrx_word' id='word_1_130' title='bbox 893 2048 931 2102; x_wconf 93' lang='grc' dir='ltr'>ιιι</span> <span class='ocrx_word' id='word_1_131' title='bbox 959 2019 1140 2133; x_wconf 90' lang='lat' dir='ltr'>principio</span> <span class='ocrx_word' id='word_1_132' title='bbox 1164 2044 1204 2104; x_wconf 93' lang='lat' dir='ltr'>et</span> <span class='ocrx_word' id='word_1_133' title='bbox 1228 2019 1354 2105; x_wconf 83' lang='lat' dir='ltr'>medio</span> <span class='ocrx_word' id='word_1_134' title='bbox 1385 2017 1562 2134; x_wconf 90' lang='lat' dir='ltr'>calceque</span> <span class='ocrx_word' id='word_1_135' title='bbox 1591 2017 1709 2102; x_wconf 91' lang='lat' dir='ltr'>libelli</span> <span class='ocrx_word' id='word_1_136' title='bbox 1746 2018 1930 2132; x_wconf 84' lang='lat' dir='ltr'>disponit,</span> 
     </span>
     <span class='ocr_line' id='line_1_16' title="bbox 476 2135 1931 2240; baseline -0.001 -18"><span class='ocrx_word' id='word_1_137' title='bbox 476 2137 665 2223; x_wconf 78' lang='lat' dir='ltr'>dum&#39;sibi</span> <span class='ocrx_word' id='word_1_138' title='bbox 693 2162 772 2221; x_wconf 85' lang='lat' dir='ltr'>tarn</span> <span class='ocrx_word' id='word_1_139' title='bbox 800 2136 966 2220; x_wconf 88' lang='lat' dir='ltr'>occultas</span> <span class='ocrx_word' id='word_1_140' title='bbox 991 2136 1137 2221; x_wconf 90' lang='lat' dir='ltr'>insidias</span> <span class='ocrx_word' id='word_1_141' title='bbox 1168 2138 1207 2220; x_wconf 91' lang='lat' dir='ltr'>in</span> <span class='ocrx_word' id='word_1_142' title='bbox 1231 2166 1279 2222; x_wconf 94' lang='grc' dir='ltr'>ιο</span> <span class='ocrx_word' id='word_1_143' title='bbox 1294 2136 1522 2240; x_wconf 88' lang='lat' dir='ltr'>collocasse,</span> <span class='ocrx_word' id='word_1_144' title='bbox 1556 2162 1637 2221; x_wconf 89' lang='lat' dir='ltr'>tam</span> <span class='ocrx_word' id='word_1_145' title='bbox 1669 2135 1931 2221; x_wconf 81' lang='lat' dir='ltr'>inextricabiles</span> 
     </span>
     <span class='ocr_line' id='line_1_17' title="bbox 490 2197 1925 2370; baseline 0.001 -33"><span class='ocrx_word' id='word_1_146' title='bbox 490 2254 619 2370; x_wconf 88' lang='lat' dir='ltr'>plagas</span> <span class='ocrx_word' id='word_1_147' title='bbox 635 2253 831 2361; x_wconf 87' lang='lat' dir='ltr'>tetendisse</span> <span class='ocrx_word' id='word_1_148' title='bbox 847 2253 1025 2360; x_wconf 88' lang='lat' dir='ltr'>videtur,</span> <span class='ocrx_word' id='word_1_149' title='bbox 1059 2281 1102 2340; x_wconf 93' lang='lat' dir='ltr'>ut</span> <span class='ocrx_word' id='word_1_150' title='bbox 1118 2282 1234 2339; x_wconf 90' lang='lat' dir='ltr'>nemo</span> <span class='ocrx_word' id='word_1_151' title='bbox 1249 2283 1330 2339; x_wconf 90' lang='lat' dir='ltr'>non</span> <span class='ocrx_word' id='word_1_152' title='bbox 1351 2255 1465 2370; x_wconf 83' lang='lat' dir='ltr'>possit</span> <span class='ocrx_word' id='word_1_153' title='bbox 1481 2197 1643 2339; x_wconf 80' lang='lat' dir='ltr'>iricidcre</span> <span class='ocrx_word' id='word_1_154' title='bbox 1661 2314 1675 2357; x_wconf 93' lang='lat'>,</span> <span class='ocrx_word' id='word_1_155' title='bbox 1713 2282 1829 2339; x_wconf 90' lang='lat' dir='ltr'>nemo</span> <span class='ocrx_word' id='word_1_156' title='bbox 1843 2281 1925 2338; x_wconf 86' lang='lat' dir='ltr'>cum</span> 
     </span>
     <span class='ocr_line' id='line_1_18' title="bbox 477 2371 1931 2508; baseline -0.001 -50"><span class='ocrx_word' id='word_1_157' title='bbox 477 2371 743 2477; x_wconf 85' lang='lat' dir='ltr'>inciderit,</span> <span class='ocrx_word' id='word_1_158' title='bbox 718 2400 794 2455; x_wconf 85' lang='lat' dir='ltr'>stne</span> <span class='ocrx_word' id='word_1_159' title='bbox 811 2400 953 2488; x_wconf 89' lang='lat' dir='ltr'>magno</span> <span class='ocrx_word' id='word_1_160' title='bbox 979 2371 1136 2503; x_wconf 85' lang='lat' dir='ltr'>negotio</span> <span class='ocrx_word' id='word_1_161' title='bbox 1151 2401 1230 2456; x_wconf 88' lang='lat' dir='ltr'>sese</span> <span class='ocrx_word' id='word_1_162' title='bbox 1230 2372 1381 2460; x_wconf 82' lang='lat' dir='ltr'>valeat</span> <span class='ocrx_word' id='word_1_163' title='bbox 1406 2371 1597 2508; x_wconf 81' lang='lat' dir='ltr'>explicare.</span> <span class='ocrx_word' id='word_1_164' title='bbox 1631 2375 1678 2455; x_wconf 91' lang='lat' dir='ltr'>ln</span> <span class='ocrx_word' id='word_1_165' title='bbox 1710 2401 1797 2486; x_wconf 91' lang='lat' dir='ltr'>quo</span> <span class='ocrx_word' id='word_1_166' title='bbox 1820 2402 1931 2489; x_wconf 86' lang='lat' dir='ltr'>argu·</span> 
     </span>
     <span class='ocr_line' id='line_1_19' title="bbox 477 2486 1928 2625; baseline 0.002 -52"><span class='ocrx_word' id='word_1_167' title='bbox 477 2517 623 2580; x_wconf 74' lang='lat' dir='ltr'>:mento</span> <span class='ocrx_word' id='word_1_168' title='bbox 638 2514 744 2575; x_wconf 90' lang='lat' dir='ltr'>tanta</span> <span class='ocrx_word' id='word_1_169' title='bbox 769 2517 808 2572; x_wconf 85' lang='grc' dir='ltr'>ει</span> <span class='ocrx_word' id='word_1_170' title='bbox 832 2488 1016 2574; x_wconf 90' lang='lat' dir='ltr'>levitate</span> <span class='ocrx_word' id='word_1_171' title='bbox 1007 2515 1145 2601; x_wconf 65' lang='lat' dir='ltr'>iactat,</span> <span class='ocrx_word' id='word_1_172' title='bbox 1172 2491 1302 2625; x_wconf 76' lang='lat' dir='ltr'>quasi</span> <span class='ocrx_word' id='word_1_173' title='bbox 1301 2490 1489 2575; x_wconf 88' lang='lat' dir='ltr'>anemine</span> <span class='ocrx_word' id='word_1_174' title='bbox 1504 2492 1603 2604; x_wconf 86' lang='lat' dir='ltr'>ptius</span> <span class='ocrx_word' id='word_1_175' title='bbox 1628 2488 1670 2576; x_wconf 94' lang='lat' dir='ltr'>id</span> <span class='ocrx_word' id='word_1_176' title='bbox 1698 2486 1830 2576; x_wconf 88' lang='lat' dir='ltr'>fuisset</span> <span class='ocrx_word' id='word_1_177' title='bbox 1846 2521 1928 2575; x_wconf 89' lang='lat' dir='ltr'>um·</span> 
     </span>
     <span class='ocr_line' id='line_1_20' title="bbox 489 2607 1930 2744; baseline -0.001 -51"><span class='ocrx_word' id='word_1_178' title='bbox 489 2639 606 2744; x_wconf 81' lang='lat' dir='ltr'>quam</span> <span class='ocrx_word' id='word_1_179' title='bbox 611 2607 954 2713; x_wconf 88' lang='lat' dir='ltr'>animadversum,</span> <span class='ocrx_word' id='word_1_180' title='bbox 981 2607 1046 2692; x_wconf 90' lang='lat' dir='ltr'>sed</span> <span class='ocrx_word' id='word_1_181' title='bbox 1062 2608 1248 2708; x_wconf 88' lang='lat' dir='ltr'>caelitus</span> <span class='ocrx_word' id='word_1_182' title='bbox 1238 2608 1322 2720; x_wconf 89' lang='lat' dir='ltr'>rpsi</span> <span class='ocrx_word' id='word_1_183' title='bbox 1332 2607 1462 2695; x_wconf 91' lang='lat' dir='ltr'>divino</span> <span class='ocrx_word' id='word_1_184' title='bbox 1478 2608 1651 2724; x_wconf 82' lang='lat' dir='ltr'>quodam</span> <span class='ocrx_word' id='word_1_185' title='bbox 1688 2609 1848 2693; x_wconf 85' lang='lat' dir='ltr'>oraculo</span> <span class='ocrx_word' id='word_1_186' title='bbox 1869 2608 1930 2692; x_wconf 90' lang='lat' dir='ltr'>de·</span> 
     </span>
     <span class='ocr_line' id='line_1_21' title="bbox 490 2723 1930 2839; baseline -0.001 -29"><span class='ocrx_word' id='word_1_187' title='bbox 490 2729 655 2811; x_wconf 93' lang='lat' dir='ltr'>missum.</span> <span class='ocrx_word' id='word_1_188' title='bbox 674 2724 826 2808; x_wconf 91' lang='lat' dir='ltr'>Cum</span> <span class='ocrx_word' id='word_1_189' title='bbox 817 2725 963 2809; x_wconf 90' lang='lat' dir='ltr'>mterim</span> <span class='ocrx_word' id='word_1_190' title='bbox 998 2725 1037 2808; x_wconf 91' lang='lat' dir='ltr'>in</span> <span class='ocrx_word' id='word_1_191' title='bbox 1063 2724 1154 2810; x_wconf 90' lang='lat' dir='ltr'>ludo</span> <span class='ocrx_word' id='word_1_192' title='bbox 1175 2724 1383 2810; x_wconf 87' lang='lat' dir='ltr'>litterario</span> <span class='ocrx_word' id='word_1_193' title='bbox 1375 2749 1469 2810; x_wconf 89' lang='lat' dir='ltr'>mter</span> <span class='ocrx_word' id='word_1_194' title='bbox 1502 2726 1620 2839; x_wconf 88' lang='lat' dir='ltr'>prima</span> <span class='ocrx_word' id='word_1_195' title='bbox 1652 2723 1930 2811; x_wconf 86' lang='lat' dir='ltr'>dialecticorum</span> 
     </span>
     <span class='ocr_line' id='line_1_22' title="bbox 481 2839 1929 2957; baseline -0.004 -27"><span class='ocrx_word' id='word_1_196' title='bbox 481 2846 806 2945; x_wconf 83' lang='lat' dir='ltr'>exercitamenta,</span> <span class='ocrx_word' id='word_1_197' title='bbox 832 2842 907 2927; x_wconf 92' lang='lat' dir='ltr'>hoc</span> <span class='ocrx_word' id='word_1_198' title='bbox 922 2839 1019 2928; x_wconf 87' lang='lat' dir='ltr'>vel</span> <span class='ocrx_word' id='word_1_199' title='bbox 1010 2841 1197 2957; x_wconf 81' lang='lat' dir='ltr'>inprimis</span> <span class='ocrx_word' id='word_1_200' title='bbox 1225 2870 1429 2957; x_wconf 89' lang='lat' dir='ltr'>puerorum</span> <span class='ocrx_word' id='word_1_201' title='bbox 1446 2843 1597 2928; x_wconf 90' lang='lat' dir='ltr'>auribus</span> <span class='ocrx_word' id='word_1_202' title='bbox 1613 2842 1832 2928; x_wconf 89' lang='lat' dir='ltr'>inculcetur.</span> <span class='ocrx_word' id='word_1_203' title='bbox 1848 2845 1929 2924; x_wconf 84' lang='lat' dir='ltr'>Er·</span> 
     </span>
     <span class='ocr_line' id='line_1_23' title="bbox 481 2957 1929 3074; baseline -0.002 -29"><span class='ocrx_word' id='word_1_204' title='bbox 481 2990 538 3072; x_wconf 33' lang='lat' dir='ltr'>rgo</span> <span class='ocrx_word' id='word_1_205' title='bbox 561 2970 597 3044; x_wconf 84' lang='lat' dir='ltr'>si</span> <span class='ocrx_word' id='word_1_206' title='bbox 617 2963 727 3044; x_wconf 82' lang='lat' dir='ltr'>Deus</span> <span class='ocrx_word' id='word_1_207' title='bbox 745 3021 757 3065; x_wconf 95' lang='lat'>,</span> <span class='ocrx_word' id='word_1_208' title='bbox 772 2958 920 3074; x_wconf 91' lang='lat' dir='ltr'>inquit,</span> <span class='ocrx_word' id='word_1_209' title='bbox 932 2957 1075 3065; x_wconf 81' lang='lat' dir='ltr'>futuro</span> <span class='ocrx_word' id='word_1_210' title='bbox 1095 2959 1411 3070; x_wconf 77' lang='lat' dir='ltr'>praecognoscit,</span> <span class='ocrx_word' id='word_1_211' title='bbox 1438 2968 1611 3044; x_wconf 83' lang='lat' dir='ltr'>nimirum</span> <span class='ocrx_word' id='word_1_212' title='bbox 1630 2957 1785 3065; x_wconf 80' lang='lat' dir='ltr'>futuro</span> <span class='ocrx_word' id='word_1_213' title='bbox 1816 2986 1929 3044; x_wconf 71' lang='lat' dir='ltr'>neces</span> 
     </span>
     <span class='ocr_line' id='line_1_24' title="bbox 487 3074 1929 3188; baseline -0.002 -25"><span class='ocrx_word' id='word_1_214' title='bbox 487 3087 598 3163; x_wconf 83' lang='lat' dir='ltr'>sorio</span> <span class='ocrx_word' id='word_1_215' title='bbox 620 3086 794 3163; x_wconf 82' lang='lat' dir='ltr'>eveniunt</span> <span class='ocrx_word' id='word_1_216' title='bbox 810 3084 1008 3183; x_wconf 82' lang='lat' dir='ltr'>,loioqut‘n</span> <span class='ocrx_word' id='word_1_217' title='bbox 1023 3079 1132 3161; x_wconf 84' lang='lat' dir='ltr'>Deus</span> <span class='ocrx_word' id='word_1_218' title='bbox 1150 3103 1219 3161; x_wconf 85' lang='lat' dir='ltr'>suo</span> <span class='ocrx_word' id='word_1_219' title='bbox 1233 3085 1563 3187; x_wconf 80' lang='lat' dir='ltr'>praecognitione,</span> <span class='ocrx_word' id='word_1_220' title='bbox 1598 3074 1738 3188; x_wconf 83' lang='lat' dir='ltr'>(quod</span> <span class='ocrx_word' id='word_1_221' title='bbox 1750 3077 1862 3185; x_wconf 83' lang='lat' dir='ltr'>nefas</span> <span class='ocrx_word' id='word_1_222' title='bbox 1876 3091 1929 3160; x_wconf 78' lang='lat' dir='ltr'>est</span> 
     </span>
     <span class='ocr_line' id='line_1_25' title="bbox 492 3137 1928 3312; baseline -0.002 -31"><span class='ocrx_word' id='word_1_223' title='bbox 492 3196 619 3312; x_wconf 82' lang='lat' dir='ltr'>dictu)</span> <span class='ocrx_word' id='word_1_224' title='bbox 628 3137 851 3303; x_wconf 72' lang='lat' dir='ltr'>folleretai:</span> <span class='ocrx_word' id='word_1_225' title='bbox 869 3196 978 3279; x_wconf 86' lang='lat' dir='ltr'>Deus</span> <span class='ocrx_word' id='word_1_226' title='bbox 988 3211 1109 3281; x_wconf 85' lang='lat' dir='ltr'>autem</span> <span class='ocrx_word' id='word_1_227' title='bbox 1117 3205 1402 3306; x_wconf 82' lang='lat' dir='ltr'>praecognoscit</span> <span class='ocrx_word' id='word_1_228' title='bbox 1413 3193 1558 3303; x_wconf 79' lang='lat' dir='ltr'>futuro</span> <span class='ocrx_word' id='word_1_229' title='bbox 1572 3225 1582 3279; x_wconf 78' lang='grc' dir='ltr'>ι</span> <span class='ocrx_word' id='word_1_230' title='bbox 1598 3202 1728 3304; x_wconf 80' lang='lat' dir='ltr'>igitur</span> <span class='ocrx_word' id='word_1_231' title='bbox 1742 3223 1796 3282; x_wconf 79' lang='lat' dir='ltr'>ex</span> <span class='ocrx_word' id='word_1_232' title='bbox 1813 3223 1928 3282; x_wconf 81' lang='lat' dir='ltr'>oeces-</span> 
     </span>
     <span class='ocr_line' id='line_1_26' title="bbox 446 3324 1237 3404; baseline -0.008 -0.638"><span class='ocrx_word' id='word_1_233' title='bbox 446 3325 606 3404; x_wconf 79' lang='lat' dir='ltr'>ritate</span> <span class='ocrx_word' id='word_1_234' title='bbox 624 3341 687 3398; x_wconf 81' lang='lat' dir='ltr'>res</span> <span class='ocrx_word' id='word_1_235' title='bbox 704 3341 823 3400; x_wconf 86' lang='lat' dir='ltr'>omnes</span> <span class='ocrx_word' id='word_1_236' title='bbox 842 3324 1029 3400; x_wconf 83' lang='lat' dir='ltr'>eveniunt.</span> <span class='ocrx_word' id='word_1_237' title='bbox 1235 3371 1237 3375; x_wconf 16' lang='grc' dir='ltr'><em>Α</em></span> 
     </span>
     <span class='ocr_line' id='line_1_27' title="bbox 552 3430 1929 3552; baseline 0 -36"><span class='ocrx_word' id='word_1_238' title='bbox 552 3436 713 3519; x_wconf 84' lang='lat' dir='ltr'>XXVII.</span> <span class='ocrx_word' id='word_1_239' title='bbox 772 3434 1022 3548; x_wconf 90' lang='lat' dir='ltr'>Respondeo,</span> <span class='ocrx_word' id='word_1_240' title='bbox 1046 3430 1236 3542; x_wconf 77' lang='lat' dir='ltr'>Lubere,</span> <span class='ocrx_word' id='word_1_241' title='bbox 1255 3434 1434 3523; x_wconf 88' lang='lat' dir='ltr'>mendose</span> <span class='ocrx_word' id='word_1_242' title='bbox 1458 3434 1609 3552; x_wconf 86' lang='lat' dir='ltr'>colligis.</span> <span class='ocrx_word' id='word_1_243' title='bbox 1641 3435 1749 3519; x_wconf 91' lang='lat' dir='ltr'>Nam</span> <span class='ocrx_word' id='word_1_244' title='bbox 1765 3460 1809 3519; x_wconf 86' lang='grc' dir='ltr'>ιι</span> <span class='ocrx_word' id='word_1_245' title='bbox 1834 3439 1929 3520; x_wconf 87' lang='lat' dir='ltr'>Deus</span> 
     </span>
     <span class='ocr_line' id='line_1_28' title="bbox 485 3548 1929 3688; baseline -0.002 -50.983"><span class='ocrx_word' id='word_1_246' title='bbox 485 3548 619 3637; x_wconf 82' lang='grc' dir='ltr'>1ιιιιιιι</span> <span class='ocrx_word' id='word_1_247' title='bbox 658 3552 971 3686; x_wconf 86' lang='lat' dir='ltr'>praecognoscit,</span> <span class='ocrx_word' id='word_1_248' title='bbox 998 3577 1037 3637; x_wconf 90' lang='lat' dir='ltr'>et</span> <span class='ocrx_word' id='word_1_249' title='bbox 1068 3553 1276 3688; x_wconf 83' lang='lat' dir='ltr'>pleraque</span> <span class='ocrx_word' id='word_1_250' title='bbox 1275 3551 1401 3638; x_wconf 88' lang='lat' dir='ltr'>futura</span> <span class='ocrx_word' id='word_1_251' title='bbox 1440 3555 1706 3668; x_wconf 88' lang='lat' dir='ltr'>contingenter</span> <span class='ocrx_word' id='word_1_252' title='bbox 1740 3551 1929 3653; x_wconf 84' lang='lat' dir='ltr'>eveniunt,</span> 
     </span>
     <span class='ocr_line' id='line_1_29' title="bbox 494 3669 1930 3804; baseline 0 -49"><span class='ocrx_word' id='word_1_253' title='bbox 494 3697 564 3755; x_wconf 92' lang='lat' dir='ltr'>nec</span> <span class='ocrx_word' id='word_1_254' title='bbox 581 3669 748 3783; x_wconf 87' lang='lat' dir='ltr'>protinus</span> <span class='ocrx_word' id='word_1_255' title='bbox 763 3696 865 3754; x_wconf 90' lang='lat' dir='ltr'>error</span> <span class='ocrx_word' id='word_1_256' title='bbox 884 3669 1048 3804; x_wconf 81' lang='lat' dir='ltr'>sequitur</span> <span class='ocrx_word' id='word_1_257' title='bbox 1073 3671 1110 3755; x_wconf 92' lang='lat' dir='ltr'>in</span> <span class='ocrx_word' id='word_1_258' title='bbox 1138 3669 1355 3786; x_wconf 91' lang='lat' dir='ltr'>cognitione</span> <span class='ocrx_word' id='word_1_259' title='bbox 1374 3670 1459 3756; x_wconf 92' lang='lat' dir='ltr'>Dei.</span> <span class='ocrx_word' id='word_1_260' title='bbox 1489 3669 1548 3755; x_wconf 91' lang='lat' dir='ltr'>Ut</span> <span class='ocrx_word' id='word_1_261' title='bbox 1574 3694 1709 3754; x_wconf 88' lang='lat' dir='ltr'>autem</span> <span class='ocrx_word' id='word_1_262' title='bbox 1738 3669 1930 3784; x_wconf 81' lang='lat' dir='ltr'>intelligas,</span> 
     </span>
     <span class='ocr_line' id='line_1_30' title="bbox 488 3786 1930 3902; baseline 0 -31"><span class='ocrx_word' id='word_1_263' title='bbox 488 3816 612 3901; x_wconf 87' lang='lat' dir='ltr'>quam</span> <span class='ocrx_word' id='word_1_264' title='bbox 627 3810 725 3872; x_wconf 89' lang='lat' dir='ltr'>recte</span> <span class='ocrx_word' id='word_1_265' title='bbox 744 3786 962 3871; x_wconf 92' lang='lat' dir='ltr'>conclusio</span> <span class='ocrx_word' id='word_1_266' title='bbox 953 3812 1019 3872; x_wconf 85' lang='lat' dir='ltr'>rsta</span> <span class='ocrx_word' id='word_1_267' title='bbox 1037 3788 1264 3902; x_wconf 89' lang='lat' dir='ltr'>procedat,</span> <span class='ocrx_word' id='word_1_268' title='bbox 1255 3817 1329 3900; x_wconf 69' lang='lat' dir='ltr'>ram</span> <span class='ocrx_word' id='word_1_269' title='bbox 1358 3813 1486 3902; x_wconf 89' lang='lat' dir='ltr'>aperte</span> <span class='ocrx_word' id='word_1_270' title='bbox 1516 3787 1665 3874; x_wconf 85' lang='lat' dir='ltr'>docebo</span> <span class='ocrx_word' id='word_1_271' title='bbox 1683 3815 1833 3872; x_wconf 85' lang='lat' dir='ltr'>meram</span> <span class='ocrx_word' id='word_1_272' title='bbox 1862 3811 1930 3871; x_wconf 84' lang='lat' dir='ltr'>esse</span> 
     </span>
     <span class='ocr_line' id='line_1_31' title="bbox 495 3903 1930 4041; baseline -0.001 -51"><span class='ocrx_word' id='word_1_273' title='bbox 495 3904 728 4018; x_wconf 90' lang='lat' dir='ltr'>decipulam,</span> <span class='ocrx_word' id='word_1_274' title='bbox 754 3929 793 3990; x_wconf 92' lang='grc' dir='ltr'>ιι</span> <span class='ocrx_word' id='word_1_275' title='bbox 807 3905 1019 4020; x_wconf 88' lang='lat' dir='ltr'>captionem</span> <span class='ocrx_word' id='word_1_276' title='bbox 1033 3934 1079 3990; x_wconf 87' lang='lat' dir='ltr'>ex</span> <span class='ocrx_word' id='word_1_277' title='bbox 1094 3905 1226 3991; x_wconf 91' lang='lat' dir='ltr'>intimo</span> <span class='ocrx_word' id='word_1_278' title='bbox 1234 3906 1489 4020; x_wconf 87' lang='lat' dir='ltr'>sophistarum</span> <span class='ocrx_word' id='word_1_279' title='bbox 1507 3903 1664 3992; x_wconf 84' lang='lat' dir='ltr'>artificio</span> <span class='ocrx_word' id='word_1_280' title='bbox 1682 3904 1930 4041; x_wconf 72' lang='lat' dir='ltr'>depromam,</span> 
     </span>
     <span class='ocr_line' id='line_1_32' title="bbox 487 4019 1932 4139; baseline -0.001 -29"><span class='ocrx_word' id='word_1_281' title='bbox 487 4023 590 4110; x_wconf 84' lang='lat' dir='ltr'>dum</span> <span class='ocrx_word' id='word_1_282' title='bbox 607 4019 806 4108; x_wconf 85' lang='lat' dir='ltr'>manifesto</span> <span class='ocrx_word' id='word_1_283' title='bbox 832 4024 1057 4136; x_wconf 90' lang='lat' dir='ltr'>sophismate</span> <span class='ocrx_word' id='word_1_284' title='bbox 1075 4022 1176 4108; x_wconf 89' lang='lat' dir='ltr'>idem</span> <span class='ocrx_word' id='word_1_285' title='bbox 1200 4024 1337 4108; x_wconf 91' lang='lat' dir='ltr'>eodem</span> <span class='ocrx_word' id='word_1_286' title='bbox 1356 4025 1504 4127; x_wconf 92' lang='lat' dir='ltr'>modo,</span> <span class='ocrx_word' id='word_1_287' title='bbox 1532 4051 1576 4107; x_wconf 88' lang='lat' dir='ltr'>ac</span> <span class='ocrx_word' id='word_1_288' title='bbox 1591 4051 1656 4136; x_wconf 90' lang='lat' dir='ltr'>per</span> <span class='ocrx_word' id='word_1_289' title='bbox 1674 4023 1751 4107; x_wconf 92' lang='lat' dir='ltr'>Dei</span> <span class='ocrx_word' id='word_1_290' title='bbox 1782 4047 1932 4139; x_wconf 83' lang='lat' dir='ltr'>praeco·</span> 
     </span>
     <span class='ocr_line' id='line_1_33' title="bbox 320 4134 1935 4276; baseline -0.002 -51"><span class='ocrx_word' id='word_1_291' title='bbox 320 4167 417 4217; x_wconf 69' lang='lat' dir='ltr'>Eodem</span> <span class='ocrx_word' id='word_1_292' title='bbox 445 4178 493 4214; x_wconf 73' lang='lat' dir='ltr'>ar·</span> <span class='ocrx_word' id='word_1_293' title='bbox 487 4141 704 4276; x_wconf 82' lang='lat' dir='ltr'>gnicionem</span> <span class='ocrx_word' id='word_1_294' title='bbox 719 4139 919 4226; x_wconf 91' lang='lat' dir='ltr'>concludo.</span> <span class='ocrx_word' id='word_1_295' title='bbox 950 4146 1044 4225; x_wconf 92' lang='lat' dir='ltr'>Non</span> <span class='ocrx_word' id='word_1_296' title='bbox 1061 4142 1182 4226; x_wconf 84' lang='lat' dir='ltr'>mhrus</span> <span class='ocrx_word' id='word_1_297' title='bbox 1200 4141 1289 4225; x_wconf 93' lang='lat' dir='ltr'>mihi</span> <span class='ocrx_word' id='word_1_298' title='bbox 1306 4166 1449 4226; x_wconf 90' lang='lat' dir='ltr'>certum</span> <span class='ocrx_word' id='word_1_299' title='bbox 1469 4165 1524 4226; x_wconf 90' lang='lat' dir='ltr'>est</span> <span class='ocrx_word' id='word_1_300' title='bbox 1540 4165 1625 4256; x_wconf 92' lang='lat' dir='ltr'>post</span> <span class='ocrx_word' id='word_1_301' title='bbox 1648 4134 1832 4244; x_wconf 87' lang='lat' dir='ltr'>factum,</span> <span class='ocrx_word' id='word_1_302' title='bbox 1862 4167 1935 4224; x_wconf 90' lang='lat' dir='ltr'>rem</span> 
     </span>
     <span class='ocr_line' id='line_1_34' title="bbox 307 4238 1936 4374; baseline -0.004 -27"><span class='ocrx_word' id='word_1_303' title='bbox 307 4238 454 4347; x_wconf 65' lang='lat' dir='ltr'>iiiiiiii</span> <span class='ocrx_word' id='word_1_304' title='bbox 448 4239 483 4274; x_wconf 51' lang='grc' dir='ltr'>Μ’</span> <span class='ocrx_word' id='word_1_305' title='bbox 501 4256 609 4345; x_wconf 84' lang='lat' dir='ltr'>luisse</span> <span class='ocrx_word' id='word_1_306' title='bbox 625 4256 816 4363; x_wconf 86' lang='lat' dir='ltr'>futuram,</span> <span class='ocrx_word' id='word_1_307' title='bbox 842 4287 960 4373; x_wconf 90' lang='lat' dir='ltr'>quam</span> <span class='ocrx_word' id='word_1_308' title='bbox 982 4258 1047 4372; x_wconf 91' lang='lat' dir='ltr'>ipsr</span> <span class='ocrx_word' id='word_1_309' title='bbox 1037 4259 1151 4343; x_wconf 89' lang='lat' dir='ltr'>Deo</span> <span class='ocrx_word' id='word_1_310' title='bbox 1169 4283 1411 4374; x_wconf 86' lang='lat' dir='ltr'>,antequam</span> <span class='ocrx_word' id='word_1_311' title='bbox 1428 4257 1559 4344; x_wconf 86' lang='lat' dir='ltr'>lieret:</span> <span class='ocrx_word' id='word_1_312' title='bbox 1591 4257 1671 4343; x_wconf 89' lang='lat' dir='ltr'>talis</span> <span class='ocrx_word' id='word_1_313' title='bbox 1695 4284 1833 4344; x_wconf 90' lang='lat' dir='ltr'>autem</span> <span class='ocrx_word' id='word_1_314' title='bbox 1860 4284 1936 4341; x_wconf 87' lang='lat' dir='ltr'>mea</span> 
     </span>
     <span class='ocr_line' id='line_1_35' title="bbox 498 4319 1937 4510; baseline -0.002 -48"><span class='ocrx_word' id='word_1_315' title='bbox 498 4376 666 4491; x_wconf 90' lang='lat' dir='ltr'>cognitio</span> <span class='ocrx_word' id='word_1_316' title='bbox 683 4405 806 4491; x_wconf 88' lang='lat' dir='ltr'>neque</span> <span class='ocrx_word' id='word_1_317' title='bbox 824 4378 986 4489; x_wconf 90' lang='lat' dir='ltr'>probat,</span> <span class='ocrx_word' id='word_1_318' title='bbox 1015 4405 1138 4491; x_wconf 88' lang='lat' dir='ltr'>neque</span> <span class='ocrx_word' id='word_1_319' title='bbox 1153 4319 1294 4461; x_wconf 80' lang='lat' dir='ltr'>ihducit</span> <span class='ocrx_word' id='word_1_320' title='bbox 1322 4377 1597 4462; x_wconf 86' lang='lat' dir='ltr'>necessitatem:</span> <span class='ocrx_word' id='word_1_321' title='bbox 1631 4404 1734 4510; x_wconf 88' lang='lat' dir='ltr'>ergo</span> <span class='ocrx_word' id='word_1_322' title='bbox 1759 4405 1813 4461; x_wconf 93' lang='lat' dir='ltr'>ne</span> <span class='ocrx_word' id='word_1_323' title='bbox 1836 4402 1937 4491; x_wconf 89' lang='lat' dir='ltr'>prae-</span> 
     </span>
     <span class='ocr_line' id='line_1_36' title="bbox 489 4492 1935 4629; baseline -0.002 -50"><span class='ocrx_word' id='word_1_324' title='bbox 489 4494 668 4628; x_wconf 85' lang='lat' dir='ltr'>cognitio</span> <span class='ocrx_word' id='word_1_325' title='bbox 682 4495 835 4629; x_wconf 79' lang='lat' dir='ltr'>quidem</span> <span class='ocrx_word' id='word_1_326' title='bbox 852 4495 935 4579; x_wconf 91' lang='lat' dir='ltr'>Dei</span> <span class='ocrx_word' id='word_1_327' title='bbox 969 4499 1041 4578; x_wconf 88' lang='lat' dir='ltr'>Fac</span> <span class='ocrx_word' id='word_1_328' title='bbox 1056 4494 1156 4579; x_wconf 91' lang='lat' dir='ltr'>enim</span> <span class='ocrx_word' id='word_1_329' title='bbox 1172 4492 1311 4578; x_wconf 87' lang='lat' dir='ltr'>nullam</span> <span class='ocrx_word' id='word_1_330' title='bbox 1327 4523 1403 4579; x_wconf 88' lang='lat' dir='ltr'>csse</span> <span class='ocrx_word' id='word_1_331' title='bbox 1419 4495 1490 4579; x_wconf 89' lang='lat' dir='ltr'>Dei</span> <span class='ocrx_word' id='word_1_332' title='bbox 1506 4494 1883 4609; x_wconf 87' lang='lat' dir='ltr'>praecognitionem,</span> <span class='ocrx_word' id='word_1_333' title='bbox 1898 4515 1935 4576; x_wconf 90' lang='lat' dir='ltr'>ut</span> 
     </span>
     <span class='ocr_line' id='line_1_37' title="bbox 498 4609 1929 4728; baseline -0.006 -29.983"><span class='ocrx_word' id='word_1_334' title='bbox 498 4613 556 4699; x_wconf 91' lang='lat' dir='ltr'>vis</span> <span class='ocrx_word' id='word_1_335' title='bbox 573 4612 905 4728; x_wconf 89' lang='lat' dir='ltr'>argumentationis</span> <span class='ocrx_word' id='word_1_336' title='bbox 930 4611 1184 4728; x_wconf 90' lang='lat' dir='ltr'>intelligatur·</span> <span class='ocrx_word' id='word_1_337' title='bbox 1174 4664 1186 4698; x_wconf 64' lang='grc' dir='ltr'>ι</span> <span class='ocrx_word' id='word_1_338' title='bbox 1210 4641 1415 4696; x_wconf 82' lang='lat' dir='ltr'>nunctum</span> <span class='ocrx_word' id='word_1_339' title='bbox 1438 4638 1552 4713; x_wconf 89' lang='lat' dir='ltr'>certo</span> <span class='ocrx_word' id='word_1_340' title='bbox 1574 4611 1712 4696; x_wconf 92' lang='lat' dir='ltr'>scimus</span> <span class='ocrx_word' id='word_1_341' title='bbox 1738 4609 1929 4723; x_wconf 83' lang='lat' dir='ltr'>,exempli</span> 
     </span>
     <span class='ocr_line' id='line_1_38' title="bbox 498 4730 1927 4856; baseline -0.003 -40"><span class='ocrx_word' id='word_1_342' title='bbox 498 4758 622 4836; x_wconf 88' lang='lat' dir='ltr'>causa,</span> <span class='ocrx_word' id='word_1_343' title='bbox 640 4735 783 4847; x_wconf 90' lang='lat' dir='ltr'>Regem</span> <span class='ocrx_word' id='word_1_344' title='bbox 799 4730 1036 4815; x_wconf 88' lang='lat' dir='ltr'>Fernandum</span> <span class='ocrx_word' id='word_1_345' title='bbox 1052 4735 1261 4816; x_wconf 88' lang='lat' dir='ltr'>Granatam</span> <span class='ocrx_word' id='word_1_346' title='bbox 1276 4760 1299 4814; x_wconf 87' lang='lat' dir='ltr'>a</span> <span class='ocrx_word' id='word_1_347' title='bbox 1313 4730 1455 4815; x_wconf 86' lang='lat' dir='ltr'>Mauris</span> <span class='ocrx_word' id='word_1_348' title='bbox 1469 4730 1664 4846; x_wconf 88' lang='lat' dir='ltr'>recepisse,</span> <span class='ocrx_word' id='word_1_349' title='bbox 1681 4759 1839 4856; x_wconf 82' lang='lat' dir='ltr'>quaero</span> <span class='ocrx_word' id='word_1_350' title='bbox 1853 4760 1872 4812; x_wconf 88' lang='lat' dir='ltr'>a</span> <span class='ocrx_word' id='word_1_351' title='bbox 1884 4753 1927 4824; x_wconf 84' lang='lat' dir='ltr'>te,</span> 
     </span>
    </p>
   </div>
   <div class='ocr_carea' id='block_1_4' title="bbox 485 4847 1934 5052">
    <p class='ocr_par' dir='ltr' id='par_1_5' title="bbox 485 4847 1934 5052">
     <span class='ocr_line' id='line_1_39' title="bbox 499 4847 1934 5051; baseline -0.006 -115"><span class='ocrx_word' id='word_1_352' title='bbox 499 4874 627 4939; x_wconf 90' lang='lat' dir='ltr'>utrum</span> <span class='ocrx_word' id='word_1_353' title='bbox 658 4874 862 4966; x_wconf 88' lang='lat' dir='ltr'>antequam</span> <span class='ocrx_word' id='word_1_354' title='bbox 890 4847 1104 4964; x_wconf 87' lang='lat' dir='ltr'>reciperet,</span> <span class='ocrx_word' id='word_1_355' title='bbox 1139 4849 1233 4936; x_wconf 86' lang='lat' dir='ltr'>haec</span> <span class='ocrx_word' id='word_1_356' title='bbox 1261 4848 1482 4937; x_wconf 85' lang='lat' dir='ltr'>enuntiatio:</span> <span class='ocrx_word' id='word_1_357' title='bbox 1515 4855 1691 4959; x_wconf 81' lang='lat' dir='ltr'>Recipiet</span> <span class='ocrx_word' id='word_1_358' title='bbox 1717 4850 1934 5051; x_wconf 62' lang='grc' dir='ltr'>Ρειιιαὲἀιι</span> 
     </span>
     <span class='ocr_line' id='line_1_40' title="bbox 485 4988 1934 5052; baseline -0.007 6"><span class='ocrx_word' id='word_1_359' title='bbox 485 5004 487 5007; x_wconf 65' lang='grc'><strong>’</strong></span> <span class='ocrx_word' id='word_1_360' title='bbox 1877 4988 1934 5052; x_wconf 87' lang='grc' dir='ltr'>ιιι</span> 
     </span>
    </p>
   </div>
   <div class='ocr_carea' id='block_1_5' title="bbox 0 0 2018 5864">
    <p class='ocr_par' dir='ltr' id='par_1_6' title="bbox 0 0 2018 5864">
     <span class='ocr_line' id='line_1_41' title="bbox 0 0 2018 5864; baseline 0 0"><span class='ocrx_word' id='word_1_361' title='bbox 0 0 2018 5864; x_wconf 95' lang='lat' dir='ltr'> </span> 
     </span>
    </p>
   </div>
  </div>
 </body>
</html>
