4050 5858
507 381 576 451 282
993 379 1424 454 DEMOCRATES

489 530 578 594 sunt
609 528 647 592 et
675 503 837 608 uberes,
853 500 925 591 coli
951 525 1080 592 tamen
1108 505 1247 593 debent
1271 531 1310 592 et
1336 505 1523 613 exerceri,
1548 528 1587 591 er
1611 502 1661 590 sic
1688 497 1814 620 fruges
1839 499 1944 622 large

489 625 610 712 ferent
642 650 757 741 atque
778 565 919 710 frictus
943 625 1292 713 commodissimos:
1312 626 1415 712 aliter
1441 626 1542 711 enim
1562 620 1784 720 fructificare
1814 622 1941 760 solent

487 745 692 850 inutiliter,
707 773 751 828 ac
778 743 898 858 spinas
926 767 966 828 et
991 746 1124 831 herbas
1153 745 1389 863 quandoque
1412 741 1619 831 mortiferas
1642 771 1866 858 procreare:
1884 744 1940 831 sin

487 864 624 950 steriles
654 888 693 948 et
722 863 912 969 sabulosi,
940 890 1030 947 cura
1064 865 1207 980 ingenti
1237 895 1333 979 opus
1367 891 1422 951 est
1454 862 1676 977 assiduoque
1706 861 1868 968 labore,
1895 889 1941 950 ιιι

354 1042 355 1045 ·
487 982 628 1097 aliquid
650 982 737 1071 inde
769 982 992 1118 proveniat,
1017 983 1126 1119 quod
1150 981 1235 1069 satis
1268 984 1313 1070 sit
1345 985 1394 1070 acl
1420 1013 1531 1069 usum
1554 982 1721 1096 aliquem
1748 981 1938 1070 humanae

489 1100 589 1188 vitae
615 1101 878 1186 necessarium.
908 1104 1056 1186 Tunc
1048 1103 1159 1220 rgirur
1194 1102 1359 1217 optimus
1383 1126 1421 1187 et
1446 1099 1671 1186 firmissimus
1701 1099 1851 1186 virtutis
1874 1101 1940 1185 ha·

488 1218 587 1305 bitus
613 1245 880 1341 generatur,
868 1248 955 1304 cum
980 1221 1075 1306 ratio
1094 1245 1133 1307 et
1153 1220 1319 1308 studium
1340 1249 1429 1305 cum
1451 1245 1585 1306 natura
1601 1218 1805 1335 congruit:
1826 1245 1865 1305 et
1887 1217 1938 1306 of

490 1335 618 1423 ficium
645 1341 769 1423 abeo
790 1367 971 1442 manans,
992 1341 1237 1426 constantius
1251 1342 1373 1428 editur
1402 1364 1442 1424 et
1469 1335 1693 1473 perfectius,
1711 1365 1793 1423 non
1817 1338 1939 1425 solum

490 1458 546 1542 ob
572 1457 789 1570 adjumenta
822 1481 976 1543 naturae
994 1521 1006 1564 ,
1023 1488 1122 1575 quae
1150 1457 1201 1544 ad
1208 1460 1373 1592 aliquas
1397 1459 1554 1546 virtutes
1580 1455 1629 1542 sic
1659 1457 1754 1543 natis
1783 1457 1942 1542 homini·

490 1575 561 1660 bus
586 1576 806 1694 plerumque
832 1601 1065 1712 suppetunt,
1083 1577 1149 1664 sed
1169 1575 1281 1663 etiam
1306 1601 1459 1692 propter
1489 1575 1670 1687 majorem
1687 1575 1942 1710 voluptatem,

489 1721 608 1808 quam
638 1695 803 1813 suggerit
837 1695 989 1782 rationis
1014 1726 1102 1781 cum
1129 1720 1264 1782 natura
1295 1724 1523 1782 consensus:
1539 1695 1715 1810 voluptas
1745 1694 1842 1780 enim
1860 1756 1873 1799 ,
1890 1720 1940 1780 ut

364 1812 719 1952 mphilosophis
748 1813 898 1929 p,lacet
914 1816 1100 1901 actionem
1129 1814 1252 1900 reddit
1280 1811 1557 1950 perfectiorem.
1581 1820 1717 1928 ltaque
1741 1813 1858 1898 similis
1880 1838 1941 1899 est

491 1932 587 2017 ratio
616 1932 761 2021 virtutis
792 1933 1035 2038 naturalis,
1009 1964 1037 2018 ιι
1063 1963 1151 2022 cum
1180 1961 1270 2020 vera
1298 1935 1336 2018 in
1363 1934 1502 2018 eodem
1530 1958 1666 2067 genere
1693 1928 1943 2034 conferatur,

492 2075 608 2165 atque
638 2050 806 2137 solertiae
822 2051 835 2164 ι
849 2081 935 2135 nam
965 2051 1015 2136 sic
1034 2052 1257 2168 interpretor
1278 2079 1396 2168 quam
1423 2050 1560 2136 Graeci
1583 2054 1759 2144 lerrlmloe
1777 2050 1944 2184 vocant)

492 2196 581 2252 curn
609 2170 807 2283 prudentia
832 2169 1013 2256 collatae.
1045 2177 1114 2256 Est
1138 2171 1239 2256 enim
1264 2171 1464 2256 solertia
1428 2201 1484 2258 ιιι
1507 2169 1693 2284 quaedam
1716 2169 1850 2253 mentis
1880 2199 1946 2251 va·

494 2284 572 2370 lens
601 2314 685 2372 tum
715 2285 763 2372 ad
788 2288 1045 2423 indagandum
1063 2351 1075 2394 ,
1091 2314 1174 2374 tum
1197 2289 1247 2374 ad
1267 2289 1498 2424 Uagendum
1501 2317 1547 2373 ea
1564 2314 1690 2402 ,quae
1721 2285 1867 2371 ducunt
1887 2287 1946 2374 ad

494 2401 609 2491 linem
629 2404 968 2522 ,qualiscumque
960 2439 988 2492 rs
1002 2403 1112 2492 fucrit
1127 2408 1363 2521 propositus:
1381 2407 1448 2522 qui
1474 2436 1502 2491 st
1490 2404 1753 2491 honestus
1730 2429 1805 2510 ιιι,
1823 2433 1869 2490 ea
1888 2404 1945 2491 vis

303 2522 386 2642 3¹²¹·
381 2523 483 2630 gem„
495 2521 686 2609 laudabilis
701 2523 888 2609 habetur:
905 2524 960 2610 sin
974 2526 1090 2638 turpis
1106 2586 1119 2628 ,
1134 2525 1310 2611 calliditas
1326 2551 1364 2611 et
1376 2524 1544 2612 versutia
1561 2547 1823 2636 nuncupatur.
1850 2527 1944 2608 Pru·

304 2598 621 2749 ¹1⁵⁰⁵⁰¹¹r¹rt¹dentia
654 2670 747 2732 vero
773 2642 919 2729 habitus
939 2671 1015 2727 esse
1044 2640 1219 2727 delinitur
1247 2671 1336 2728 cum
1359 2643 1502 2728 ratione
1531 2671 1643 2728 verus
1664 2668 1799 2727 eorum
1814 2669 1944 2756 ,quae

305 2703 483 2814 Μιιιιωθῐ·
456 2759 642 2843 ‘homini
660 2760 765 2844 bona
782 2786 888 2866 sunt,
905 2756 1086 2845 efficiens.
1111 2760 1216 2853 Quia
1238 2786 1368 2858 tamen
1388 2761 1466 2847 sinc
1486 2759 1631 2846 solertia
1645 2703 1845 2874 prudentia
1861 2788 1945 2843 non

303 2828 376 2879 mm
495 2876 688 2981 consistit,
706 2873 889 2983 efficitur,
909 2903 954 2964 ut
977 2878 1178 2992 prudentes
1193 2904 1275 2964 tum
1292 2878 1442 2965 solertes
1459 2938 1473 2980 ,
1488 2877 1575 2963 alias
1598 2901 1769 2964 versutos
1785 2905 1847 2962 seu
1864 2876 1945 2960 cal-

491 2994 591 3081 lidos
607 2938 836 3110 apellemus,
850 3021 888 3082 ct
912 3018 1073 3082 contra.
1093 3002 1225 3112 ltaque
1251 2996 1364 3083 solers
1380 2998 1531 3101 homo,
1548 3021 1587 3081 et
1611 2993 1736 3080 bonus
1761 3023 1838 3080 esse
1858 3018 1947 3108 pot·

495 3139 582 3218 est,
602 3138 641 3200 et
662 3113 805 3200 malus:
832 3115 996 3230 prudens
1018 3139 1062 3201 ut
1085 3114 1285 3230 quisquam
1312 3115 1381 3220 sit,
1397 3114 1464 3230 qui
1490 3113 1639 3201 nonsit
1662 3113 1834 3199 idem
1797 3143 1854 3197 νιι
1878 3114 1946 3198 bo

496 3258 593 3338 nus,
610 3263 690 3318 non
708 3231 814 3319 licet
805 3235 1046 3349 e,odemque
1068 3234 1241 3319 modo
1206 3257 1343 3322 vrrture
1368 3231 1527 3319 naturali
1550 3258 1589 3318 et
1608 3234 1706 3318 bene
1730 3261 1942 3365 possumus,

496 3371 536 3436 et
558 3293 654 3435 niale
680 3351 759 3457 uti,
777 3377 816 3438 et
839 3354 948 3438 rebus
970 3351 1161 3438 contrariis
1180 3353 1496 3437 accommodare:
1519 3378 1610 3438 vera
1626 3349 1764 3436 virtute
1790 3377 1834 3435 ut
1849 3350 1948 3463 quis·

305 3482 384 3591 2:3¹
357 3484 442 3592 M
427 3498 483 3546 aun
477 3497 613 3583 quam
630 3413 829 3574 abutaiur,
843 3469 921 3556 lieri
947 3501 1027 3556 non
1051 3495 1176 3585 potest
1192 3531 1204 3574 ,
1220 3471 1546 3605 quemadmodum
1565 3467 1798 3603 Augustinus
1813 3493 1852 3553 et
1868 3467 1948 3552 Ari·

496 3586 646 3674 stotcles
672 3612 884 3692 testantur,
901 3589 968 3704 qui
989 3589 1069 3723 ipso
1094 3588 1274 3674 abusu
1238 3620 1317 3675 vrm
1345 3589 1480 3673 amittit
1504 3615 1721 3701 nomenque
1742 3585 1916 3673 virtutis.

572 3708 740 3792 XXXV.
814 3712 910 3790 Non
935 3731 990 3792 est
1016 3706 1127 3823 igitur
1156 3707 1453 3812 mirandum,
1428 3737 1455 3790 ιι
1486 3705 1701 3822 philosophi
1733 3729 1853 3820 atque
1885 3701 1948 3790 viri

498 3823 678 3936 sapientes
707 3851 816 3911 notas
836 3826 1020 3940 quasdam
1048 3849 1204 3910 naturae
1225 3849 1524 3960 persequantur,
1546 3853 1647 3939 quae
1670 3823 1828 3911 uirtutes
1851 3822 1949 3909 indi-

498 3966 586 4026 cent
608 3943 776 4028 innatas:
798 3943 890 4028 tales
907 3944 1007 4028 enim
1028 3943 1282 4030 commode
1257 3945 1367 4060 srgnis
1392 3942 1620 4029 naturalibus
1641 3940 1852 4029 indicantur
1866 3968 1952 4053 pro·

498 4084 580 4173 pter
604 4091 779 4176 magnam
798 4125 810 4167 ,
827 4091 944 4177 quam
977 4088 1113 4176 corpus
1137 4062 1251 4147 habet
1286 4091 1375 4146 cum
1404 4062 1532 4147 animo
1549 4119 1564 4166 ,
1581 4061 1820 4148 societatem.
1845 4063 1952 4143 Nam

410 4203 644 4288 Mupraerer
670 4179 989 4286 intellectionem,
1006 4180 1185 4266 nullam
1177 4210 1215 4266 ιιι
1237 4181 1346 4266 nobis
1374 4179 1560 4267 actionem
1588 4182 1650 4266 edi
1672 4205 1785 4294 putat
1810 4178 1950 4264 Aristo·

309 4368 341 4416 r
343 4368 413 4415 w
498 4295 587 4378 teles
603 4326 731 4411 ,quae
764 4328 845 4384 non
876 4299 921 4385 sit
947 4300 1098 4434 corpori
1124 4327 1213 4384 cum
1244 4300 1373 4384 animo
1401 4300 1630 4385 communis.
1672 4304 1808 4413 Itaque
1835 4297 1946 4384 νιιιιι·

309 4462 384 4508 ,Μ
339 4477 421 4522 Μ
400 4381 553 4509 ,Μιιι
580 4357 736 4500 niorales
756 4445 883 4530 ,quae
916 4418 1064 4533 proprie
1084 4418 1289 4522 dicuntur,
1314 4418 1498 4553 quoniam
1525 4446 1613 4503 cum
1638 4412 1837 4502 affectibus
1863 4443 1947 4501 con·

497 4560 615 4616 nexae
644 4557 760 4638 sunt,
778 4562 857 4619 non
890 4537 1051 4622 hominis
1078 4537 1203 4672 parti,
1222 4479 1289 4621 sed
1313 4537 1384 4624 toti
1413 4535 1626 4649 composito
1654 4535 1874 4622 tribuendas
1898 4561 1946 4619 cs·

495 4679 534 4734 se
559 4653 673 4738 docet
689 4678 837 4768 ‚atque
867 4684 1025 4758 omnes,
1041 4657 1154 4742 etiam
1178 4652 1351 4765 justitiam
1373 4656 1442 4761 ,in
1467 4684 1512 4739 ea
1538 4679 1644 4768 parte
1664 4655 1814 4739 animae
1837 4679 1948 4769 gene·

493 4769 564 4853 rari
590 4794 629 4855 et
665 4771 811 4878 inesse,
828 4802 930 4887 quae
957 4774 1108 4859 rationis
1140 4802 1195 4860 est
1219 4802 1373 4887 expers,
1403 4799 1493 4889 apta
1522 4800 1651 4859 tamen
1685 4801 1818 4888 parere
1844 4770 1949 4857 ratio·

489 4887 810 5008 ni,quamquam
834 4893 911 4978 sine
937 4891 1008 4978 hac
1033 4917 1071 4980 et
1096 4893 1284 4981 intellectu
1300 4955 1312 5001 ,
1327 4923 1392 5010 qur
1381 4891 1620 5011 prudentia
1643 4890 1865 5009 perficitur,
1881 4914 1951 4974 nec

1893 5036 1955 5127 ge·
