4192 5880
479 349 1061 430 auontuonuorn
1096 353 1205 447 mu.
1237 355 1268 427 1.
1546 371 1591 448 23

162 480 347 601 pedania,
365 474 502 568 deinde
527 511 550 566 a
578 479 798 568 Florentinis
813 541 825 586 ,
843 478 882 563 in
903 479 1056 567 Pisanos
1073 479 1260 567 'terminos
1281 489 1556 598 pervenetunt.
1805 527 1809 531 ’

153 604 173 663 3
219 603 404 688 XXXVI.
464 601 585 687 Paulo
618 625 707 716 post
739 600 1019 686 Germanorum
1053 601 1250 687 discessum
1276 598 1464 736 Aegidius·
1486 603 1618 734 Eugu-
1634 622 1815 741 &dimidii
1860 690 1864 698 ,

162 720 293 828 bium,
308 721 369 806 cui
385 721 554 834 Joannes
574 718 780 805 Cancutius
804 718 1039 832 imperitabat
1053 781 1067 826 ,
1081 721 1226 838 legatos
1242 719 1381 825 mitnt,
1400 748 1468 836 qut
1496 747 1616 829 omntss
1635 746 1787 806 aunuum.

162 840 233 926 bus
258 841 381 928 modis
406 841 620 959 oppidanos
635 852 649 944 ,
664 864 708 925 ut
738 837 928 924 Pontificis
954 837 1071 924 fidem
1099 863 1304 956 sequantur
1321 839 1619 944 ,·c0hortentur.

161 960 317 1070 Quibus
330 990 550 1076 responsum
562 985 624 1046 est*
640 959 690 1044 ab
707 957 1032 1076 Eugubiensibus,
1055 964 1181 1066 „Sese
1205 983 1356 1074 paratos
1370 986 1446 1045 esse
1464 958 1620 1072 impera·

162 1105 245 1186 „ta
267 1079 414 1186 facere,
443 1104 482 1166 et
507 1081 625 1196 prima
652 1107 805 1196 quaque
830 1079 1028 1164 occasione
1056 1080 1242 1195 oppidum
1273 1076 1435 1193 Aegidio
1463 1076 1619 1162 traditu·

161 1259 189 1304 „
204 1229 287 1284 ros.
301 1207 328 1248 “
362 1205 416 1285 At
431 1227 519 1283 cum
537 1195 729 1309 interjecto
745 1223 936 1312 tempore,
955 1197 1054 1283 diem
1071 1199 1120 1283 de
1138 1199 1197 1285 die
1214 1193 1445 1312 proferentes
1461 1257 1473 1302 ,
1490 1225 1513 1278 a
1529 1224 1619 1310 pto-

161 1317 276 1404 missis
304 1316 491 1404 discedere
507 1317 722 1405 viderentur
736 1380 748 1425 ,
763 1318 898 1404 iterum
915 1317 1095 1433 Aegidius
1115 1317 1368 1434 legationem,
1390 1316 1618 1429 subsequen-

161 1435 261 1521 tibus
288 1437 400 1550 copiis
417 1499 429 1542 ,
446 1436 578 1533 mittit.
611 1442 725 1523 Tunc
750 1465 842 1525 veto
859 1439 1144 1554 Engubienses,
1163 1432 1264 1521 nulla
1278 1432 1376 1519 facta
1388 1463 1529 1539 mora,
1551 1441 1616 1548 pa
1637 1460 1810 1573 cipriane.

161 1551 305 1661 tel'actis
331 1557 446 1669 portis
459 1618 472 1662 ,
487 1555 675 1673 oppidum
688 1585 888 1673 arcemque
903 1555 1031 1673 legato
1046 1556 1219 1641 tradunt.¹
1245 1557 1442 1638 Omanum
1456 1581 1616 1668 quoque
1633 1536 1660 1572 ⁵²
1691 1525 1779 1575 Μ

162 1670 310 1759 ditionis
332 1673 592 1760 ecclesiasticae
624 1678 835 1790 Stephanus
859 1699 1086 1790 occuparat:
1105 1674 1161 1780 is,
1178 1699 1221 1761 ur
1243 1671 1326 1788 justi
1356 1672 1496 1788 imperii
1522 1671 1615 1759 'tituv

161 1790 240 1876 lum
269 1793 459 1906 tyrannidi
491 1794 786 1908 praetenderet,
817 1824 904 1878 cum
933 1792 1081 1911 Aegidii
1104 1811 1343 1909 quaestorem
1368 1820 1614 1877 nummorum

161 1908 288 2025 inopia
309 1913 431 2026 'premi
452 1912 684 1999 intellexisset
698 1943 816 2019 ,cum
833 1942 882 1999 eo
912 1912 1010 1998 mille
1027 1943 1227 1999 nummum
1253 1938 1455 1997 aureorum
1484 1939 1615 2025 pactus

163 2034 217 2114 est
233 2091 246 2135 ,
264 2054 308 2114 ut
337 2030 467 2146 oppidi
498 2031 703 2118 redditibus
734 2033 774 2118 in
795 2032 927 2119 *mutui
952 2032 1298 2149 compensationem
1330 2028 1397 2115 sibi
1424 2025 1497 2113 frui
1523 2029 1613 2116 lice·

163 2175 221 2233 tet
235 2149 484 2265 quadriennio
498 2182 511 2247 ⁸:
525 2150 738 2238 xexistimans
764 2151 896 2239 scilicet
909 2151 949 2240 id
964 2177 1200 2240 conventum
1216 2148 1378 2268 Aegidio
1404 2175 1527 2235 tatum
1554 2146 1612 2235 fo·

161 2294 200 2351 re
220 2300 228 2353 :
251 2269 318 2384 qui
330 2293 457 2354 tamen
473 2298 561 2356 cum
582 2297 736 2387 pactum
751 2271 921 2376 rescivit,
938 2270 1148 2388 improbata
1165 2302 1205 2359 re
1221 2334 1234 2379 ,
1251 2268 1473 2384 Stephano,
1492 2294 1537 2354 ut
1556 2269 1611 2353 in·

163 2409 220 2470 tra
247 2417 309 2472 sex
326 2389 403 2474 dies
418 2389 563 2505 oppido
588 2390 739 2488 cederet
757 2390 1049 2499 ,denuntiantm
1074 2391 1206 2511 mittit.
1237 2388 1300 2474 Ille
1331 2389 1433 2475 dicto
1459 2387 1614 2479 audiens

160 2531 249 2588 cum
263 2506 488 2621 imperatum
515 2505 660 2595 fecisset
677 2573 688 2615 ,
705 2538 884 2596 nummos
905 2511 1030 2625 coepit
1046 2512 1224 2596 instanter
1240 2530 1475 2623 aquaestore
1507 2535 1612 2622 repe·

159 2625 262 2707 tere.
297 2627 410 2711 Tunc
442 2630 538 2714 veto
562 2628 753 2746 Aegidiuss
768 2628 964 2715 dimidium
988 2630 1025 2715 :ei
1059 2625 1380 2716 redderecensuit
1397 2658 1406 2712 :
1424 2624 1615 2740 reliquos,

162 2741 252 2856 quia
280 2745 364 2831 satis
380 2746 579 2832 constabat
599 2776 645 2834 ex
660 2747 902 2868 vectigalibus
915 2747 1216 2866 pontificiisplus
1231 2746 1344 2834 etiam
1359 2747 1411 2831 ab
1432 2774 1481 2832 eo
1505 2741 1615 2835 fitisse
1709 2764 1714 2776 “

161 2889 408 2979 perceptum,
425 2894 506 2951 non
520 2865 631 2952 item.
694 2866 697 2871 ’
785 2904 787 2908 ’
1203 2868 1204 2874 ‘
1306 2877 1308 2879 ’
1583 2936 1608 2953 ..

213 2981 416 3068 XXXVII.
466 2983 537 3069 His
560 2985 691 3102 gestis,
709 2989 750 3072 in
771 2990 953 3074 Monrem
969 2987 1192 3076 faliscorum
1207 3016 1334 3076 versus
1351 2983 1400 3068 ab
1418 2983 1532 3080 Urbe
1542 3015 1591 3073 vc

158 3097 228 3218 teri
243 3101 461 3213 promovit,
478 3103 605 3193 relicto
631 3105 677 3188 illi
693 3107 857 3194 custodis
883 3105 996 3212 loco,
1021 3134 1171 3194 etcum
1198 3131 1382 3222 potestate
1416 3104 1615 3219 oppidanis

160 3215 285 3302 etiam¹
306 3219 391 3339 jutis
404 3249 407 3256 ·
422 3221 569 3307 dicendi
584 3216 816 3311 Alburnutio
832 3226 1045 3312 ‘Ricltasulo
1062 3288 1075 3331 ,
1092 3227 1152 3312 cui
1182 3226 1364 3326 ducentos
1396 3225 1539 3338 equites
1572 3249 1612 3329 et

160 3334 457 3457 quadringentos
473 3340 619 3454 pedites,
636 3344 803 3429 attribuit
816 3407 837 3427 ,ᾗ
857 3349 1007 3430 Harum
1020 3370 1145 3429 rerum
1168 3340 1267 3430 fama
1291 3346 1469 3458 divagata
1481 3406 1492 3449 ,
1504 3373 1611 3446 sonu

158 3455 462 3566 plutescivitates
479 3521 490 3562 ,
508 3454 616 3575 quae,
634 3463 820 3577 principio
830 3465 968 3585 Joanni
986 3465 1085 3549 Vico
1101 3454 1416 3576 conjuraverant,
1435 3462 1485 3548 de
1508 3462 1611 3565 dedi

159 3572 263 3659 tione
276 3578 337 3663 ad
355 3578 557 3694 Aegidium
573 3579 716 3696 legatos
734 3575 908 3668 mittunt.
939 3584 1116 3679 Quarum
1133 3581 1343 3669 defectione
1360 3586 1526 3694 Joannes
1540 3580 1610 3683 Vi·

158 3716 223 3776 cus
250 3694 492 3781 vehementer
504 3693 641 3814 fractus
666 3699 818 3805 animo,
838 3731 927 3786 cum
953 3728 1023 3787 nec
1038 3704 1087 3788 ab
1103 3701 1159 3787 his
1174 3763 1186 3806 ,
1204 3730 1311 3788 neca
1326 3707 1610 3800 Germanorum

156 3810 335 3898 societate
368 3842 449 3930 spes
466 3839 561 3904 esset
576 3811 665 3922 ,stot
688 3819 873 3906 continuis
905 3822 1062 3936 acceptis
1082 3820 1330 3906 incommodis
1344 3882 1358 3926 ,
1372 3820 1487 3903 rebus
1506 3818 1610 3918 deni,-

156 3953 235 4047 que
257 3931 456 4046 desperatis
469 3934 723 4054 ,legationem
753 3940 886 4054 etipse
921 3939 970 4027 de
996 3968 1033 4024 se
1058 3940 1261 4044 dedendo,
1279 3965 1318 4023 et
1345 3933 1609 4054 quaecumque
1622 3994 1731 4057 Μ,
1758 3996 1805 4046 Ἦ,

155 4074 401 4162 occupasset,
419 4055 690 4171 ad‘Aegidium
713 4057 826 4143 mittit
850 4089 859 4142 :
886 4082 925 4142 et
935 4058 979 4140 in·
989 4055 1076 4143 fidei
1091 4058 1345 4145 testimonium
1364 4056 1522 4142 alterum
1541 4058 1607 4146 da·
1621 4069 1680 4168 32¹5,
1693 4058 1804 4179 ἳξξξζξζ

154 4166 337 4253 refilium
364 4171 499 4258 obsidis
532 4173 619 4259 loco
677 4175 867 4262 ollicetur.
898 4181 1028 4263 Preces
1058 4178 1165 4263 addit
1187 4177 1303 4293 magis
1327 4206 1444 4292 quam
1476 4200 1605 4290 pacta:

152 4285 397 4387 „Quoniam
415 4288 466 4373 ita
481 4289 620 4378 mlisset
636 4207 815 4400 lintona,
832 4320 875 4380 ut
892 4295 1049 4410 imperio
1064 4321 1104 4409 et
1118 4294 1252 4410 opibus
1273 4295 1434 4401 amissis,
1451 4297 1501 4382 ad
1514 4324 1609 4411 quas

106 4478 110 4483 .
153 4457 183 4506 „
198 4429 258 4534 res
280 4432 357 4489 uon
375 4407 475 4493 dolo·
492 4409 689 4524 irrepsisset-
704 4476 715 4520 ,
729 4438 797 4499 aut
813 4415 1038 4530 prorupisset
1051 4415 1089 4502 vi
1104 4476 1116 4520 ,
1134 4415 1288 4502 sedant
1305 4410 1458 4530 jubente
1474 4415 1609 4509 Ludos

151 4526 462 4636 ⁴„'v1coBavaro·
485 4530 590 4644 quasi
620 4554 690 4617 suo
723 4533 801 4643 jure
830 4550 986 4650 posset,
1005 4558 1085 4651 aut¹
1105 4524 1269 4651 ipsorum
1289 4534 1521 4650 >populorum
1539 4564 1609 4627 vd

152 4691 182 4744 „
196 4637 341 4726 luntate
358 4703 371 4748 ,
390 4670 429 4728 et
456 4649 701 4760 superioribus
714 4651 955 4770 Pontificibus
974 4654 1250 4770 quadamtenus
1269 4652 1607 4762 consentientibus,

153 4783 349 4861 „evectus
375 4787 496 4868 esset,
528 4765 566 4848 in
590 4799 775 4855 summam
804 4773 975 4858 omnium
1004 4802 1128 4860 rerum
1160 4773 1325 4889 inopiam
1352 4762 1603 4893 redigeretur,

151 4879 245 4982 „ab
264 4908 313 4966 eo
342 4907 493 4997 petere,
515 4882 581 4986 nisi
600 4882 696 4974 fmte
713 4891 902 5004 Joannem
917 4891 1054 4980 Vicum
1071 4886 1170 5007 ‘post
1186 4890 1430 4981 omniavitan·
1446 4916 1605 5010 quoque

184 5058 190 5061 “
259 5046 265 5060 ’
575 5031 593 5040 “
1501 5037 1602 5117 „au-
