4140 5872
424 408 497 502 ιιι
657 401 872 501 toruis.
906 399 1158 477 ιιιιιιιι
1191 397 1599 475 strurvtnnn

402 532 487 642 bo,
505 531 643 646 judicio
667 529 800 617 scilcet
824 553 947 617 tectae
978 528 1158 616 rationis.
1188 528 1225 616 si
1252 529 1346 614 haec
1370 529 1382 612 i
1408 528 1483 614 'tur
1497 526 1665 612 humana
1691 525 1859 618 servitus

402 651 452 738 illi
482 649 620 737 letinae
635 648 792 736 libertati
816 648 952 760 iudicio
978 674 1101 735 rectae
1116 647 1269 735 rationis
1284 672 1351 733 ant
1387 671 1519 752 ertur,
1535 647 1710 733 eamdem
1742 651 1862 738 servi·
1996 692 1997 695 ι

404 794 526 859 tutem
547 768 693 860 barbari
707 767 816 853 malle
831 766 1006 854 censendi
1029 792 1129 854 sunt
1157 768 1231 856 Sed
1254 767 1347 853 haec
1366 765 1527 856 viderint
1542 763 1733 952 doctiores
1749 797 1861 886 ,ego

403 889 495 976 nibil
524 913 649 976 statuo
674 917 746 1001 pro
767 912 873 973 certo
906 911 946 973 et
980 884 1162 973 definito.

461 1008 568 1121 XVI.
626 1006 845 1092 Ceterum
836 1033 876 1090 m
904 1004 1007 1091 bellis
1035 1000 1277 1122 quamlibet
1269 1003 1400 1117 iustis,
1424 1030 1505 1090 non
1536 1026 1666 1090 tamen
1697 1000 1749 1092 ita
1784 1036 1859 1093 ne·

403 1124 591 1233 corariis,
620 1122 661 1209 id
674 1147 730 1209 est
744 1151 872 1239 ,quae
896 1153 977 1210 non
1005 1125 1115 1211 ad
1080 1154 1159 1212 vim
1187 1150 1226 1210 et
1250 1146 1484 1238 praesentem
1509 1120 1682 1233 iniuriam
1689 1126 1860 1262 propul

405 1244 563 1331 eandam
577 1185 802 1329 referuniur
818 1241 1088 1358 ,stucipiendis
1112 1243 1233 1357 prima
1258 1240 1389 1327 cautio
1415 1239 1587 1357 sapientis
1622 1241 1743 1359 regis,
1775 1244 1859 1357 pri·
1996 1307 1997 1311 ι

406 1391 546 1477 maque
560 1359 724 1475 provisio
748 1384 833 1466 est,
851 1389 898 1446 ne
924 1360 1058 1476 opibus
1087 1384 1128 1447 et
1152 1360 1290 1450 viribus
1316 1359 1436 1474 maius
1460 1358 1658 1476 negotium
1686 1389 1755 1475 per
1769 1391 1856 1447 am·
1886 1415 1888 1417 >
1996 1404 1999 1464 χ

403 1477 588 1567 bitionem
612 1500 678 1564 aut
704 1421 946 1594 cupiditatem
967 1478 1168 1611 suscipiat,
1196 1508 1245 1565 ne
1260 1477 1321 1566 vel
1335 1473 1473 1565 frustra
1495 1502 1535 1563 et
1559 1478 1856 1566 cumtemerita

404 1597 452 1682 tis
480 1621 574 1684 nota
598 1596 807 1700 innitatur;
823 1597 885 1686 vel
911 1624 977 1713 per
995 1609 1151 1716 magpas
1166 1597 1305 1685 civium
1328 1597 1555 1684 clientumve
1572 1618 1611 1683 et
1623 1621 1857 1712 pacatorum

403 1714 668 1831 populorum
659 1714 806 1829 injurias
829 1739 868 1802 et
897 1714 1142 1802 intolerabiles
1161 1716 1373 1803 exactiones
1401 1714 1551 1830 inopiae
1578 1738 1617 1800 et
1641 1712 1858 1803 infirmitati

404 1833 546 1920 mederi
560 1858 742 1970 cogatur
769 1832 918 1919 Deinde
944 1861 988 1921 ut
1003 1834 1048 1921 sit
1063 1836 1360 1921 commodorum
1382 1858 1422 1920 et
1437 1832 1769 1919 incommodorum
1787 1833 1858 1919 di-

404 1948 523 2066 ligem
547 1951 817 2059 ratiocinator,
841 1975 885 2037 ut
901 1952 1080 2039 addendo
1095 1977 1135 2038 et
1150 1951 1408 2056 deducendo,
1433 1978 1533 2066 quae
1555 1950 1687 2066 reliqui
1700 1980 1853 2037 summa

402 2064 469 2153 fiat
485 2070 761 2187 ,intelligautr.
790 2073 928 2159 Parvas
951 2070 1053 2154 enim
1073 2095 1140 2157 aut
1162 2070 1366 2156 mediocres
1390 2067 1682 2156 commoditates
1705 2069 1857 2187 magnis
1997 2121 1998 2127 ι

401 2180 578 2296 jacturis,
597 2186 765 2304 periculis
788 2186 1055 2305 laboribusque
1084 2215 1245 2305 petere,
1266 2215 1453 2275 extremae
1481 2187 1695 2273 dementiae
1724 2212 1806 2274 est

211 2339 310 2387 nanum
328 2346 392 2384 ιιι
464 2306 585 2392 XVII
647 2308 762 2420 Justo
790 2332 919 2393 autem
949 2307 1052 2394 bello
1083 2337 1129 2394 ex
1158 2335 1399 2423 quacumque
1430 2306 1590 2392 honesta
1622 2335 1737 2391 causa
1766 2334 1855 2395 sus·

210 2410 284 2506 {55⁶⁹
288 2395 393 2517 'llll
403 2447 545 2560 cepto,
571 2451 700 2510 utrum
724 2425 764 2512 id
777 2426 924 2540 abipso
941 2455 1006 2540 pet
1025 2454 1063 2510 se
1061 2454 1212 2560 rege,
1235 2455 1285 2511 an
1314 2453 1380 2542 per
1397 2422 1513 2510 duces
1535 2424 1783 2510 administrari
1797 2453 1852 2511 sa

212 2517 273 2568 ‘¹⁰⁰¹
231 2529 282 2567 ω·
404 2538 478 2625 tius
496 2542 569 2646 sit,
596 2542 635 2626 in
660 2543 954 2630 controversiam
985 2543 1112 2632 venite
1138 2568 1295 2658 potest,
1314 2570 1413 2659 quae
1433 2541 1651 2630 deliberatio
1682 2572 1854 2659 magno-

401 2685 488 2743 rum
507 2684 545 2745 ιι
565 2659 835 2774 opulentorum
856 2690 989 2778 regum
1016 2686 1101 2750 est·
1086 2662 1215 2776 ,apud
1243 2662 1400 2777 exiguos
1421 2661 1522 2747 enim
1548 2661 1746 2777 tenuisque
1766 2657 1854 2747 for

402 2801 518 2863 tunae
545 2779 695 2894 regulos
717 2808 762 2865 ea
788 2808 845 2863 res
872 2807 953 2863 non
971 2807 1027 2866 est
1051 2778 1217 2867 consilii.
1245 2781 1348 2864 Cum
1380 2804 1508 2866 autem
1528 2808 1593 2894 per
1609 2778 1854 2894 opulentiam

401 2917 441 2980 et
466 2895 762 3032 magnitudinem
783 2922 988 3012 utrumque
1016 2897 1100 2984 licet
1113 2926 1254 3011 ,saepe
1278 2926 1438 3014 magnae
1462 2897 1691 3032 prudentiae
1702 2920 1789 3003 est,
1809 2927 1852 2983 u·

399 3033 503 3097 trum
525 3014 641 3131 magis
667 3044 689 3099 e
712 3015 906 3130 republica
920 3015 1097 3132 regiaque
1115 3015 1296 3133 dignitate
1311 3039 1351 3101 et
1365 3008 1691 3101 erdslimatione
1665 3040 1739 3120 stt,
1759 3042 1852 3100 con·

400 3127 572 3218 stituere.
607 3133 822 3218 Ceterum
812 3162 850 3216 m
866 3134 1105 3268 popularibus
1129 3132 1413 3219 dissemionibus
1428 3134 1599 3249 ,quibus
1611 3133 1707 3249 tegis
1726 3077 1852 3249 digni·

399 3269 457 3331 tas
484 3273 524 3334 et
549 3249 776 3355 auctoritas,
793 3279 860 3337 aut
890 3252 1004 3337 etia-m
1033 3251 1129 3338 salus
1150 3249 1284 3338 scelere
1307 3251 1569 3338 seditiosorum
1594 3249 1853 3365 perfidorum·

397 3367 641 3617 Ζόιιῑςὶνὶιιιιι
663 3369 701 3452 in
728 3369 922 3455 discrimen
940 3396 1132 3476 vocatur,
1153 3369 1244 3486 quia
1273 3369 1370 3486 regis
1396 3369 1631 3485 praesentia,
1664 3393 1704 3454 et
1733 3367 1854 3455 bonis

509 3515 558 3572 ue
571 3487 717 3575 civibus
733 3487 878 3573 animus
898 3487 1069 3595 accedit,
1099 3512 1138 3574 et
1164 3487 1341 3603 improbis
1365 3510 1404 3573 et
1426 3484 1686 3621 perfidiosis
1660 3511 1774 3571 timor
1790 3485 1851 3570 in-

396 3597 543 3713 jicitur,
577 3629 662 3690 tum
691 3607 747 3691 ob
770 3606 868 3691 hanc
898 3635 1048 3692 causam
1077 3605 1261 3741 ejusmodi
1291 3603 1388 3690 bella
1418 3635 1442 3689 a
1467 3634 1556 3740 rege
1580 3604 1661 3718 ipso
1692 3602 1853 3690 admini

368 3782 369 3788 ι
398 3721 502 3805 strati
530 3723 740 3827 convenit,
765 3748 849 3809 tum
872 3753 922 3810 ne
951 3754 1032 3841 qua
1061 3725 1218 3865 suspicio
1241 3722 1413 3841 ignaviae
1436 3747 1476 3811 et
1502 3721 1648 3810 timoris
1667 3721 1849 3829 oriatur,

398 3865 498 3951 quae
530 3841 661 3956 opinio
685 3841 780 3958 regis
804 3865 1043 3928 contemtum
1071 3843 1200 3958 parit,
1213 3868 1253 3928 et
1277 3870 1467 3928 novarum
1489 3870 1614 3928 rerum
1643 3839 1787 3956 cupidis
1806 3866 1852 3928 et

219 4002 326 4072 aaron,
350 3997 383 4045 v
397 3955 495 4041 male
511 3959 761 4076 cogitantibus
778 3960 923 4047 animos
948 3960 1082 4047 addit.
1113 3957 1230 4072 Cujus
1247 3983 1433 4095 praecepn
1422 3957 1688 4046 clarissimum
1711 3984 1849 4044 exem-

204 4059 357 4111 Germatu
297 4069 382 4108 ιιιιιιιιι

204 4122 299 4171 aarum
336 4131 383 4178 ,a
396 4072 502 4187 plum
531 4101 636 4191 pater
664 4103 753 4164 tuus
767 4108 887 4193 nuper
903 4079 1045 4166 edidit
1036 4107 1075 4163 ιιι
1096 4078 1322 4164 Germanica
1343 4074 1557 4165 defectione
1571 4106 1717 4193 ,quam
1734 4106 1852 4163 sum-

203 4193 231 4233 ιι
246 4194 313 4242 retu
314 4192 333 4230 ι.

395 4221 460 4276 ma
482 4192 700 4327 vigilantia,
725 4196 961 4312 prudentia,
988 4197 1126 4287 virutte
1152 4221 1192 4284 et
1216 4171 1429 4282 constantia
1459 4196 1717 4310 compescuit
1744 4199 1850 4280 Gen·

397 4310 547 4417 mania,
578 4343 678 4429 quae
695 4315 844 4426 Joanne
873 4315 1052 4402 Federico
1079 4316 1175 4403 duce
1203 4314 1388 4411 Sauoniae
1413 4337 1452 4401 et
1485 4314 1660 4429 Philippo
1687 4313 1849 4398 Hessiae

394 4431 627 4546 lantgravio
650 4433 897 4518 auctoribus
887 4435 1083 4549 imperium
1099 4434 1200 4544 eius
1189 4432 1399 4533 detrectans
1414 4432 1579 4520 maximo
1592 4430 1757 4530 exercitu
1773 4457 1851 4518 co-

393 4570 481 4633 acto
502 4549 832 4657 tumultuabatur,
862 4551 962 4639 bello
988 4537 1207 4640 difficillimo
1236 4578 1393 4667 pacata
1599 4637 1601 4642 ,

214 4713 286 4763 m,
307 4725 379 4764 m„
465 4668 605 4751 XVIII.
670 4669 796 4802 Quae
820 4695 913 4756 vero
938 4669 1036 4755 bella
1059 4694 1164 4759 extra
1192 4670 1299 4788 regni
1331 4668 1462 4755 lines
1451 4700 1492 4756 ιιι
1515 4660 1712 4787 provinciis
1736 4665 1851 4805 itastis

199 4769 377 4896 ξξἭξέήῗ
391 4810 437 4867 ex
456 4783 572 4869 causis
589 4785 864 4900 suscipiuntur,
882 4785 937 4870 bis
961 4789 1133 4905 gerendis
1154 4788 1314 4875 idoneos
1340 4788 1454 4874 duces
1484 4814 1573 4874 cum
1600 4815 1746 4872 summa
1772 4787 1849 4875 im·

389 4930 480 5017 pem
458 4899 693 5018 praeficere
709 4903 947 4993 commodius
963 4931 1018 4993 est
1034 4967 1047 5014 ,
1064 4935 1181 5024 quam
1196 4937 1326 5026 regem
1342 4934 1409 5027 pet
1424 4935 1463 4994 se
1480 4905 1737 4994 administrate
1754 4965 1768 5024 ,
1784 4905 1851 4994 id-

1762 5052 1849 5142 que
