4192 5880
451 385 865 466 HISPANORUM
902 387 1337 467 BONONIENSIS.
1550 415 1595 485 79

174 518 348 612 'vaedium
366 543 498 636 patet,
517 517 603 604 raris
635 513 823 600 consitum
841 512 1060 622 arboribus,
1076 513 1185 601 lauris
1201 577 1213 620 ,
1231 517 1360 629 buxis,
1379 541 1418 604 et
1441 516 1624 632 jessiminis

177 631 295 760 vulgo
316 642 438 727 dictis.
473 642 566 722 Hoc
595 633 831 721 breviusculo
849 632 989 749 pariete
1009 633 1115 719 omni
1132 664 1177 720 ex
1190 660 1300 749 parte
1320 634 1413 722 infra
1439 669 1625 755 supraque

175 759 363 877 peristylio
387 755 655 844 committitur.
688 752 895 856 Sacellum,
912 752 1022 867 quod
1037 752 1224 838 Clementi
1249 754 1412 840 dicatum
1429 782 1484 842 est
1499 819 1511 860 ,
1529 783 1621 843 cete·

174 880 220 968 ris
244 879 396 965 aedibus
411 876 519 961 altius
539 871 700 989 exsurgit
717 904 726 957 :
741 871 850 987 quod
872 901 894 955 a
915 873 1179 984 septemtrione
1208 875 1410 961 commode
1427 905 1497 989 pro
1534 876 1627 989 ipsa·

174 1028 260 1085 turn
296 998 440 1085 ratione
465 991 725 1096 aedificatum,
751 990 1040 1106 ingredientibus
1072 991 1232 1076 domum
1263 991 1432 1104 objicitur
1462 1023 1484 1079 e
1511 996 1626 1110 regio

174 1146 243 1203 ne.
276 1120 319 1199 ln
336 1115 446 1228 hujus
468 1110 709 1198 eminentiore
722 1109 896 1194 turricula
915 1109 1158 1225 horologium
1175 1140 1297 1225 nuper
1313 1137 1368 1196 est
1390 1108 1629 1219 fabricatum,
1644 1167 1709 1215 m,
1729 1176 1754 1213 ,t
1776 1165 1822 1214 h,

174 1236 287 1350 quod
315 1231 554 1348 persingulas
577 1231 686 1313 horas
706 1254 745 1314 et
766 1228 1017 1313 tintinnabulo
1036 1253 1074 1313 et
1088 1259 1284 1345 gnomone
1307 1228 1462 1317 labentis
1486 1254 1629 1347 tempo
1644 1225 1780 1285 mmmm·

174 1355 223 1439 ris
249 1352 483 1438 scholasticos
496 1377 577 1432 non
601 1347 745 1451 mod0‚
762 1347 829 1433 sed
844 1347 1015 1434 viciniam
1031 1376 1188 1462 quoque
1213 1348 1403 1433 latiuscule
1427 1351 1628 1437 admonet.

176 1470 394 1555 Tricliniurn
415 1494 546 1554 contra
569 1466 743 1551 sacellum
768 1465 806 1548 in
842 1490 947 1578 parte
970 1466 1158 1578 superiore
1186 1491 1275 1551 ante
1302 1467 1484 1552 sexdecim
1508 1498 1629 1554 annos
1644 1521 1796 1580 mcum,
1886 1536 1888 1542 .

176 1589 215 1675 in
245 1620 315 1674 usu
341 1613 420 1674 erat
442 1584 726 1687 discumbendi,
744 1583 937 1668 meridiem
965 1608 1160 1698 spectans,
1179 1614 1202 1666 a
1218 1615 1299 1698 quo
1321 1614 1387 1699 per
1420 1611 1493 1670 tres
1525 1584 1621 1674 fene·

175 1733 265 1794 stras
283 1768 295 1811 ,
311 1706 494 1822 quamdiu
518 1705 642 1791 virent
665 1701 773 1817 agri,
803 1702 842 1784 in
874 1702 1117 1816 Apenninum
1151 1707 1323 1787 montem
1349 1705 1629 1792 amoenissimus

176 1852 394 1940 prospectus
418 1848 498 1928 est,
515 1821 582 1937 qui
606 1823 769 1904 consitus
793 1820 915 1904 omnis
940 1821 1083 1936 generis
1109 1821 1303 1905 arboribus
1336 1850 1374 1905 se
1395 1823 1554 1908 molliter
1579 1825 1629 1908 ab

175 1943 254 2057 ipsa
272 1945 442 2058 protinus
470 1942 562 2024 urbe
589 1938 713 2051 incipit
746 1938 940 2023 attollere.
975 1940 1049 2023 Sed
1079 1963 1122 2023 ut
1147 1938 1430 2024 incommodum
1453 1970 1518 2055 per
1547 1942 1632 2026 lon-

177 2062 362 2177 giusculos
386 2055 571 2145 anfractus
587 2087 609 2140 a
626 2056 791 2170 coquina
807 2117 819 2160 ,
836 2085 935 2170 quae
960 2059 1010 2141 ab
1023 2057 1167 2143 oriente
1193 2057 1288 2168 jacet
1302 2083 1408 2173 parte
1435 2055 1630 2168 inferiore,

178 2180 217 2262 in
241 2182 336 2281 hoc,
353 2178 600 2264 coenaculum
618 2235 630 2278 ,
646 2175 684 2257 in
701 2175 811 2288 quod
830 2204 895 2287 per
924 2175 1057 2292 viginti
1090 2207 1151 2262 sex
1182 2177 1320 2292 gradus
1344 2178 1631 2283 conscenditur,

177 2298 313 2382 cibaria
334 2295 512 2382 efferendi
526 2295 717 2380 tolleretur
740 2292 843 2396 ,hoc
864 2293 1004 2379 inalios
1017 2296 1122 2381 cessit
1137 2326 1223 2379 usus
1238 2357 1250 2400 ,
1267 2322 1306 2382 et
1322 2295 1479 2382 alterum
1498 2358 1511 2401 ,
1528 2327 1632 2382 anno

179 2416 319 2530 gratiae
347 2448 474 2498 umus.
499 2415 549 2498 ab
565 2413 698 2497 eadem
725 2434 830 2525 parte
847 2471 859 2515 ,
876 2411 940 2497 sed
970 2413 1216 2526 paululurnin
1241 2415 1407 2499 dextram
1425 2415 1632 2531 ingredien-

177 2535 275 2618 tibus
297 2532 550 2634 subductum,
566 2532 700 2615 eadem
725 2527 801 2613 lere
818 2525 963 2636 forma,
984 2556 1023 2616 et
1037 2532 1132 2644 justa
1162 2533 1450 2647 magnitudine,
1468 2535 1556 2619 loco
1571 2534 1626 2616 in·

180 2647 313 2735 feriore
328 2649 563 2735 aedificatum
580 2672 657 2732 est.
690 2645 811 2737 Quod
827 2647 953 2732 lumen
969 2680 993 2732 a
1008 2651 1161 2736 meridie
1192 2652 1337 2735 duabus
1366 2647 1531 2736 fenestris
1564 2651 1626 2738 ad·

180 2768 321 2854 mittit:
338 2771 385 2854 ab
412 2769 557 2853 oriente
572 2763 701 2850 focum
729 2765 870 2869 habet,
889 2767 955 2881 qui
995 2769 1143 2853 assiduo
1159 2769 1246 2884 igne
1276 2793 1357 2855 tota
1373 2771 1495 2854 hieme
1519 2769 1634 2853 tricli-

177 2885 283 2970 nium
312 2886 464 3002 ingenio
481 2885 638 3002 regionis
661 2885 846 2987 humens,
864 2885 1076 3001 frigensque
1105 2911 1309 3001 temperat.
1345 2887 1545 3002 Reliquum
1563 2887 1629 2972 dis·

179 3005 305 3117 positis
334 3005 467 3097 mensis
484 3001 651 3117 undique
681 3002 843 3086 ambitur
860 3064 872 3107 ,
890 3005 960 3093 nisi
973 3035 1050 3119 qua
1073 3006 1164 3090 cella
1185 3005 1415 3118 promtuaria
1446 3033 1565 3118 nuper
1581 3001 1633 3088 fa·

178 3146 238 3206 cta
261 3121 426 3208 recedit.
457 3122 537 3206 Sub
563 3121 638 3205 hoc
653 3119 850 3205 triclinium
878 3124 1127 3234 superioribus
1156 3124 1283 3210 diebus
1310 3124 1494 3237 aptissima
1524 3121 1631 3209 simul

180 3263 219 3324 et
246 3239 490 3355 pulcherrima
505 3238 595 3324 cella
619 3238 759 3325 vinaria
783 3240 1025 3325 subterraneo
1048 3241 1164 3347 loco,
1193 3243 1259 3327 sed
1281 3241 1434 3326 lateritia
1473 3242 1632 3327 testudi-

179 3386 229 3442 ne
259 3359 420 3464 intecta,
440 3357 563 3442 multis
590 3357 711 3470 operis
726 3386 945 3472 magnoque
962 3359 1155 3473 impendio
1174 3385 1387 3444 constructa
1416 3385 1496 3446 est:
1515 3360 1630 3445 ducta

180 3476 306 3560 cloaca
336 3505 401 3590 per
431 3479 534 3561 viam
550 3479 868 3589 Caesaraugustae
884 3537 896 3579 ,
912 3507 989 3591 qua
1019 3479 1199 3565 exsudans
1230 3508 1357 3595 aqua,
1374 3509 1472 3593 quae
1500 3479 1624 3562 hacte·

181 3620 251 3678 nus
272 3618 446 3708 optatum
464 3625 560 3707 opus
587 3595 831 3697 morabatur,
848 3595 1051 3680 chunditur
1068 3658 1081 3699 ,
1097 3598 1300 3713 sordesque
1325 3597 1513 3681 doliorum
1540 3623 1627 3711 ege·

180 3729 332 3799 runtur.
364 3712 547 3797 Cubicula
562 3713 691 3795 omnia
715 3706 808 3792 infra
824 3741 1010 3829 supraque
1040 3743 1301 3800 concamerata
1332 3712 1624 3829 angustioribus,
1644 3769 1777 3824 cum„

180 3831 248 3915 sed
276 3830 435 3916 lateritiis
451 3830 647 3944 parietibus
675 3827 945 3944 distinguntur.
975 3835 1089 3928 Quae
1119 3834 1304 3950 theologis
1331 3833 1485 3945 ascripta
1514 3856 1623 3937 sunt,

178 3948 361 4034 orientem
379 3972 568 4063 spectant,
588 3976 668 4033 uno
683 3970 862 4059 excepto,
879 3952 988 4063 quod
1002 3953 1122 4066 vergit
1138 3953 1188 4036 ad
1203 3951 1507 4066 septemtrionem
1526 3981 1535 4032 :
1551 3978 1630 4034 me·

181 4066 351 4150 dicorum
382 4067 636 4152 occidentem.
664 4066 744 4157 Qui
770 4094 863 4151 vero
880 4067 1076 4153 Pontificio
1106 4069 1277 4182 civilique
1306 4068 1374 4179 juri
1388 4069 1540 4153 student
1555 4129 1567 4172 ,
1584 4091 1629 4153 ut

180 4209 267 4268 sunt
293 4213 452 4269 numero
469 4184 583 4301 longe
600 4184 748 4298 plures,
767 4183 817 4268 sic
836 4187 1005 4270 cubicula
1022 4183 1116 4292 infra
1132 4214 1170 4271 et
1186 4214 1296 4299 supra
1313 4187 1351 4268 in
1377 4217 1530 4271 omnem
1544 4215 1626 4297 par·

180 4324 260 4384 tem
292 4303 450 4414 dispersa
474 4327 629 4405 renent,
647 4304 855 4416 eademque
886 4304 1005 4422 vulgo
1028 4305 1174 4389 ratione
1189 4305 1381 4389 ‘librorum
1412 4304 1626 4418 capaciora.

240 4419 316 4500 IV.
367 4421 589 4505 Communis
605 4421 829 4506 bibliotheca
846 4483 857 4525 ,
873 4452 972 4537 quae
1000 4426 1050 4508 ab
1063 4423 1208 4507 oriente
1237 4423 1628 4536 sacellumpartefsu·
1662 4444 1821 4536 Bibliotheca
1920 4479 1923 4486 -

175 4535 327 4650 periore
349 4538 557 4653 contingit,
582 4535 715 4625 referta
738 4563 793 4625 est
816 4541 912 4626 libris
941 4572 1021 4627 non
1049 4568 1126 4625 tam
1146 4541 1327 4655 pulchris,
1353 4542 1468 4655 quain
1484 4568 1629 4624 emen·
1644 4518 1815 4622 conatuum),

175 4654 293 4740 datis.
327 4658 424 4738 Sunt
436 4656 534 4738 enim
560 4657 793 4743 vetustissimi
828 4689 964 4774 magna
994 4685 1241 4773 exparte,et
1265 4658 1559 4774 manuscripti,
1591 4658 1630 4744 et
1764 4662 1778 4680 ”
1793 4664 1817 4681 ”

179 4802 343 4885 quorum
375 4772 562 4856 nonnullis
577 4775 696 4886 ipsum
717 4775 941 4890 Aegidium,
971 4777 1064 4861 dum
1096 4779 1320 4864 inhumanis
1349 4802 1501 4894 ageret,
1518 4806 1629 4861 usum

74 4908 76 4911 ·
177 4887 484 4978 fuisse'constat.
514 4896 630 4978 Extra
655 4891 696 4977 id
720 4893 829 5010 quod
859 4894 1005 5013 collegii
1034 4897 1139 4985 velut
1168 4927 1317 5015 corpus
1338 4896 1624 5013 appellavimus,

1545 5011 1630 5106 hon
1672 5007 1676 5011 ⁶
