4140 5872
536 416 602 469 112
722 382 954 491 ιοιιιιι.
997 397 1278 471 ιιιιιΕειι
1318 393 1803 485 ειιιιιιιιιιΕ

306 535 387 647 ῑξιιι
402 519 616 611 du1²¹¹·blicae
657 553 878 642 peccatum.
908 530 1004 612 Sunt
1037 550 1167 614 autem
1203 525 1302 644 leges
1338 525 1539 643 duplices,
1570 529 1707 617 alterae
1743 532 1946 648 ριοριὶιε,’

497 673 598 761 quae
622 647 746 735 civiles
771 673 927 762 quoque
963 645 1102 732 idcirco
1129 647 1402 752 nominantur,
1432 649 1521 763 quia
1552 648 1719 737 civitates
1743 652 1817 737 suis
1832 683 1945 786 quae·

498 793 575 880 que
603 766 759 901 legibus
770 766 1061 882 gubernantur,
1089 766 1225 851 alterae
1251 783 1502 874 communes,
1529 795 1628 884 quae
1658 771 1844 904 quoniam
1868 803 1944 884 pure

498 885 694 968 naturali
686 884 922 990 innituntur,
950 908 988 971 et
1016 909 1103 970 sunt
1131 884 1347 969 hominibus
1375 885 1628 972 naturaliter
1620 888 1778 994 rnsitae,
1806 890 1943 977 idcirco

498 1003 667 1088 naturale
696 1032 858 1139 quoque
890 1004 944 1117 jus
978 1028 1191 1091 vocantur:
1211 1003 1360 1119 quippe
1387 1032 1481 1119 quas
1503 1034 1582 1091 non
1596 1003 1867 1122 legumlatotis
1880 1042 1943 1097 vo

499 1117 622 1208 luntas
654 1122 716 1210 vel
742 1122 874 1258 opinio
902 1121 1103 1229 instituit,
1136 1121 1201 1207 sed
1240 1128 1345 1207 Deus
1382 1147 1421 1207 et
1448 1149 1581 1209 natura
1607 1124 1784 1212 cordibus
1823 1127 1944 1213 homi

306 1283 351 1349 ιιι
365 1275 486 1340 restrum
499 1266 593 1326 num
624 1241 827 1355 impressit
852 1244 985 1356 Itaque
1016 1242 1073 1327 his
1096 1238 1269 1359 legibus,
1298 1240 1413 1325 hoc
1405 1270 1484 1354 rure
1512 1267 1643 1359 gentes
1669 1273 1802 1331 omnes
1831 1246 1944 1361 paulo

499 1360 621 1446 modo
652 1359 892 1445 humaniores
924 1383 1127 1466 utuntur,
1168 1384 1208 1445 et
1248 1358 1422 1451 idcirco
1414 1389 1469 1472 rus
1493 1389 1650 1477 quoque
1674 1363 1846 1478 gentium
1876 1394 1943 1452 no·

499 1479 731 1583 minantur,
770 1507 894 1593 eoque
920 1476 998 1589 jure
1030 1477 1201 1595 decalogi
1229 1502 1427 1593 praecepta
1456 1479 1724 1566 continentur:
1763 1482 1814 1568 ad
1845 1510 1944 1597 quae

499 1598 607 1684 velut
628 1597 751 1712 capita
767 1623 805 1683 et
823 1595 999 1712 principia
1027 1592 1238 1686 referuntur
1266 1596 1367 1713 leges
1392 1625 1525 1684 omnes
1549 1595 1735 1685 naturales
1750 1629 1875 1715 ,quae
1892 1603 1946 1687 ob

500 1744 585 1801 eam
613 1745 764 1805 causam
788 1717 826 1800 in
848 1744 1009 1801 numero
1036 1716 1246 1804 divinarum
1278 1714 1496 1822 habentur,
1525 1717 1708 1832 quoniam
1727 1718 1775 1801 ab
1791 1742 1947 1806 aeterna

499 1832 584 1952 lege
612 1864 680 1950 ρει
708 1835 893 1921 rationem
927 1834 1135 1921 humanam
1168 1834 1372 1969 lumenque
1402 1833 1573 1921 divinum
1603 1835 1778 1923 cordibus
1810 1838 1946 1925 nostris

307 1985 489 2045 comatus
463 1953 720 2105 impressum
752 1953 999 2041 derivantur.
1025 1961 1094 2040 Est
1120 1953 1220 2060 enim
1248 1959 1311 2035 lex
1341 1967 1521 2060 aeterna,
1539 1979 1584 2039 ut
1612 1952 1743 2041 definit
1768 1957 1946 2072 Augusti-

307 2061 440 2101 ‘'²⁰¹²²’‘
447 2057 603 2179 ²⁷⁶,nus
629 2101 679 2158 vo
680 2080 803 2156 luntas
829 2075 909 2155 Dei
935 2131 950 2176 ,
976 2096 1068 2179 quae
1107 2054 1272 2157 ordinem
1306 2078 1512 2156 naturalem
1550 2081 1772 2158 conservari
1801 2077 1943 2182 jubet,

359 2240 368 2252 t
495 2195 724 2330 perturbari
754 2206 890 2276 vetat.
924 2192 1068 2275 Cum
1060 2191 1171 2309 igitur
1203 2192 1285 2276 duo
1318 2218 1459 2306 genera
1491 2190 1563 2278 sint
1592 2191 1775 2304 justarum
1802 2190 1943 2308 legum,

501 2313 670 2428 utrisque
694 2313 837 2398 bonam
876 2310 1195 2426 rempublicam
1170 2336 1330 2394 ncesse
1350 2308 1535 2395 munitam
1562 2334 1746 2425 oportet,
1776 2333 1821 2394 ut
1844 2309 1946 2394 nulla

500 2431 677 2518 naturalis
697 2428 942 2517 excludatur:
972 2455 1064 2516 esset
1088 2428 1188 2516 enim
1217 2427 1449 2536 barbarum,
1471 2458 1512 2516 et
1542 2429 1732 2516 hannanae
1756 2452 1946 2531 naturae,

385 2600 387 2605 .
500 2580 602 2665 quae
640 2549 785 2635 ratione
814 2547 1046 2664 potissimum
1071 2570 1287 2650 censetur,
1317 2545 1522 2651 alienum,
1559 2572 1678 2663 utque
1712 2541 1836 2632 civiles
1875 2545 1947 2631 sint

501 2668 611 2773 bono
638 2667 791 2782 publico
823 2663 1020 2753 adrectae
1049 2664 1200 2753 rationis
1230 2693 1405 2759 normam
1430 2695 1501 2781 pro
1530 2664 1687 2783 ingenio
1711 2663 1845 2750 scilicet
1876 2664 1945 2748 ho

502 2789 650 2875 minum
674 2812 713 2873 et
738 2809 873 2873 natura
909 2784 1070 2903 regionis
1109 2783 1437 2872 accommodatae.
1465 2783 1528 2873 Ad
1551 2813 1735 2870 summam
1761 2782 1838 2866 hoc
1861 2812 1947 2897 pro·

501 2905 668 3020 positum
700 2934 788 2991 esse
812 2904 926 2990 debet
956 2902 1223 3022 legumlatori,
1253 2926 1296 2988 ut
1325 2930 1414 2987 cum
1446 2902 1545 2989 cives
1582 2900 1767 3019 singulos,
1790 2926 1877 2985 tum
1892 2899 1946 2984 ci·

501 3023 659 3111 vitatem
695 3023 908 3110 universam
951 3051 1016 3137 pet
1063 3023 1223 3137 optimas
1263 3022 1398 3156 leges·
1408 3020 1458 3105 ad
1492 3016 1703 3106 felicitatem
1737 3016 1944 3132 perducat:

241 3187 243 3189 >
327 3186 360 3233 n
375 3174 480 3252 optma
504 3142 639 3229 eadem
663 3164 719 3227 est
749 3141 849 3228 enim
872 3139 1026 3228 civitatis
1057 3135 1229 3244 felicitas,
1245 3167 1345 3255 quae
1373 3137 1626 3256 singulorum.
1646 3144 1806 3253 Loquor
1819 3160 1947 3224 autern

312 3243 491 3353 litl¹¹⁵rlh
472 3252 554 3347 ¹de
585 3256 778 3367 felicitate,
794 3284 839 3345 ut
871 3258 910 3343 in
935 3261 1033 3346 hanc
1049 3258 1248 3345 mortalem
1273 3257 1401 3344 vitam
1431 3256 1566 3344 cadere
1599 3280 1752 3370 potest,
1779 3283 1881 3370 quae
1909 3254 1948 3342 in

313 3376 361 3414 ¹⁸⁸
505 3409 577 3465 usu
603 3378 748 3469 virtutis
774 3406 855 3464 non
884 3377 1083 3496 impeditae
1110 3376 1264 3492 posita,
1290 3374 1413 3463 aditus
1439 3374 1572 3462 estad
1606 3373 1707 3460 illam
1736 3396 1949 3510 aeternam,

505 3526 604 3616 quae
639 3497 737 3607 justis
778 3495 908 3581 animis
951 3495 1163 3611 aspiciendo
1207 3518 1246 3580 et
1276 3491 1573 3629 contemplando
1601 3499 1691 3579 Deo
1739 3491 1950 3609 contingit,

252 3698 254 3702 ,
504 3618 572 3733 qui
602 3618 754 3702 ultimus
788 3613 871 3699 linis
901 3642 957 3701 est
978 3646 1087 3752 ,quo
1116 3615 1194 3704 vita
1218 3612 1340 3698 omnis
1368 3613 1668 3698 Christianorum
1692 3634 1857 3726 spectare
1888 3610 1951 3696 de

319 3775 420 3831 tmen
441 3786 480 3825 to.
506 3737 597 3821 bet.
618 3737 717 3820 Sive
744 3737 975 3818 manducaris
994 3734 1145 3879 ,inquit
1165 3731 1301 3818 Paulus
1318 3789 1334 3837 ,
1350 3740 1434 3817 sive
1458 3732 1619 3838 bibitis,
1643 3737 1711 3815 vel
1730 3732 1838 3813 aliud
1863 3729 1955 3837 quid

497 3852 679 3964 fiacitiS,
707 3860 830 3938 omnia
863 3858 903 3934 in
921 3859 967 3962 gl
965 3861 1082 3935 oriam
1099 3855 1178 3934 Dei
1200 3848 1353 3956 facite.

333 4015 383 4066 vr
384 4027 424 4066 tu·
451 4012 497 4062 ιι
569 3974 661 4056 XX
721 3972 796 4058 Sed
822 3997 910 4055 cum
941 3969 1134 4086 duplex
1108 3994 1155 4054 ιιι
1178 3968 1323 4075 virtus,
1351 3967 1467 4053 altera
1482 4029 1495 4074 ,
1511 3937 1611 4084 quae
1638 3966 1690 4054 ad
1720 3995 1873 4073 mores,
1899 3961 1952 4051 al-

319 4080 390 4140 Μ
506 4085 619 4196 tera,
651 4118 750 4204 quae
779 4090 829 4174 ad
870 4089 1004 4175 mentis
1039 4087 1302 4222 cognitipnem
1331 4086 1523 4201 pertinet3
1547 4085 1742 4200 utriusque
1777 4085 1874 4172 ratio
1902 4082 1953 4167 le·

511 4208 714 4326 gumlatoti
742 4208 919 4293 habenda
944 4233 1028 4313 est,
1062 4231 1101 4292 et
1127 4205 1319 4321 utriusque
1348 4205 1616 4320 impedimenta
1630 4233 1697 4319 per
1713 4202 1814 4403 leges
1831 4264 1843 4306 ,
1859 4230 1952 4319 qua·

509 4352 621 4413 tenus
651 4324 728 4412 fieri
759 4326 907 4441 possit,
936 4270 1241 4430 sumhtovenda,
1262 4349 1398 4411 cuncta
1412 4385 1424 4429 ,
1440 4353 1541 4439 quae
1555 4319 1746 4409 adrerum
1763 4321 1956 4406 oclorum·

510 4473 592 4562 que
607 4444 858 4531 salubritatem
890 4469 929 4528 et
956 4445 1095 4532 civium
1126 4443 1323 4537 utilitatem
1354 4443 1539 4559 pertinere
1570 4440 1832 4543 uidebuntur,
1861 4466 1958 4550 pro

510 4564 704 4669 videndo
729 4568 832 4647 Nam
858 4561 1001 4649 virtutis
1028 4595 1115 4658 usus
1149 4591 1275 4678 saepe
1287 4561 1453 4677 corporis
1485 4558 1771 4663 imbecillitate,
1804 4553 1912 4642 vel
1901 4585 1956 4641 tn·
2018 4650 2031 4654 ,f

513 4685 601 4819 ρρίι
626 4708 867 4816 externorum
898 4678 1150 4787 bonorum,
1141 4713 1181 4768 tn
1204 4708 1365 4797 utraque
1393 4679 1471 4767 vita
1497 4678 1727 4794 impeditur,
1742 4674 1959 4790 pracsertim

514 4801 554 4888 in
581 4831 654 4908 ea,
683 4831 783 4919 quae
813 4799 852 4884 in
878 4801 1024 4889 actione
1052 4802 1244 4908 consistit,
1275 4818 1383 4936 quac
1394 4815 1637 4934 quamquam
1658 4794 1805 4881 inferior
1840 4792 1959 4911 digni·

515 4943 594 5023 tate
617 4943 700 5032 est,
738 4945 868 5010 ιιιιιιιι
895 4916 1117 5019 ftucntosiot
1151 4948 1235 5036 tum
1256 4918 1447 5083 civitati,
1474 4943 1559 5006 tum
1589 4914 1741 5034 singtdis
1774 4913 1961 5016 habetur,

1847 5060 1965 5149 quam
