4050 5858
477 413 563 513 '292
962 417 1432 499 DEMOCRATES

468 547 752 640 translationem
776 548 1020 664 temperantia
1050 549 1288 666 nuncupari,
1320 574 1507 666 quatenus
1534 570 1579 637 ut
1609 549 1862 668 temperantia
1894 551 1938 637 in

468 669 658 786 corporeis
683 666 965 783 voluptatibus,
999 666 1049 753 sic
1071 692 1216 756 ceterae
1238 668 1395 756 virtutes
1418 668 1458 754 in
1482 699 1547 754 sua
1570 698 1748 786 quaeque
1774 671 1936 755 materia

469 790 661 876 concitato
683 787 812 872 animo
839 786 1051 903 praescribit
1072 811 1110 871 et
1138 787 1298 872 modum
1325 787 1485 902 imponit
1503 847 1517 894 ‚
1535 817 1582 873 ne
1615 790 1848 904 ultraquam
1866 789 1934 874 de·

467 933 555 1014 cet,
572 907 742 992 illecebra
757 902 960 1021 voluptatis
977 907 1264 1022 progrediatur:
1293 904 1344 991 sie
1359 903 1521 1012 fortem,
1536 906 1587 990 sic
1598 906 1714 992 etiarn
1739 905 1929 993 liberalem

470 1050 722 1140 temperanter
739 1053 850 1141 agere
872 1052 981 1138 saepe
998 1024 1152 1112 dicimus
1170 1056 1179 1109 :
1197 1024 1332 1139 inquo
1358 1023 1418 1109 ille
1443 1048 1567 1139 spreta
1584 1041 1728 1129 morte',
1745 1028 1798 1110 ab
1823 1027 1932 1111 auda·

394 1172 405 1222 r
470 1145 527 1230 cia
541 1173 553 1247 3
568 1145 629 1231 hic
646 1144 821 1259 pecunias
837 1149 1109 1248 contemnens,
1127 1166 1311 1257 temperat
1336 1167 1502 1228 tamena
1519 1142 1811 1260 prodigalitate.
1829 1149 1932 1260 Ergo

470 1290 560 1349 curn
583 1262 753 1348 latissime
771 1285 899 1377 pateat
921 1260 1126 1377 uoluptas3
1155 1260 1316 1377 pertinet
1342 1261 1442 1346 enim
1459 1262 1509 1345 ad
1525 1289 1681 1347 ornnem
1706 1261 1932 1369 illecebram,

331 1450 339 1463 .
471 1412 551 1497 qua
579 1381 723 1496 capitur
754 1408 899 1465 animus
927 1378 988 1466 vel
1012 1403 1249 1466 concitatur:
1274 1403 1313 1463 et
1332 1379 1505 1494 ⁴prudens
1530 1377 1736 1495 voluptatis
1761 1381 1933 1465 modera-

472 1499 529 1588 tio
553 1498 694 1584 cunctis
718 1498 919 1583 moralibus
940 1497 1142 1597 uirtutibus
1175 1497 1219 1583 sit
1250 1497 1461 1583 communis
1482 1528 1492 1581 ι
1517 1497 1608 1582 nihil
1639 1497 1775 1583 mirum
1802 1523 1887 1603 est,
1907 1498 1936 1584 si

474 1647 606 1704 earum
636 1616 821 1733 quaeque
843 1616 1074 1702 continentia
1101 1639 1141 1702 et
1172 1616 1418 1732 temperantia
1445 1614 1692 1731 receptissima
1724 1616 1938 1702 translatio·

475 1764 525 1823 ne
558 1737 748 1822 interdum
777 1759 1017 1851 nuncupatur
1036 1796 1048 1840 ‚
1065 1758 1159 1820 teste
1183 1733 1414 1843 Aristotele,
1430 1734 1497 1850 qui
1522 1732 1796 1821 continentiam
1821 1759 1934 1821 testa·

474 1879 536 1942 tus
561 1855 599 1940 in
628 1853 765 1939 eodem
795 1882 933 1971 genere
962 1881 1087 1938 rerum
1102 1853 1238 1941 versari
1256 1914 1269 1960 ,
1284 1882 1366 1971 quo
1390 1854 1675 1968 temperantiam
1697 1913 1711 1958 ,
1726 1877 1852 1939 tamen
1875 1854 1933 1938 in-

473 1995 727 2089 temperantes
747 1972 850 2078 irae,
868 1971 1021 2058 honoris
1046 1996 1085 2058 et
1102 1969 1192 2057 lucri
1219 1999 1285 2056 eos
1319 1971 1495 2086 appellari
1514 1972 1654 2078 tradit,
1669 1970 1736 2087 qui
1758 1998 1847 2057 sunt
1860 1971 1935 2056 ha·

469 2120 562 2178 tum
594 2119 719 2175 rerum
745 2089 1016 2194 studiosiores3
1043 2118 1138 2206 quas
1171 2117 1288 2174 nemo
1319 2089 1468 2175 dubitat
1500 2089 1605 2176 velut
1635 2090 1825 2175 materiam
1857 2119 1939 2176 esse

475 2204 730 2313 fortitudinis,
748 2208 1011 2324 magnitudinis
1038 2207 1152 2292 animi
1169 2235 1213 2291 ae
1238 2205 1459 2292 liberalitatis
1474 2267 1487 2312 ,
1502 2207 1850 2322 contrariorumque
1873 2209 1937 2295 vi·

476 2326 637 2413 tiorum.
656 2329 749 2421 Qua
772 2326 916 2412 ratione
935 2326 1041 2412 haud
1067 2323 1242 2440 equidem
1264 2323 1436 2430 inficior,
1454 2325 1938 2439 humilitatempossetenr

476 2444 683 2560 perantiam
717 2444 919 2560 appellari,
939 2444 1061 2532 alieno
1085 2467 1214 2531 tamen
1247 2442 1437 2531 vocabulo
1457 2443 1640 2559 ‚proprio
1666 2442 1767 2528 enirn
1792 2467 1833 2530 et
1862 2472 1936 2530 suo

475 2563 702 2679 magnitudo
729 2561 843 2648 animi
868 2568 1128 2678 nuncupatur.

365 2696 366 2699 ‘
536 2684 636 2765 Vlll.
694 2683 789 2765 Non
816 2679 917 2765 eninr
942 2681 972 2766 si
997 2680 1258 2798 magnanimus
1277 2708 1451 2798 ,quem‚
1474 2705 1519 2767 ut
1535 2679 1692 2767 diximus
1708 2741 1722 2785 ,
1737 2680 1844 2767 omni
1862 2679 1936 2766 vir·

468 2818 561 2883 -tute
582 2797 793 2914 praeditum
822 2822 898 2884 esse
924 2824 1077 2913 oportet
1094 2860 1106 2904 ,
1121 2823 1161 2884 et
1177 2799 1311 2915 dignus
1327 2824 1382 2885 est
1400 2861 1412 2905 ,
1430 2823 1469 2886 et
1497 2797 1656 2917 dignum
1680 2827 1720 2885 se
1749 2797 1840 2912 juste
1856 2827 1932 2912 pu-

472 2937 536 2999 tat
562 2915 771 3002 honoribus
789 2977 801 3023 ‚
819 2916 886 3031 qui
909 2917 1068 3003 maxime
1097 2917 1332 3005 conveniunt
1359 2916 1482 3003 ordini
1509 2948 1609 3023 suo,
1626 2917 1797 3032 protinus
1822 2946 1939 3032 quos·

478 3059 644 3149 cumque
673 3032 839 3119 honores
869 3064 939 3121 suo
969 3034 1047 3150 jure
1076 3035 1302 3149 postulabit.
1333 3035 1493 3121 Achilles
1522 3037 1622 3121 enim
1654 3036 1758 3150 apud
1787 3039 1939 3122 Home·

479 3176 565 3233 rum
583 3213 594 3256 ,
613 3152 771 3265 exceptis
792 3151 959 3258 Atridis,
986 3179 1185 3268 procerum
1212 3157 1449 3239 Graecorum
1476 3153 1552 3239 sine
1575 3154 1832 3243 controversia
1857 3178 1938 3239 erat

480 3265 814 3354 honoratissimus:
846 3269 911 3356 sed
939 3297 1028 3355 cum
1056 3298 1095 3355 se
1126 3270 1247 3357 voluit
1266 3273 1546 3387 Agamemnoni
1568 3300 1730 3387 aequare
1750 3300 1853 3375 ,nec
1868 3300 1935 3385 pu·

480 3383 576 3471 tavit
600 3387 678 3503 regi
699 3386 1015 3494 concedendum,
1035 3388 1206 3474 Nestoris
1235 3388 1488 3502 sapientissimi
1514 3389 1608 3475 senis
1632 3389 1807 3474 oratione
1832 3414 1934 3474 taxa·

480 3523 543 3587 tus
569 3530 658 3610 est,
685 3529 723 3589 et
750 3505 921 3590 omnium
944 3506 1186 3621 prudentium
1211 3505 1349 3619 judicio
1374 3507 1566 3622 superbiae
1593 3506 1745 3592 crimine
1773 3508 1934 3593 damna·

481 3643 566 3706 tus.
597 3626 862 3709 Romanorum
888 3651 981 3709 veto
996 3626 1050 3718 Q.
1066 3623 1198 3709 Fabius
1218 3623 1436 3729 Maximus,
1457 3627 1613 3710 Marcus
1641 3625 1846 3711 Marcellus
1864 3687 1878 3733 ,
1893 3649 1937 3711 ut

414 3755 423 3765 ’
482 3764 627 3830 ceteros
656 3766 801 3827 taceam
830 3740 932 3828 vitos
961 3742 1250 3858 magnanimos,
1281 3741 1494 3828 consulares
1519 3743 1684 3829 honores
1703 3805 1716 3849 ,
1732 3744 1802 3858 qui
1824 3745 1937 3830 maxi·

482 3855 534 3940 mi
559 3882 667 3944 erant
693 3858 731 3941 in
759 3887 825 3943 sua
856 3857 1070 3973 republica,
1087 3883 1264 3973 poterant
1287 3859 1356 3945 sibi
1386 3859 1467 3971 jure
1497 3859 1642 3947 delatos
1670 3890 1748 3946 esse
1777 3887 1934 3976 putare:

483 3972 637 4059 eosdem
665 3975 748 4090 quis
776 3975 947 4079 tulisset,
973 3976 1084 4091 siquis
1112 4005 1245 4062 eorum
1273 3976 1312 4060 in
1344 4006 1411 4062 sua
1441 3976 1591 4064 civitate
1620 3980 1784 4064 honores
1807 3979 1935 4095 regios

472 4087 717 4178 affectasset?
745 4095 858 4178 Certe
875 4088 1070 4179 Africanus
1094 4093 1216 4209 Scipio
1231 4095 1282 4180 ad
1300 4097 1431 4180 urbem
1449 4094 1652 4210 Hispaniae
1675 4095 1850 4182 Betulam
1867 4102 1933 4182 As·

336 4262 351 4293 „
484 4207 639 4295 drubale
665 4209 844 4317 devicto,
870 4239 960 4295 cum
984 4209 1202 4296 circumfusa
1228 4207 1350 4299 omnis
1373 4211 1576 4300 multitudo
1607 4215 1869 4328 Hispanorum
1894 4237 1931 4300 et

484 4349 572 4408 ante
594 4326 807 4412 deditorum
825 4389 837 4433 ‚
854 4353 892 4412 et
919 4328 1035 4444 pridie
1062 4356 1259 4442 captorum
1276 4390 1288 4434 ,
1305 4359 1349 4415 ac
1378 4330 1456 4417 sine
1483 4331 1603 4445 pretio
1620 4332 1857 4418 dimissorum
1881 4333 1930 4419 in·

482 4441 587 4558 genti
616 4471 799 4529 consensu
822 4473 950 4561 regem
979 4476 1069 4533 eum
1089 4447 1304 4562 appellasset
1322 4447 1491 4553 ,silentio
1526 4479 1592 4562 per
1621 4478 1851 4564 praeconem
1877 4447 1928 4534 fa·

482 4583 577 4664 cto,
601 4559 666 4648 sibi
693 4562 895 4645 maximum
922 4592 999 4650 esse
1024 4594 1167 4651 nornen
1188 4566 1418 4680 imperatoris
1433 4566 1561 4652 dixisse
1584 4568 1744 4653 traditur
1760 4629 1773 4671 ,
1789 4599 1873 4684 quo
1892 4595 1930 4653 se

483 4677 615 4762 milites
640 4678 696 4762 sui
722 4677 994 4792 appellassent3
1022 4684 1168 4798 regium
1191 4712 1334 4769 nomen
1360 4683 1444 4768 alibi
1464 4712 1676 4799 magnum,
1696 4690 1847 4772 Romae
1872 4686 1930 4782 in-

481 4795 673 4882 tolerabile
698 4825 794 4883 esses
824 4800 957 4912 ltaque
986 4800 1042 4884 vit
1067 4830 1234 4888 summus
1262 4822 1329 4914 pe'r
1358 4831 1476 4887 unam
1501 4803 1817 4920 magnanimitatis
1832 4833 1929 4921 par-

467 4933 560 5008 rtem
585 4914 752 5003 honores
778 4915 1035 5030 imperatorios
1063 4918 1136 5008 suis
1160 4920 1358 5011 virtutibtu
1389 4921 1658 5014 convenientes
1682 4922 1817 5012 ascivit
1837 4954 1847 5011 ε
1864 4951 1929 5038 pes

1872 5040 1908 5128 al
