4034 5858
616 359 1005 438 PRAEFATIO.
1445 375 1517 460 '377

76 501 141 595 vel
170 496 359 620 diligentia
384 518 521 585 asserta
543 517 584 582 et
611 487 825 607 patefacta,
857 491 1068 582 verendum
1099 515 1181 579 non
1209 493 1283 599 sit,
1322 520 1371 579 ne
1396 517 1538 578 temere

80 649 148 714 aut
175 652 308 739 parum
325 618 463 706 utiliter
480 615 579 701 hanc
595 613 779 700 scribendi
794 639 924 697 curam
953 635 992 698 et
1010 609 1181 700 laborem
1195 610 1391 726 suscepisse
1408 610 1534 697 videa·

80 772 179 829 mur.
211 745 267 826 Ut
282 739 394 855 igitur
412 766 469 822 res
484 732 591 850 quasi
606 732 783 848 agendo,
804 757 883 816 non
914 729 1020 817 velut
1046 732 1260 818 enarrando
1283 754 1532 846 proponatur,

80 862 130 949 sic
145 859 247 946 enim
265 855 506 944 commodius
532 851 805 966 disputantium
824 849 987 939 rationes
1003 848 1176 965 explicari
1193 849 1401 959 videntur,
1430 847 1536 951 dabis
1589 890 1591 896 >

80 1009 165 1068 mus
183 979 259 1066 hoc
274 973 533 1065 disserentibus
550 970 761 1058 exordium.
1120 989 1123 997 ·

302 1241 472 1317 Personae
489 1235 639 1337 Dialngi
662 1229 911 1313 PHILETUS
931 1250 967 1313 ei
989 1229 1316 1314 retenemus

623 1455 757 1546 CAP
775 1456 817 1543 U
832 1463 871 1543 T
912 1463 943 1543 1.
1013 1550 1016 1551 f

678 1697 942 1785 Summarium.

150 1873 179 1938 1.
239 1872 355 1937 Crimen
372 1874 514 1935 acenlmnr
528 1872 661 1950 prasini
680 1873 780 1934 celare
799 1884 927 1934 tenemur
943 1869 1012 1953 iege
1027 1871 1161 1933 natarali
1171 1884 1202 1934 et
1215 1872 1329 1934 divina.

150 1958 197 2016 ΙΙ.
238 1956 356 2018 Crimen
368 1958 509 2016 occultam
526 1957 656 2029 prasiana
667 1953 741 2014 licet
753 1957 889 2014 indicare
901 1958 932 2012 in
945 1955 1072 2014 alterins
1084 1954 1136 2015 vel
1147 1956 1221 2030 reip.
1227 2022 1229 2024 ,
1231 1949 1378 2030 periculo.

150 2034 216 2096 111.
238 2038 342 2095 Utrum
354 2039 397 2096 rit
408 2040 565 2112 parendum
575 2036 673 2106 judici
685 2036 847 2112 inquirenti
858 2038 895 2096 de
908 2033 1065 2111 nanifmo
1078 2037 1274 2109 crimine,sed
1280 2034 1393 2096 occulte
1401 2031 1539 2097 adnisam

150 2117 212 2176 IV.
234 2117 328 2176 Homo
341 2129 452 2178 nonest
464 2119 554 2188 index
568 2114 745 2175 occultarum
762 2117 935 2188 criminum,
955 2117 1009 2173 sed
1019 2114 1098 2174 salus
1111 2117 1202 2174 Dens.

149 2197 194 2255 V.
234 2194 367 2257 Crimina
379 2197 496 2258 necuim
507 2215 561 2257 nan
573 2205 638 2256 sunt
650 2197 794 2259 credenda
807 2235 819 2270 ‚
834 2197 895 2256 nisi
909 2197 1004 2256 certis
1015 2196 1138 2256 indiciis
1152 2195 1382 2273 conprobantur.

121 2401 150 2480 Ι.
181 2320 321 2490 Pmr.
351 2397 420 2483 Vir
434 2399 559 2483 bontu
574 2425 718 2515 semper
732 2393 865 2483 celabit
878 2395 1068 2483 occultum
1083 2393 1263 2512 cujusque
1277 2395 1437 2498 crimen:
1454 2397 1539 2481 scri·

90 2538 204 2628 ptum
220 2541 276 2602 est
297 2515 397 2600 enim
422 2516 461 2602 in
485 2516 582 2601 libro
603 2516 921 2605 Proverbiorum:
958 2516 1043 2624 Qui
1066 2520 1232 2602 ambalat
1247 2512 1537 2620 fraudulenter,
1566 2531 1730 2599 annnam

91 2639 240 2717 revelat
272 2661 448 2737 areana:
487 2643 553 2741 qni
582 2650 705 2717 autem
724 2630 859 2732 fidelis
893 2648 982 2740 est,
1023 2641 1120 2717 celat
1153 2640 1265 2717 amici
1291 2642 1536 2718 commissum.

90 2753 263 2842 ‚Tnsorm
293 2751 471 2837 Etiamne
494 2752 534 2836 in
557 2752 780 2866 reipublicae
808 2751 1015 2838 discrimine
1046 2748 1215 2858 tacebit,
1248 2750 1310 2836 vel
1339 2750 1368 2836 si
1399 2751 1538 2836 crimen

94 2893 235 2982 spectet
260 2869 299 2953 in
317 2869 516 2984 perniciem
544 2870 724 2956 civitatis?
753 2870 857 2953 Pnn.
885 2875 1171 2986 Nequaquam,
1195 2869 1261 2955 sed
1287 2869 1352 2955 tali
1369 2868 1539 2984 reipubli-
1552 2833 1730 2954 iiiiii&

1447 2988 1455 3005 .
1552 2970 1575 3015 4.
1591 2967 1656 3004 sent.
1669 2955 1730 3007 dist.

94 3013 161 3071 cae
178 3011 349 3100 tempore
364 2987 558 3107 diligenter
571 2989 767 3075 conabitur
789 2987 983 3074 scelestum
997 2988 1101 3073 illum
1117 2988 1311 3073 hominem
1333 3011 1540 3104 acogrtato
1552 3027 1603 3074 aa.
1617 3017 1733 3077 aanor

1552 3078 1657 3124 secund.
1690 3089 1730 3125 ar·

95 3102 230 3191 scelere
253 3104 462 3192 deterrere:
492 3109 520 3192 si
535 3130 663 3193 tamen
679 3105 920 3194 dehortando
935 3104 1025 3191 nihil
1050 3100 1275 3220 profecerit,
1293 3133 1362 3190 nec
1378 3107 1449 3191 alia
1463 3105 1539 3193 ho-
1552 3148 1664 3195 sument·
1681 3150 1732 3196 m·

94 3244 201 3307 nesta
227 3222 374 3309 ratione
398 3224 552 3313 obviam
577 3225 620 3310 iri
645 3253 753 3340 posse
772 3224 900 3312 videat
925 3222 1163 3312 venientibus
1191 3222 1295 3309 malis
1318 3284 1331 3329 ,
1355 3253 1436 3311 non
1453 3225 1539 3314 dico
1553 3196 1730 3320 {ladislai}

94 3340 327 3455 reipublicae,
347 3344 413 3430 sed
436 3343 546 3430 unius
558 3343 765 3431 innocentis
786 3341 948 3429 hominis
965 3337 1082 3427 salute
1097 3364 1306 3456 poscente,
1329 3343 1540 3461 cogitatum

94 3458 186 3545 illud
200 3460 340 3546 crimen
353 3459 494 3548 deferet
509 3462 560 3549 ad
575 3492 669 3566 eos,
696 3461 916 3577 Augustino
930 3485 1111 3564 auctore,
1134 3461 1201 3574 qui
1233 3459 1348 3576 magis
1364 3460 1541 3575 prodesse

19 3643 21 3646 >
94 3577 264 3692 possint,
287 3608 404 3694 quam
419 3579 581 3686 obesse,
612 3578 675 3668 vel
698 3580 747 3666 ad
770 3578 1031 3695 magistratio,
1055 3577 1084 3662 si
1099 3577 1152 3662 rei
1169 3577 1394 3695 magnitudo
1409 3605 1540 3693 postu-

97 3693 217 3798 labit3
240 3697 481 3812 adipsum,
506 3697 567 3784 cui
586 3697 727 3782 malum
743 3721 893 3812 paranar
908 3696 1192 3802 ,'admonebit‚
1222 3720 1263 3781 et
1286 3696 1380 3781 haec
1411 3699 1540 3786 omnia

95 3842 169 3929 pto
185 3813 330 3901 ratione
344 3814 574 3902 Christianae
586 3815 743 3901 caritatis
764 3814 965 3931 prudenter
977 3813 1254 3900 moderabitur.
1274 3819 1444 3903 anonn.
1459 3822 1541 3906 Re-

97 3957 157 4020 cte
173 3958 217 4019 tu
233 3933 419 4050 quidem,
445 3959 485 4020 et
500 3964 547 4020 ex
560 3934 763 4048 praeceptis
778 3931 1012 4018 Christianae
1035 3931 1290 4049 philosophiae
1331 3932 1424 4019 boni
1453 3965 1543 4050 pru·

98 4051 296 4169 dentisque
313 4053 379 4142 viri
404 4048 571 4139 officium
600 4055 640 4136 in
667 4053 730 4137 tali
746 4081 858 4138 causa
885 4079 930 4136 ac
952 4046 1171 4138 difficultate
1195 4050 1425 4165 expedienda
1451 4055 1543 4142 milti
1674 4055 1681 4067 ’

98 4167 230 4256 videris
245 4197 361 4289 atque
376 4172 501 4287 paucis
529 4172 738 4288 explicasse.
767 4175 864 4256 Non
891 4170 1003 4289 igitur
1018 4198 1162 4283 semper
1184 4169 1375 4256 occultum
1400 4170 1569 4261 crimen

98 4283 246 4373 alterius
271 4315 328 4376 est
350 4290 549 4376 celandum
563 4350 593 4373 .-
662 4297 673 4316 '

75 4495 77 4502 ,
157 4409 202 4488 11.
261 4411 361 4492 Pam.
389 4413 541 4524 Semper
566 4411 751 4524 quidem,
783 4406 849 4494 sed
871 4409 939 4494 nisi
967 4438 1013 4495 ex
1036 4405 1195 4496 celando
1220 4408 1439 4499 exstiturum
1464 4442 1543 4501 esse

96 4546 248 4609 constet
271 4527 387 4639 majus
408 4527 563 4642 aliquod
580 4525 727 4614 alterius
756 4527 969 4632 damnum,
998 4555 1115 4642 quam
1140 4530 1248 4642 quod
1276 4555 1408 4616 auctor
1424 4533 1542 4617 crimi-

97 4640 156 4726 nis
176 4702 188 4747 ,
211 4643 239 4727 si
255 4644 423 4757 proditus
450 4669 543 4731 esset
559 4646 799 4750 ‚incurreret
834 4649 1060 4761 Numquam
1090 4671 1146 4733 est
1171 4648 1271 4732 enim
1302 4650 1542 4738 committen·
1638 4699 1640 4704 .

95 4758 192 4844 dum
221 4823 234 4869 ,
263 4786 306 4847 ut
330 4761 539 4876 quidquam
568 4760 746 4849 faciamus
772 4787 907 4847 contra
938 4765 1060 4880 legem
1091 4791 1246 4851 naturae
1278 4789 1316 4851 et
1345 4762 1545 4875 divinam,

96 4905 215 5081 quarm
244 4879 377 5087 vipllqri
397 4904 543 4968 constat
559 4939 574 4990 ‚
593 4883 623 4971 si
648 4883 731 5000 quis
745 4881 883 4970 indicet
904 4880 1222 5090 &ciuilium
1246 4907 1410 5005 peccata.
1439 4890 1544 4973 Nam

194 5025 263 5085 om.
338 5062 350 5092 .
992 5104 994 5109 ,
1115 5088 1118 5099 ff
1521 5036 1553 5105 st
