4192 5880
558 409 614 478 44
949 381 1170 459 aarum
1206 379 1554 458 castanon
1594 388 1600 393 “
1640 421 1641 426 ¹

535 516 684 629 „striae
695 510 843 600 ferimus
858 540 1073 631 acceptum:
1089 510 1248 631 proinde
1265 509 1366 600 bello
1377 511 1506 601 italico
1516 509 1632 601 finem
1650 511 1855 634 aliquando
1872 518 1992 642 impo-

536 698 566 748 „
581 663 669 721 nere
690 662 908 721 censemus:
925 633 1035 751 quod
1055 631 1200 721 etiamsi
1210 633 1320 721 rebus
1336 634 1408 721 tuis
1440 634 1550 753 gestis
1567 662 1852 751 comparatum,
1872 644 1992 732 breve

538 753 792 865 „admodum
808 754 921 872 possit
937 753 1078 860 videri,
1095 753 1202 840 nobis
1224 779 1352 840 tamen
1362 814 1375 860 ,
1387 755 1454 870 qui
1469 784 1614 841 summa
1632 755 1759 871 inopia
1772 757 1989 874 premimur,

538 871 743 990 „longum
774 870 943 959 est1s'ed
973 900 1044 958 nec
1066 870 1219 958 finiendi
1241 873 1344 957 deest
1375 872 1539 960 occasio·
1574 873 1797 963 Malatestae
1815 883 1992 968 omnibus

481 1052 485 1057 «
539 992 749 1108 „precibus
770 991 911 1075 bellum
928 1020 954 1074 a
974 992 1083 1076 nobis
1111 992 1377 1107 deprecantur.
1412 994 1547 1076 Pacem
1564 993 1724 1078 cumbis
1747 991 1886 1084 facito:
1903 1002 1993 1116 qui·

526 1124 569 1220 ‘‚‚
583 1112 654 1195 bus
667 1108 967 1215 conditionibus,
985 1108 1106 1195 modo
1121 1115 1282 1196 Ancona
1301 1110 1394 1194 urbe
1409 1109 1545 1196 cedant
1560 1171 1572 1216 ,
1588 1110 1678 1196 nihil
1695 1114 1988 1228 praescribimus.

544 1234 651 1339 „Tu
666 1228 764 1345 quid
783 1226 1106 1315 reissecclesiasticae
1121 1226 1291 1346 expediat
1307 1290 1319 1334 ,
1338 1227 1512 1346 quidque
1525 1259 1547 1313 a
1562 1254 1691 1316 nostra
1705 1229 1885 1349 dignitate
1910 1267 1991 1325 non

540 1348 810 1457 „abhorream
827 1375 871 1433 ut
896 1348 1017 1455 soles,
1039 1347 1226 1464 dtspicies.
1259 1348 1475 1454 Galeotus,
1497 1376 1612 1463 quem
1639 1349 1828 1464 captivum
1861 1354 1990 1463 ducis,

540 1467 743 1574 „redimat
766 1494 958 1552 censemus
990 1467 1196 1553 libertatem
1221 1465 1419 1552 medietate
1434 1467 1605 1581 stipendii
1620 1468 1792 1555 mil-itibus
1821 1473 1994 1589 duplica-

544 1643 577 1692 „
590 1584 638 1669 ti.
673 1589 769 1669 Pace
792 1580 889 1670 facta
903 1613 991 1671 cum
1009 1585 1232 1690 Malatestis,
1248 1610 1370 1670 cetera
1389 1612 1477 1669 tuae
1496 1584 1623 1672 virtuti
1647 1614 1690 1669 ac
1708 1589 1926 1701 prudentiae
1954 1593 1994 1676 in

510 1756 513 1760 f
546 1703 761 1817 „expedito
777 1727 907 1790 erunt.
938 1708 996 1789 Ac
1019 1704 1145 1789 ceteris
1172 1702 1327 1819 quidem
1345 1702 1538 1816 tyrannis,
1556 1705 1623 1819 qui
1647 1704 1832 1818 supplices
1858 1737 1991 1823 pacem

544 1879 577 1929 „
591 1821 802 1926 oraverint,
820 1821 1035 1938 aequiorem
1055 1847 1092 1907 te
1107 1824 1283 1937 praebeas
1303 1820 1443 1906 licebit.
1476 1821 1618 1907 Gentili
1648 1822 1857 1930 Moliano,
1882 1854 1924 1912 ut
1950 1828 1995 1913 sit

548 1967 670 2051 „non
685 1938 823 2024 inultae
838 1939 1011 2055 perfidiae
1038 1963 1153 2056 atque
1178 1939 1443 2024 inconstantiae
1460 1938 1698 2053 exemplam,
1715 1941 1835 2026 nullas
1855 1945 1993 2030 ‘condi-

548 2056 711 2164 „tiones
729 2058 851 2172 pacis,
866 2058 933 2144 nisi
958 2083 1002 2145 ut
1026 2056 1160 2145 finibus
1187 2055 1432 2143 ecclesiasticis
1445 2057 1605 2142 omnino
1620 2057 1759 2162 cedat,
1781 2058 1899 2146 dicas.
1934 2062 1996 2147 Fi-

548 2233 578 2281 „
593 2173 674 2260 nito
689 2175 814 2281 bello,
829 2175 889 2261 illa
912 2177 979 2263 tibi
995 2177 1163 2292 proxima
1190 2205 1278 2262 cura
1302 2175 1372 2279 sit,
1388 2174 1445 2260 uti
1467 2176 1620 2260 urbibus
1643 2176 1862 2292 oppidisque
1893 2180 1993 2267 viros

552 2351 580 2398 „
594 2320 633 2378 et
648 2293 850 2408 prudentes
879 2319 919 2381 et
943 2295 1123 2410 probatae
1137 2293 1224 2380 fidei
1240 2291 1452 2409 praeficiast
1469 2320 1660 2407 postremo
1680 2355 1692 2399 ,
1711 2319 1755 2379 ut
1783 2323 1883 2380 arces
1909 2328 1993 2383 mu·

550 2439 730 2528 „rosque
753 2411 896 2500 drusos
922 2412 1138 2500 reficiendos
1167 2441 1293 2498 cures.
1324 2415 1433 2497 Haec
1452 2409 1518 2496 ubi
1532 2407 1657 2498 feceris
1674 2471 1686 2520 ‚
1703 2412 1752 2499 ad
1781 2440 1852 2501 nos
1870 2416 1997 2504 venire

550 2555 794 2646 „properato
808 2592 821 2637 ,
838 2557 905 2618 rua
920 2561 1037 2646 opera
1050 2557 1165 2647 atque
1176 2529 1332 2616 consilio
1344 2528 1563 2647 indigentes.
1574 2535 1601 2582 “

358 2694 539 2750 neumae.
611 2651 702 2735 XX
760 2649 831 2734 His
860 2649 985 2735 litteris
1016 2649 1115 2735 lectis
1128 2713 1143 2757 ,
1156 2678 1256 2766 quae
1278 2648 1382 2733 nullo
1411 2649 1531 2734 modo
1562 2677 1697 2765 pacem
1727 2651 1991 2761 morabantur,

358 2772 401 2810 '⁸‘
552 2797 627 2883 pax
647 2767 702 2853 his
722 2768 1001 2856 conditionibus
1023 2765 1121 2853 facta
1142 2794 1219 2854 est.
1248 2771 1305 2854 Ut
1321 2765 1555 2852 Malatestae
1569 2768 1779 2855 Ariminum
1794 2832 1805 2876 ,
1822 2775 1987 2878 Fanum,

553 2885 775 2991 Pisaurum,
791 2891 929 2972 Porum
944 2886 1150 3001 Sempronii
1179 2886 1217 2971 in
1248 2885 1377 2972 decem
1395 2885 1588 2971 dumtaxat
1622 2915 1742 2972 annos
1770 2890 1991 2995 retinerent,

551 3003 880 3120 singulisquesena
896 3003 1005 3090 millia
1021 3006 1244 3091 ducatorum
1258 3000 1430 3089 Pontifici
1452 3003 1597 3089 duabus
1620 3006 1874 3119 pensionibus,
1898 3011 2003 3092 vlu.

554 3122 746 3209 Kalendas
761 3123 979 3236 Januarias,
995 3147 1034 3209 et
1054 3129 1115 3208 ΙΙΙ.
1131 3122 1319 3207 Kalendas
1331 3121 1446 3232 Julias
1460 3122 1682 3208 tribuerent.
1698 3122 1856 3240 Reliqua
1871 3127 2000 3210 omnia

510 3238 513 3243 ”
551 3239 702 3355 oppida·
710 3240 927 3347 Flaminiae,
944 3242 1087 3347 Piceni,
1104 3243 1252 3326 Massae
1263 3238 1483 3345 Trebariae,
1501 3244 1657 3326 Sanctae
1673 3243 1869 3356 Agathae,
1889 3244 1999 3358 quid·

555 3356 650 3473 quid
676 3359 839 3474 denique
865 3384 1054 3477 practerea
1086 3359 1232 3444 ditionis
1259 3356 1520 3443 ecclesiasticae
1546 3384 1787 3472 occupassent
1802 3421 1822 3463 ,
1835 3367 2000 3448 restitue·

555 3498 661 3562 rent.
684 3478 810 3572 Quod
825 3478 944 3594 siqua
961 3478 1088 3565 civitas
1103 3506 1231 3562 earum
1246 3476 1484 3561 inecclesiam
1501 3476 1645 3562 interim
1665 3478 1891 3584 rebellasset,
1912 3483 2000 3563 Ma·

505 3655 508 3661 ·
554 3592 711 3681 latestae
731 3619 883 3682 centum
899 3596 1069 3713 equitum
1084 3595 1223 3681 auxilio
1235 3594 1491 3680 ecclesiasticos
1517 3594 1633 3680 tribus
1663 3596 1849 3682 mensibus
1873 3598 2002 3709 juvare

558 3735 802 3820 tenerentur,
818 3739 857 3800 et
869 3714 919 3801 ad
947 3743 1116 3831 praesens
1134 3736 1206 3799 tres
1220 3713 1346 3798 itidem
1361 3742 1506 3799 menses
1520 3713 1657 3800 eodem
1673 3714 1843 3828 equitum
1872 3744 2001 3801 nume-

560 3856 608 3915 ro
623 3833 905 3919 auxiliarentur.
931 3833 1115 3919 Galeorus
1130 3831 1288 3918 adhaec
1309 3859 1397 3916 cum
1409 3831 1557 3947 triginta
1575 3830 1684 3917 millia
1701 3832 1926 3920 ducatorum
1942 3863 2002 3922 ex·

562 3947 754 4056 solvisset,
771 3976 855 4037 turn
884 3951 1038 4038 demum
1066 3950 1157 4036 liber
1172 3974 1286 4036 esset.
1320 3953 1403 4033 Has
1434 3948 1669 4036 conditiones
1684 3951 1783 4065 pacis
1803 3953 1852 4037 sic
1875 3953 2011 4038 consti·

561 4088 664 4152 tutas
677 4092 749 4174 ,et-
767 4069 993 4156 sanctissimo
1024 4071 1102 4183 jure
1118 4068 1276 4182 jurando
1304 4065 1467 4152 firmatas
1483 4128 1495 4172 ,
1512 4067 1576 4152 ubi
1607 4068 1811 4184 Episcopus
1835 4069 2012 4154 Turiaso·

557 4186 680 4272 nensis
703 4211 742 4273 ct
762 4188 986 4275 Alberratius
998 4189 1186 4275 Ricasulus
1202 4187 1251 4273 ad
1271 4183 1491 4271 Pontificem
1520 4186 1855 4290 detulissent,non
1888 4187 2010 4274 modo

558 4300 639 4416 ipse
667 4329 764 4391 tatas
792 4308 1031 4414 habuit,sed
1048 4306 1193 4424 Aegidii
1222 4302 1415 4390 consilium
1438 4304 1483 4388 in
1507 4332 1598 4420 pace
1621 4301 1788 4390 facienda
1818 4303 1934 4389 nihilo
1969 4336 2009 4392 se

559 4421 711 4507 minoris
729 4455 871 4542 ,quam
889 4426 1120 4513 virtutemin
1135 4423 1234 4510 bello
1251 4420 1447 4541 gerendo,
1464 4418 1610 4529 facere,
1626 4451 1707 4509 non
1724 4421 1836 4510 semel
1851 4423 1891 4508 in
1917 4450 2010 4508 con-

556 4539 919 4632 cilio-Cardmalium-
936 4539 1121 4661 professus
1137 4567 1204 4630 est.

495 4700 499 4707 ψ’
617 4661 734 4746 XXI.-
785 4664 907 4750 Finito
938 4663 1037 4750 bello
1054 4693 1142 4749 cum
1159 4661 1366 4748 Malatestis
1381 4662 1627 4778 ,oppidisque
1650 4665 1700 4751 ab
1735 4666 1819 4782 ipsis
1833 4665 2009 4781 receptis,

559 4780 744 4895 Acgidius
763 4783 951 4898 optimum
966 4779 1069 4868 factu
1084 4778 1165 4867 fore
1183 4782 1312 4868 statuit
1327 4842 1339 4886 ,
1353 4781 1485 4897 copias
1495 4782 1619 4897 partiri
1634 4809 1711 4890 ,ut
1735 4814 1824 4871 uno-
1840 4811 2013 4899 tempore

555 4895 722 5009 pluribus
736 4903 904 5018 tyrannis
931 4902 1037 4991 baud
1072 4902 1182 4991 brevi
1205 4899 1391 5016 abiunctis
1415 4900 1767 4991 irtteruallo‘bellum
1793 4900 2012 5009 inferretur,

557 5046 558 5050 ‘
1686 5062 1689 5067 ·
1918 5051 2017 5138 quos
