4034 5858
506 360 576 460 338
625 348 627 352 ’
923 355 1174 457 anonoorn
1202 355 1300 429 mro
1324 355 1472 430 inno

445 573 450 587 ,
476 487 599 576 stinus
616 483 730 572 docet
755 483 793 567 in
811 481 945 568 eadem
964 480 1126 598 epistola
1142 481 1194 569 ad
1209 479 1481 585 Vincentium,
1503 476 1569 564 ubi
1593 472 1689 565 dele
1716 476 1800 566 ibus
1815 501 1948 568 contra

351 608 352 611 ‘
375 584 381 609 ⁸
484 631 668 720 utrosque
687 601 767 689 latis
783 625 969 689 memorat
988 663 1000 708 ,
1034 600 1252 707 declarans,
1273 599 1413 687 neutris
1429 597 1509 685 vim
1524 592 1662 684 factam
1678 508 1792 684 disse
1807 627 1830 683 a
1847 598 1950 684 Chri·

483 750 545 812 sto
573 723 635 809 vel
666 721 885 838 Apostolis3
918 745 1051 838 postea
1078 749 1173 807 vero
1190 720 1357 835 utrisque
1382 717 1522 804 illatam
1535 718 1585 802 ab
1609 716 1762 803 ecclesia
1777 718 1949 834 potenna

485 869 526 930 et
541 841 683 959 legibus
704 852 978 958 Imperatorum
1002 839 1306 926 Christianorum
1323 838 1492 943 munita,
1508 863 1554 924 ut
1569 837 1730 925 habetur
1749 867 1820 946 23.
1851 866 1892 953 q.
1907 871 1947 944 4.

486 991 524 1048 c.
542 988 611 1046 non
626 968 822 1046 invenitor
841 990 851 1045 :
883 959 922 1046 in
937 990 1014 1075 qua
1031 958 1188 1073 epistola
1205 959 1319 1045 docet
1343 957 1485 1045 eisdem
1500 955 1706 1043 rationibus
1720 957 1855 1071 justam
1871 985 1949 1043 esse

407 1162 411 1173 ,
487 1080 612 1198 legem
638 1081 753 1166 latam
789 1078 968 1168 adversus
991 1076 1166 1165 sacrificia
1190 1107 1460 1195 paganorum,
1485 1084 1534 1162 'et
1559 1076 1609 1161 ab
1639 1077 1820 1161 omnibus
1848 1076 1950 1162 Chri·

488 1198 613 1286 stianis
629 1197 823 1285 laudatam
841 1229 850 1282 :
884 1227 985 1315 quae
1002 1198 1166 1284 habetur
1182 1197 1221 1283 in
1237 1225 1270 1282 c.
1296 1201 1342 1280 de
1352 1203 1521 1307 paganis
1533 1211 1571 1281 et
1586 1221 1709 1282 eoram
1727 1192 1948 1300 sacrificiis,

489 1317 515 1403 l.
539 1347 575 1402 1.
596 1317 646 1402 ibi
663 1319 765 1403 enim
781 1318 986 1402 constituta
1001 1340 1059 1403 est
1085 1345 1212 1432 poena
1227 1315 1391 1430 capitalis
1406 1341 1446 1402 ct
1469 1315 1661 1402 bonorum
1678 1313 1949 1430 publicatio,si

488 1436 573 1552 quis
600 1436 759 1550 amplius
780 1434 892 1522 sacris
907 1462 947 1522 et
976 1433 1103 1525 ritibus
1134 1434 1322 1554 paganicis
1350 1458 1545 1521 uteretur:
1573 1463 1692 1550 quarn
1724 1433 1855 1552 legem
1888 1432 1949 1547 pri

488 1586 596 1640 mum
612 1586 635 1639 a
649 1554 936 1662 Constantino,
960 1577 1007 1640 ut
1034 1556 1217 1641 Eusebius
1242 1554 1282 1640 in
1311 1552 1464 1641 historia
1478 1551 1720 1640 ecclesiastica
1745 1577 1786 1638 et
1814 1551 1949 1639 Hiero

489 1701 626 1787 nymus
647 1672 885 1761 inchronicis
901 1696 1117 1780 testantur,
1150 1673 1292 1780 latam,
1318 1698 1358 1760 ct
1382 1698 1469 1790 post
1494 1703 1517 1757 a
1548 1670 1778 1759 Constantio
1799 1669 1880 1758 filio
1912 1697 1950 1757 et

488 1791 564 1878 aliis
578 1793 868 1907 Imperatoribus
883 1789 1147 1879 confirmatam
1171 1854 1185 1899 ,
1214 1817 1263 1903 ut,
1284 1791 1386 1907 piam
1401 1817 1454 1878 et
1471 1789 1706 1905 justissimam
1730 1788 1949 1906 pugnacissi-

298 1929 474 1997 annana-
489 1940 552 1995 me
567 1908 737 2000 defendit
764 1911 984 2027 Ambrosius
1009 1911 1114 2025 apud
1142 1915 1413 2025 Imperatorem
1436 1908 1768 1996 Valentinianum.
1798 1913 1950 2026 Grego-

488 2030 563 2116 rius
578 2055 706 2115 autom
721 2028 760 2112 in
776 2028 932 2145 epistola
947 2028 999 2116 ad
1026 2028 1264 2116 Aldibertum
1280 2028 1553 2115 Britannorum
1570 2033 1716 2145 Regem
1734 2089 1746 2134 ,
1777 2055 1882 2142 quae
1899 2050 1951 2113 est

491 2146 586 2232 noni
600 2147 662 2233 lib.
681 2150 746 2233 do.
767 2147 861 2233 haec
889 2148 939 2234 de
967 2148 1078 2233 rebus
1110 2147 1249 2236 eisdem
1279 2146 1419 2234 tradit.
1459 2146 1531 2232 Sic
1556 2153 1654 2230 enim
1688 2146 1954 2232 Constantinus

493 2269 671 2374 quondan
690 2272 890 2375 piissimus
920 2263 1129 2376 Imperator
1153 2262 1361 2357 itonam
1389 2262 1675 2376 diempobiicam
1701 2292 1726 2349 a
1747 2271 1954 2374 pavensis

492 2388 670 2469 idolorum
685 2388 890 2470 cultoribus
903 2411 1116 2491 revocans,
1146 2391 1385 2494 omnipotenti
1411 2386 1497 2469 Deo
1514 2386 1678 2469 Domino
1705 2398 1832 2468 nostru
1855 2379 1953 2494 ffers

492 2501 647 2589 Christo
662 2529 786 2587 seonm
800 2505 991 2609 subdidit,
1016 2507 1090 2587 dcc.
1125 2532 1197 2590 nec
1225 2503 1411 2609 interest,
1440 2500 1597 2615 subjecti
1621 2502 1694 2589 sint
1718 2531 1768 2616 pa
1795 2499 1861 2584 ani
1887 2501 1953 2586 im·

492 2618 599 2736 perio
619 2620 920 2707 Christianorum
937 2650 1011 2727 ,an
1038 2650 1167 2727 secus,
1187 2621 1325 2739 quibus
1339 2619 1395 2709 vis
1410 2617 1599 2707 salutifera
1630 2619 1724 2707 est‘
1769 2618 1927 2706 umida.

349 2787 481 2839 „„„„,
554 2739 622 2823 Xl.
681 2744 786 2824 Nam
810 2739 998 2825 Sisebutus
1018 2743 1100 2825 Rex
1117 2740 1345 2855 Hispaniae,
1376 2738 1445 2854 qui
1478 2739 1648 2852 Judaeos
1676 2763 1721 2825 ut
1756 2735 1955 2823 Christiani

304 2847 363 2960 it}
388 2848 625 2957 diiiiifierent
647 2858 804 2974 coiigit,
828 2857 868 2943 in
895 2856 962 2944 sibi
977 2855 1166 2970 subjectos
1190 2889 1269 2946 vrm
1284 2856 1440 2968 intulit,
1463 2882 1591 2944 tamen
1606 2853 1749 2944 facturn
1778 2854 1956 2964 ejusnon

305 2966 482 3078 'cifflnfffff
496 2973 651 3089 perinde
666 2977 872 3090 probatur,
904 2976 994 3092 quia
1015 2975 1096 3061 talis
1123 2976 1179 3065 vis
1202 2976 1412 3094 simpliciter
1432 2975 1511 3065 sive
1542 2976 1682 3063 directe
1698 2975 1750 3062 ad
1775 2973 1955 3060 Christia-

305 3087 401 3148 ΜΨ·
495 3091 658 3177 nismum
686 3095 944 3208 compellens,
970 3093 1106 3181 inutilis
1129 3096 1289 3182 habetur
1301 3157 1315 3201 ,
1338 3094 1427 3210 quia
1456 3094 1696 3183 voluntatem
1725 3122 1866 3210 cogere
1894 3120 1956 3178 nc-

496 3210 607 3326 quit,
636 3234 675 3295 et
698 3212 960 3326 pertinaciores
984 3207 1091 3299 facit.
1126 3215 1330 3300 Prohibere
1354 3239 1483 3299 autem
1504 3213 1674 3318 amalo,
1705 3212 1819 3329 quod
1845 3209 1956 3297 fitle·

495 3357 545 3445 ge
569 3329 848 3437 Constantini,
872 3331 1130 3445 quaeeadem
1160 3357 1216 3418 est
1238 3325 1484 3438 Constantii,
1510 3363 1694 3450 magnum
1733 3328 1957 3417 beneficium

495 3472 552 3533 est
580 3508 592 3553 ,
624 3471 664 3533 et
687 3449 797 3564 quod
824 3510 838 3555 ,
874 3448 902 3533 si
918 3448 1070 3564 absque
1095 3449 1346 3536 incommodo
1375 3474 1507 3536 nostro
1531 3479 1758 3569 possumus,
1782 3449 1959 3535 omnibus

495 3563 710 3650 hominibus
733 3627 745 3673 ,
771 3590 814 3651 ut
842 3565 1017 3680 proximis
1040 3567 1257 3683 impendere
1288 3568 1461 3682 jubemur
1506 3569 1591 3687 lege
1618 3568 1746 3657 divina
1782 3592 1826 3654 et
1852 3592 1960 3653 natu·

336 3700 403 3757 na
416 3713 455 3770 a·
501 3682 566 3769 rali
580 3745 590 3766 .
624 3685 834 3768 Mandavit
849 3686 960 3767 Dans
974 3693 1169 3794 unicuiqae
1183 3692 1230 3772 de
1238 3694 1415 3797 prasino
1428 3713 1494 3772 sno
1509 3747 1521 3771 .
1556 3692 1667 3775 Haec
1680 3686 1795 3805 igitur
1819 3711 1877 3772 est
1899 3713 1958 3771 ra·

387 3830 391 3846 ‘
499 3800 618 3937 tiooex
634 3801 863 3919 Evangelica
880 3802 1088 3917 parabola,
1110 3831 1151 3892 et
1166 3805 1369 4010 Apppsn'ni
1386 3866 1400 3911 ,
1416 3807 1606 3894 Ambrosii
1629 3832 1669 3893 et
1692 3804 1874 3923 Gregorii
1890 3803 1960 3891 do-

499 3943 649 4025 ctnna,
680 3950 848 4036 paganos
865 3944 909 4005 ut
923 3921 975 4007 ad
991 3921 1129 4009 Christi
1156 3952 1205 4038 ep
1315 3924 1458 4010 intrent
1480 3923 1763 4041 compellendi.
1799 3926 1853 4008 Ut
1878 3925 1961 4036 pri·-

501 4067 610 4123 mum
629 4038 928 4126 Christianorum
948 4037 1136 4155 irnperio,
1162 4040 1286 4128 sifieri
1308 4042 1388 4129 sine
1403 4072 1547 4162 magno
1561 4040 1807 4131 inoommodo
1822 4064 1963 4128 nostro

500 4155 643 4270 possit,
663 4157 729 4272 qui
765 4187 845 4242 non
867 4181 955 4244 sunt
981 4158 1162 4270 subjecti,
1194 4160 1454 4275 subjiciantur.
1486 4162 1637 4251 Deinde
1666 4188 1711 4249 ut
1732 4160 1816 4278 lege
1843 4158 1960 4247 Con·

504 4273 654 4358 nantini
685 4277 986 4385 convenienter,
1012 4276 1204 4365 idolorum
1237 4280 1343 4367 cultu
1365 4305 1404 4366 et
1433 4281 1610 4370 omnibus
1643 4279 1800 4368 ethnicis
1829 4277 1960 4366 ritibus

501 4390 803 4503 prohibeantur,
827 4394 1086 4511 tollanturque
1101 4397 1230 4483 omnia
1254 4397 1552 4514 impedimenta,
1574 4429 1675 4518 quae
1705 4399 1840 4486 obesse
1873 4427 1961 4513 pos·

505 4533 590 4593 sent
618 4513 854 4629 evangelicae
878 4514 1165 4628 praedicationi.
1197 4517 1351 4612 Quibus
1368 4519 1602 4627 rationibus,
1626 4544 1666 4606 et
1687 4517 1910 4605 testimoniis
1925 4543 1963 4602 e·

321 4683 376 4723 aa
399 4684 425 4736 q.
442 4685 490 4728 „‚
506 4626 641 4714 doctus
658 4628 769 4718 divus
788 4632 988 4740 Thomas,
1010 4633 1102 4720 ritus
1134 4633 1339 4721 infidelium
1356 4662 1619 4753 praeterquam
1635 4638 1880 4752 Judaeorum
1906 4662 1963 4720 nc·

308 4742 357 4781 ⁸¹³·
367 4743 405 4787 ¹¹·
501 4770 568 4861 gat
584 4774 661 4831 esse
678 4748 758 4836 ullo
774 4751 895 4837 modo
922 4751 1139 4839 tolerandos
1156 4815 1169 4859 ,
1202 4752 1231 4839 si
1247 4750 1401 4843 facultas
1418 4755 1537 4843 adsit:
1570 4759 1767 4868 ,Quantas
1795 4763 1963 4864 aliquan·

405 4918 416 4936 ·
502 4868 573 4974 do,
595 4863 745 4982 inquit,
763 4865 917 4975 fiaerint
932 4871 982 4955 ab
1011 4873 1189 4959 Ecclesia
1205 4879 1383 4985 tokrati,
1408 4903 1491 4962 can
1522 4884 1670 4964 scilicet
1701 4890 1791 4966 arat
1823 4895 1961 4987 magna

1027 5065 1029 5069 ,
1904 4999 1961 5077 in
