4034 5858
299 484 303 493 .
496 390 567 485 '348
921 391 1174 467 nnoroom
1198 397 1296 469 ono
1318 395 1466 470 sinuo

280 525 463 587 'attestatio
477 521 631 618 senia,
658 506 849 620 confissor
865 521 1093 599 contrariam
1104 518 1240 626 probet
1256 576 1271 622 ,
1286 544 1370 600 num
1401 531 1502 601 recte
1517 522 1656 626 pieque
1676 516 1724 600 ab
1740 542 1784 601 eo
1810 523 1939 627 possit

285 604 313 640 et
332 590 464 638 consessor

285 650 468 768 gppuggggg
481 635 648 738 absolvi,
679 634 880 748 respondes
909 632 1112 748 statuisque
1128 666 1256 750 posse,
1275 661 1472 751 propterea
1487 637 1597 751 quod
1626 660 1790 751 utraque
1807 635 1940 750 opinio

288 743 464 889 gg'ggogp
481 751 680 869 probabilis
694 751 766 857 sit,
790 781 904 868 seque
920 753 998 867 pari
1014 749 1215 839 doctorum
1232 784 1392 840 numero
1408 780 1572 840 tueatur.
1609 755 1735 849 Quod
1752 754 1780 839 si
1804 753 1857 839 ita
1873 780 1946 859 est,

456 860 464 876 ⁰
483 873 638 959 obsecro
653 896 717 975 te,
744 871 893 957 Praesul
909 869 1141 988 gravissime,
1164 872 1259 988 quid
1283 873 1350 959 tibi
1379 901 1418 961 et
1434 874 1507 959 istis
1527 872 1616 958 meis
1643 872 1887 988 Areopagitis
1902 872 1940 956 in

483 1015 648 1078 mentem
665 990 839 1094 venit,in
853 989 964 1074 causa
991 990 1105 1075 dubia
1120 996 1265 1108 Regem
1282 1017 1452 1080 vestrum
1479 1017 1719 1108 vestramque
1749 993 1940 1076 nationem

481 1110 619 1224 judicio
636 1134 762 1196 vestro
777 1109 1052 1214 condemnare,
1085 1106 1312 1225 infamiaque
1343 1135 1510 1217 notare,
1540 1136 1579 1198 et
1610 1141 1697 1195 curn
1718 1138 1864 1226 magno
1884 1135 1939 1195 to

482 1229 554 1314 tius
578 1229 678 1313 orbis
706 1227 884 1314 scandalo
916 1226 1052 1312 summi
1078 1229 1284 1316 Sacerdotis
1316 1228 1579 1345 Ecclesiaeque
1613 1220 1795 1342 judiciuin
1832 1253 1940 1343 atque

486 1348 679 1434 decretum
706 1371 785 1431 tarn
804 1347 881 1433 sine
905 1374 1016 1430 causa
1040 1344 1222 1458 rejicere,
1260 1371 1305 1432 ut
1331 1373 1574 1434 contemnere
1607 1345 1822 1433 videamini.
1858 1351 1944 1432 Hoc

485 1466 599 1584 igitur
616 1466 805 1570 dicerem,
836 1466 865 1550 si
886 1493 1027 1569 causa,
1054 1490 1098 1550 ut
1127 1466 1235 1550 vobis
1251 1465 1430 1572 videtur,
1464 1491 1560 1551 esset
1589 1465 1727 1550 dubia:
1762 1493 1870 1549 nunc
1885 1494 1943 1550 au·

484 1613 564 1670 tent
581 1585 670 1671 meis
694 1585 898 1670 rationibus
914 1582 1114 1698 expositis,
1147 1583 1175 1667 si
1193 1614 1322 1672 verum
1353 1584 1594 1701 quaerimus,
1634 1585 1724 1668 nihil
1742 1583 1860 1669 habet
1874 1614 1946 1669 am·

486 1702 683 1820 biguitatis.
715 1708 877 1789 Istorum
903 1703 1004 1787 enirn
1035 1701 1192 1816 opinio,
1224 1731 1295 1789 nec
1316 1732 1406 1791 vera
1422 1728 1476 1789 est
1492 1732 1563 1787 nec
1593 1703 1805 1817 probabilis.
1842 1708 1939 1786 Nam

486 1824 594 1938 quod
611 1853 797 1912 memoras
820 1823 869 1908 de
903 1821 1106 1906 doctorum
1133 1851 1198 1906 seu
1227 1821 1392 1930 iudicum
1424 1851 1587 1906 numero
1605 1882 1618 1927 ,
1640 1822 1729 1909 vide
1747 1851 1797 1906 ne
1814 1851 1942 1935 parum

484 1939 679 2059 diligenter
708 1942 893 2026 rationem
916 1935 1179 2056 suffragiorum
1206 1941 1351 2027 inieris:
1377 1971 1448 2056 pro
1473 1942 1543 2034 ista
1560 1940 1661 2025 enim
1684 1939 1871 2054 opinione
1898 1941 1945 2027 de

486 2061 725 2175 scriptoribus
742 2059 840 2145 solus
856 2059 1027 2144 Thomas
1039 2057 1242 2172 Cajetanus
1257 2056 1372 2165 lacit,
1405 2089 1475 2144 nec
1503 2059 1543 2143 id
1583 2085 1743 2172 aperte3
1774 2088 1822 2143 ex
1854 2083 1947 2143 cete·

486 2179 535 2263 tis
552 2203 678 2265 autem
697 2208 844 2283 nemo,
876 2177 942 2293 qui
970 2205 1076 2261 meae
1102 2179 1307 2264 sententiae
1325 2176 1574 2263 fundamenta
1598 2205 1645 2261 ex
1671 2206 1732 2261 me
1760 2176 1836 2264 vel.
1854 2177 1949 2260 meis

487 2297 626 2411 scriptis
646 2297 756 2413 plane
772 2294 1023 2414 cognoverit,
1054 2322 1197 2411 praeter
1223 2298 1433 2384 admodum
1468 2325 1609 2411 paucos
1632 2294 1838 2379 ambitione
1862 2322 1948 2379 cor-

487 2440 648 2531 ruptos,
674 2417 740 2530 qui
759 2418 954 2502 veritatem
972 2414 1127 2498 scienter
1142 2441 1180 2500 et
1202 2418 1437 2529 pertinaciter
1456 2438 1712 2530 oppugnant,
1741 2442 1789 2498 ne
1813 2412 1863 2495 ab
1885 2442 1945 2516 eo,

488 2537 597 2650 quod
613 2563 710 2621 voce
739 2561 805 2619 aut
823 2531 1137 2619 commentariolis
1157 2534 1223 2649 ipsi
1249 2535 1310 2621 vel
1327 2533 1485 2647 adjurati
1500 2533 1608 2617 amici
1624 2531 1944 2648 praedicaverant,

489 2682 576 2738 cum
593 2653 717 2768 aliqua
734 2651 1010 2739 existimationis
1028 2650 1171 2764 jactura
1187 2651 1374 2738 discedere
1403 2653 1615 2740 videantur.

548 2773 695 2856 XXIX.
754 2776 895 2856 Nostra
910 2798 1003 2856 vero
1021 2771 1202 2856 sententia
1219 2796 1394 2857 auctores
1406 2772 1521 2856 habet
1536 2799 1582 2856 ex
1597 2769 1835 2884 Philosophis
1850 2771 1946 2883 prin·

491 2887 611 3001 cipem
629 2890 794 3004 ipsorum
818 2887 1056 2975 Aristotelem
1081 2890 1162 2975 Pol.
1186 2916 1221 2974 1.
1240 2919 1272 2974 c.
1291 2922 1330 3000 3.
1360 2914 1399 2974 et
1421 2919 1456 3000 5.
1488 2919 1535 2974 ex
1559 2888 1644 3000 iuris
1670 2887 1852 2973 Pontifici
1881 2917 1947 3001 pe-

490 3006 565 3092 ritis
582 3008 777 3093 nobiscum
795 3004 933 3093 faciunt
949 3005 1203 3094 consultissimi
1218 3007 1360 3125 quique
1377 3006 1415 3091 in
1431 3039 1463 3094 c.
1475 3013 1573 3115 qnod
1583 3026 1698 3117 snper
1716 3009 1949 3110 hisdenne,

492 3152 539 3208 ex
563 3127 768 3244 Theologis
784 3150 878 3213 vero
893 3126 1153 3243 Augustinus,
1184 3126 1429 3232 Ambrosius,
1459 3127 1669 3243 Gregorius
1694 3151 1734 3210 et
1765 3124 1947 3229 Thomas,

491 3243 561 3329 viri
577 3246 769 3332 sanctitate
784 3271 823 3331 et
845 3245 1016 3332 doctrina
1032 3245 1143 3352 clari,
1166 3246 1232 3361 qui
1257 3275 1387 3330 omnes
1404 3245 1481 3332 vim
1515 3244 1742 3359 apertissime
1768 3245 1942 3358 probant,

491 3385 536 3446 ut
562 3363 600 3446 in
624 3364 856 3469 haereticos,
875 3364 923 3448 sic
948 3365 1061 3448 etiam
1087 3364 1125 3446 in
1150 3393 1346 3478 paganos,
1369 3388 1414 3448 ut
1442 3362 1725 3449 demonstravi.
1758 3367 1855 3446 Item
1884 3361 1948 3472 Jo.

491 3483 624 3566 Scotus
641 3545 653 3587 ,
670 3483 736 3598 qui
763 3513 803 3587 4.
818 3490 1109 3586 sententiosum,
1136 3482 1221 3566 dist.
1239 3513 1279 3587 4.
1298 3510 1338 3597 q.
1357 3481 1513 3584 ultima,
1539 3481 1721 3594 majorem
1737 3479 1854 3565 etiam
1869 3478 1948 3565 vim

490 3596 699 3685 infidelibus
714 3601 928 3715 horumque
944 3597 1021 3683 filiis
1042 3598 1292 3685 adhibendam
1310 3626 1463 3702 censet,
1480 3599 1659 3685 Nicolaus
1676 3605 1779 3712 Lyra
1793 3598 1949 3680 Numer.

497 3745 565 3826 31.
600 3723 711 3836 Mag.
732 3723 817 3805 Roa
834 3718 1018 3834 explicans
1044 3743 1113 3803 att.
1133 3718 1214 3804 Pol.
1250 3747 1284 3802 1.
1318 3719 1382 3831 Jo.
1413 3717 1597 3832 Maioris,
1625 3717 1691 3832 qui
1720 3748 1761 3822 4.
1794 3731 1948 3800 sentent.

492 3835 576 3920 dist.
596 3868 666 3942 44.
682 3865 764 3952 q.3.
788 3838 887 3922 hanc
904 3838 942 3920 in
957 3837 1137 3922 barbaros
1154 3836 1431 3951 expeditionem
1459 3836 1681 3922 nominatim
1698 3835 1864 3949 probath
1881 3833 1953 3918 Al·

490 3948 620 4039 sonsus
649 3959 801 4042 Castrus
819 3956 880 4040 lib.
901 3987 937 4039 2.
965 3960 1010 4038 de
1034 3959 1143 4065 justa
1169 3959 1439 4041 naereticorum
1465 3963 1687 4066 punitione,
1728 3953 1793 4069 qui
1811 3977 1849 4035 et
1871 3952 1953 4064 ipse

490 4100 611 4188 nuper
638 4076 893 4180 salmanticae,
911 4103 1057 4159 summa
1073 4071 1299 4188 quaestionis
1318 4101 1459 4188 ,quarn
1475 4075 1553 4189 ipse
1579 4068 1815 4158 confeceram
1834 4131 1848 4175 ,
1865 4068 1953 4154 dili-

490 4218 621 4306 genter
638 4255 650 4298 ,
675 4219 718 4279 ut
734 4194 833 4279 idem
857 4193 1111 4309 chirographo
1128 4253 1139 4297 ,
1169 4193 1279 4308 quod
1295 4221 1407 4306 penes
1425 4222 1485 4277 me
1502 4216 1558 4277 est
1575 4253 1587 4298 ‚
1613 4189 1840 4306 profitetur,
1872 4217 1951 4303 pet·

489 4309 585 4393 lecta
601 4337 638 4395 et
667 4313 929 4417 considerata,
956 4311 1118 4395 libellum
1151 4339 1352 4425 meamque
1382 4311 1605 4396 sententiam
1631 4311 1709 4395 sine
1739 4309 1819 4394 ulla
1845 4336 1951 4393 exce-

489 4427 620 4542 ptione
635 4431 834 4542 probavit.
867 4430 931 4517 Ad
947 4459 1133 4514 summam
1152 4422 1280 4513 meum
1298 4430 1459 4535 librum,
1485 4454 1693 4542 antequam
1721 4451 1899 4515 versutus
1916 4450 1951 4511 et

489 4545 656 4631 inimicus
673 4548 792 4632 homo
818 4548 957 4633 zizania
983 4546 1169 4666 figmentis
1196 4548 1493 4654 disseminasset,
1521 4577 1635 4632 nemo
1659 4545 1749 4662 legit
1776 4572 1816 4631 et
1847 4544 1950 4631 intel·

487 4663 598 4771 lexit,
615 4666 708 4782 quin
725 4695 955 4784 magnopere
977 4668 1155 4780 probaret
1173 4728 1185 4770 ,
1213 4665 1252 4751 in
1270 4666 1471 4782 primisque
1494 4691 1660 4781 quatuor
1676 4663 1883 4749 doctissimi
1911 4687 1949 4748 et

487 4785 689 4900 gravissimi
718 4785 785 4873 viri
810 4786 1027 4871 fernandus
1051 4791 1256 4887 Guevara,
1294 4810 1333 4870 et
1360 4785 1572 4872 Franciscus
1605 4782 1836 4873 Montalvus
1865 4780 1952 4900 regii

486 4904 691 4992 Consiliarii
703 4966 716 5016 ,
746 4904 906 4996 Alvarus
932 4907 1171 5026 Moscosus,
1189 4902 1352 4994 Didacus
1378 4904 1546 5010 Victoria
1577 4901 1790 4993 monachus
1806 4901 1947 5037 Domi-

1893 5050 1948 5111 ut·
