4034 5858
528 389 593 490 {80
793 397 831 468 D
847 399 877 468 E
893 398 1116 471 RATioNE
1144 396 1352 469 nicrum
1372 394 1635 471 τιιτιιιοιι.

313 504 492 621 ξέξςὲιῆἷῖ
502 514 786 625 deferuntur
775 551 814 606 in
830 551 928 639 quae
946 523 1109 660 judices
1101 523 1287 639 inquirere
1305 522 1460 611 solent:
1495 548 1533 611 et
1557 529 1637 641 jure
1654 525 1807 632 solent,
1839 555 1883 616 ut
1897 532 1953 618 ln

504 640 699 728 nocentius
715 641 843 729 tertius
860 644 997 757 scripsit
1010 643 1048 727 in
1078 643 1238 728 concilio
1265 643 1455 760 generali,
1469 669 1508 729 et
1524 670 1695 732 auctores
1713 647 1949 780 investigare:

505 783 544 845 et
560 759 741 876 quoniam
765 762 980 874 hujusmodi
1007 787 1062 848 ιιι
1091 760 1364 868 homicidium,
1390 762 1439 848 dc
1468 793 1550 879 quo
1568 790 1624 850 est
1651 764 1760 849 nobis
1786 794 1952 883 suscepta

506 878 738 996 disputarit),
760 881 896 967 idcirco
926 881 1051 996 judicis
1068 906 1124 968 est
1138 876 1335 965 officium
1326 910 1364 964 in
1379 880 1501 996 ipsum
1519 882 1749 998 diligenter
1738 885 1951 1024 inquirere,

507 1023 548 1083 et
562 1026 660 1118 quos
680 998 802 1085 visum
821 997 930 1085 fuerit
947 1000 1101 1086 adactos
1113 998 1350 1112 jurejurando
1369 999 1417 1085 de
1444 1001 1632 1087 homicida
1649 1002 1713 1086 illo
1730 1005 1950 1116 percontari.

566 1121 611 1203 ll.
671 1123 810 1235 Neque
835 1149 947 1205 vero
944 1117 1074 1205 solum
1106 1144 1209 1203 extra
1248 1118 1406 1203 dubium
1430 1120 1555 1206 bonus
1587 1146 1627 1205 ιι
1647 1118 1893 1236 religiosus
1867 1125 1952 1211 ciuis

506 1232 699 1351 praefecto
716 1238 935 1353 reipublicae
970 1235 1274 1351 obtemperabit:
1302 1237 1368 1322 sed
1398 1237 1541 1323 etiamsi
1569 1237 1799 1355 ambigat,
1789 1269 1896 1352 iure,
1905 1272 1952 1327 an

509 1385 614 1442 secus
635 1355 709 1442 ab
700 1357 910 1472 inquirente
926 1356 1070 1470 judice
1062 1379 1311 1472 interrogetur
1329 1413 1343 1459 ,
1360 1384 1488 1469 parere
1517 1356 1699 1462 debebit,
1715 1381 1783 1462 et,
1808 1358 1836 1442 si
1865 1361 1952 1475 quid

507 1473 627 1581 sciat,
639 1475 814 1561 indicare.
833 1481 934 1560 Nam
952 1477 1060 1561 rebus
1080 1474 1199 1561 dubiis
1217 1470 1270 1557 fas
1286 1498 1341 1559 est
1358 1474 1407 1560 de
1431 1474 1714 1592 magistratuum
1742 1476 1902 1564 consilio
1916 1504 1950 1565 et

507 1536 644 1706 judicio
667 1618 766 1680 tecte
788 1594 952 1700 sentire,
982 1619 1021 1680 et
1038 1595 1204 1729 ipsorum
1220 1592 1314 1704 jussa
1340 1589 1485 1698 facete,
1515 1593 1656 1709 quippe
1681 1624 1853 1730 quorum
1886 1629 1951 1684 vo·

506 1711 634 1798 luntas
648 1736 687 1799 et
706 1714 905 1800 auctoritas
930 1742 1001 1829 pio
1017 1713 1161 1798 ratione
1177 1712 1291 1796 debet
1315 1729 1391 1795 esse
1409 1710 1677 1818 dubitantibus,
1695 1738 1739 1798 ut
1759 1712 1838 1828 ipsa
1856 1719 1951 1802 ratio

345 1880 435 1931 1221„
470 1831 651 1969 4ιιοιιι,
678 1857 718 1918 ιι
742 1832 809 1918 viri
836 1831 1107 1968 prudentissimi
1130 1828 1336 1915 tradidere.
1361 1857 1443 1943 quo
1461 1828 1569 1945 plane
1584 1829 1802 1946 intelligitur
1823 1859 1950 1920 contra

315 1942 452 2060 mirsi.
445 1949 518 2004 ·¹⁹
488 1951 684 2066 justitiam
710 1979 788 2036 esse
806 1951 967 2066 praetori
996 1946 1163 2035 officium
1195 1977 1305 2034 suum
1331 1948 1381 2034 ad
1413 1949 1541 2053 hunc,
1544 1977 1687 2084 quem
1715 1949 1952 2057 dicebamus,

510 2071 671 2155 modum
688 2070 876 2176 obeunti,
906 2094 945 2155 et
968 2098 1067 2185 quae
1085 2067 1177 2181 justa
1203 2097 1279 2154 esse
1306 2063 1408 2152 ducit
1434 2066 1669 2182 praecipienti
1694 2095 1777 2153 non
1802 2098 1953 2183 parere:

510 2211 628 2304 arque
657 2216 705 2272 eo
722 2189 838 2306 magis
854 2188 963 2305 quod
988 2187 1067 2274 ralis
1084 2187 1272 2274 reticentia
1294 2211 1418 2302 posset
1446 2215 1522 2273 esse
1542 2186 1580 2273 in
1609 2217 1750 2292 causa,
1776 2214 1817 2273 ut
1835 2189 1952 2274 inno-

511 2335 602 2392 cens
617 2306 814 2422 quisquam
835 2331 988 2443 propter
1004 2307 1226 2422 suspiciones
1241 2337 1321 2392 non
1347 2307 1644 2393 contemnendas
1679 2251 1757 2391 illa's
1786 2307 1952 2422 quidem,

510 2427 578 2513 sed
590 2452 717 2513 tamen
734 2455 875 2531 vanas,
906 2425 945 2509 in
962 2425 1180 2530 discrimen,
1206 2452 1252 2512 ut
1277 2453 1384 2540 saepe
1404 2427 1566 2531 accidit,
1582 2454 1662 2512 nori
1680 2426 1802 2511 modo
1816 2422 1951 2532 famae,

512 2545 579 2630 sed
607 2545 719 2630 etiam
735 2545 833 2632 vitae
854 2544 1049 2630 tormentis
1066 2544 1456 2630 adhibitisvocatetur.
1487 2488 1589 2628 Ριιιι.
1608 2549 1680 2629 Ista
1710 2544 1870 2657 quidem
1896 2574 1952 2628 ta·

510 2663 616 2748 tione
637 2662 806 2748 nonnihil
822 2662 964 2749 moveri
980 2689 1177 2777 poteram:
1210 2663 1276 2748 sed
1293 2692 1354 2748 me
1382 2659 1582 2748 confirmat
1602 2661 1877 2778 theologorum
1892 2663 1948 2748 ille

464 2808 753 2891 ¹consensus,
785 2780 1037 2868 testimonium
1069 2777 1153 2866 seiri
1187 2781 1235 2867 de
1256 2779 1415 2866 occultis
1446 2780 1658 2866 criminibus
1696 2809 1781 2864 non
1814 2780 1946 2866 deberi

315 2949 383 2999 v,
369 2943 428 3014 ψ
432 2951 499 3001 0„
512 2903 608 2984 Tiir
624 2842 913 3018 Theologorum
928 2900 1123 2987 consensui
1139 2928 1348 3014 numquam
1364 2960 1376 3004 ,
1394 2899 1422 2984 si
1434 2928 1495 2985 me
1511 2901 1637 2986 audies
1654 2898 1943 3014 ,refragabetist

313 3023 385 3130 ⁸3³3,
393 3025 458 3131 arf*
451 3025 500 3063 ··2
493 3017 577 3104 ‘sed
594 3019 681 3106 vide
706 3047 755 3104 ne
779 3019 900 3105 nullus
928 3019 1197 3150 theologorum
1228 3019 1483 3133 exceptionem
1516 3018 1615 3103 illam
1641 3047 1722 3102 non
1753 3018 1950 3103 admittat:

512 3136 727 3224 dummodo
743 3137 954 3223 occulta
906 3137 1059 3222 crimina
1084 3134 1184 3222 lama
1210 3135 1351 3221 sinistra
1375 3166 1454 3221 non
1473 3135 1729 3250 praecesserit.
1747 3139 1852 3221 Piiii.
1874 3136 1949 3220 Scio

513 3256 622 3342 istam
637 3257 894 3370 exceptionem
920 3256 1101 3390 plerisque
1121 3253 1296 3341 omnibus
1312 3238 1538 3391 theologisp
1540 3253 1721 3340 iacuisse:
1746 3253 1813 3340 sed
1832 3279 1950 3339 auctor

510 3374 621 3487 ejus,
647 3376 695 3461 de
711 3401 791 3489 quo
807 3375 1031 3490 quaeritur,
1049 3371 1253 3478 homicidii,
1272 3372 1433 3457 nulla
1384 3402 1541 3460 criminis
1567 3373 1644 3488 ejus
1659 3369 1952 3492 antegressah·

512 3523 576 3578 ma
592 3518 800 3610 gravatur.
834 3494 946 3579 talem
964 3494 1064 3578 enim
1084 3522 1235 3579 causam
1252 3490 1511 3627 confingimus.

569 3616 633 3698 111
691 3616 861 3698 Turoni.
889 3617 957 3697 Est
976 3636 1018 3698 ut
1041 3612 1118 3700 ais:
1143 3636 1257 3727 atque
1274 3610 1361 3697 ideo
1379 3638 1523 3727 praeter
1549 3608 1716 3700 officium
1734 3612 1863 3724 judicis
1879 3639 1951 3719 est,

507 3727 550 3816 in
568 3760 657 3817 eum
679 3731 852 3848 privatim
867 3760 911 3815 ac
926 3730 1147 3817 nominatim
1165 3729 1375 3844 inquirere:
1407 3732 1473 3817 sed
1498 3732 1681 3847 quoniam
1713 3733 1952 3819 homicidium

508 3874 699 3966 patratum
715 3880 792 3937 esse
810 3873 971 3955 constat,
990 3850 1133 3964 populo
1150 3844 1290 3937 fortas
1265 3879 1309 3932 ιιι
1319 3848 1478 3985 ipsum,
1502 3875 1541 3936 et
1554 3877 1654 3936 cette
1670 3851 1835 3936 bonis
1798 3851 1954 3939 virisde·

460 4014 470 4036 x
507 3970 760 4076 testantibus,
787 3992 937 4084 praetor
953 3997 1033 4055 non
1048 3991 1172 4084 potest
1187 3966 1346 4052 auctoris
1374 3967 1696 4084 investigationem
1715 3969 1792 4055 sine
1816 3996 1953 4102 magna

508 4087 828 4222 culpanegligere.
845 4091 945 4171 Cum
963 4112 1089 4172 aurem
1111 4088 1158 4173 de
1173 4086 1325 4172 crimine
1350 4115 1430 4173 non
1449 4087 1667 4173 dubitatur:
1681 4118 1766 4225 quq
1795 4087 1953 4223 pertinet

508 4204 720 4320 inquirendi
749 4205 975 4313 solicitudo,
1003 4206 1068 4292 nisi
1083 4232 1126 4292 ut
1144 4233 1275 4292 auctor
1291 4205 1368 4319 ejus
1389 4206 1559 4322 occultus
1577 4205 1766 4321 patefiat
1757 4206 1950 4323 investiga·

509 4334 596 4408 tus?
624 4330 722 4409 Pnii.
736 4328 827 4410 Hoc
842 4355 934 4442 ergo
962 4326 1102 4410 crimen
1136 4321 1374 4411 manifestum
1401 4353 1478 4411 esse
1505 4324 1617 4432 dicis,
1640 4354 1722 4411 non
1749 4326 1950 4430 occultum,

506 4442 679 4580 quamvis
694 4468 825 4529 auctor
849 4444 1059 4579 ignoretur:
1094 4471 1138 4528 ac
1153 4444 1337 4579 proinde
1329 4474 1400 4579 ius
1401 4474 1477 4530 esse
1493 4502 1508 4549 ,
1525 4470 1570 4531 ut
1586 4469 1738 4560 praetor
1760 4472 1950 4535 auctorem

505 4562 693 4678 inquirat,
724 4585 762 4647 et
776 4562 973 4678 inquirenti
991 4589 1192 4677 pareatur:
1220 4593 1247 4647 ιι
1237 4562 1363 4646 hoc
1354 4561 1465 4679 igitur
1482 4593 1680 4668 asseveras,
1699 4564 1792 4649 nihil
1810 4594 1951 4683 pugno.

503 4687 599 4767 Tire.
619 4688 671 4768 At
700 4683 893 4799 pugnabas
909 4681 1036 4818 paulo
1042 4708 1156 4770 ante:
1187 4706 1225 4767 ιι
1241 4708 1279 4768 ιι
1295 4681 1404 4797 judici
1433 4684 1596 4802 negabas
1611 4681 1687 4769 ulla
1713 4684 1865 4772 ratione
1883 4684 1951 4771 ob·

500 4824 805 4918 temperaturum.
828 4802 930 4886 Piiir.
957 4797 1097 4889 Scilicet
1112 4799 1201 4920 quia
1226 4832 1306 4888 non
1331 4804 1703 4912 animadvertebam,
1733 4805 1878 4892 crimen
1906 4802 1950 4886 il·

497 4921 563 5010 lud
583 4947 747 5039 exparte
764 4920 998 5009 manifestum
1016 4950 1116 5031 esse,
1142 4951 1185 5015 ac
1201 4919 1414 5038 hujusmodi
1431 4987 1443 5036 ,
1471 4950 1515 5014 ut
1539 4954 1646 5014 more
1665 4953 1709 5013 ac
1725 4924 1810 5042 jure
1836 4924 1950 5048 possit

495 5040 533 5126 in
547 5042 666 5158 ipsum
683 5068 834 5160 praetor
857 5042 1052 5164 inquirere.
1871 5048 1950 5133 CA
