4006 5850
623 353 873 453 ἰιιιιιιι
920 375 979 450 ιι.
1055 417 1056 420 ¹
1144 406 1148 448 1
1430 368 1504 471 439

84 509 218 598 eadem
240 508 365 614 ratio,
384 533 466 592 non
481 508 527 593 sit
542 507 680 594 eodem
697 505 817 591 modo
834 501 1105 590 statuendum:
1137 500 1426 618 putandumque
1443 501 1530 587 nul·

87 628 165 714 lam
181 655 258 714 esse
286 626 447 712 omnino
464 626 586 742 legem
609 687 619 724 ,
649 623 791 740 quade
806 624 914 709 rebus
937 620 1081 707 homini
1109 620 1289 737 agendis,
1310 621 1532 736 quidquam

81 773 164 832 non
180 744 489 840 communissimo
506 772 572 828 seu
598 743 719 857 primo
757 741 936 856 principio
962 740 1187 844 sanciatur,
1214 738 1290 826 sive
1306 768 1351 824 ea
1375 765 1532 823 naturae

79 862 154 969 sit,
178 864 254 952 sive
285 863 370 975 juris
386 861 523 948 divini:
557 861 605 947 de
638 859 767 947 ceteris
792 860 894 944 enim
923 858 1043 964 nihil,
1077 881 1122 943 ut
1139 857 1254 944 video
1271 857 1534 964 ,dubitatur,
1639 950 1643 958 ,

81 980 176 1096 quin
198 983 310 1067 cadat
326 981 458 1094 aliquo
483 978 640 1064 modo
631 1007 670 1062 ιιι
687 977 823 1064 summi
852 975 1048 1091 pontilicis
1059 999 1297 1091 potestatem.

153 1101 221 1184 IX.
256 1098 355 1183 Sed
367 1124 541 1182 occurret
571 1096 754 1210 aliquis
718 1126 794 1182 vrm
813 1095 948 1181 scilicet
980 1123 1103 1180 rerum
1129 1094 1336 1210 ignorans,
1359 1092 1534 1181 ambitio·

96 1246 208 1302 saeve
225 1245 331 1300 more
358 1217 556 1301 hominum
573 1238 729 1299 naturae
746 1275 759 1320 ,
774 1218 937 1327 Deoque
951 1211 1199 1325 patrocinium
1217 1241 1350 1326 parans
1369 1210 1535 1297 *excla-
1576 1193 1666 1304 rotie.
1683 1253 1725 1318 ,ur

80 1357 203 1420 met:
229 1337 358 1428 Quam
378 1359 423 1418 tu
439 1332 570 1419 nobis
561 1361 780 1416 immensam
795 1355 835 1416 et
849 1330 1095 1415 incredibilem
1113 1328 1295 1443 pontilicis
1310 1350 1536 1444 potestatem
1546 1311 1670 1365 ’·Μ”

94 1459 248 1535 narras?
280 1457 338 1536 An
357 1477 411 1537 est
427 1452 548 1537 homo
565 1451 794 1584 quisquam,
819 1478 880 1532 cur
870 1448 1030 1552 liceat,
1062 1446 1234 1561 quod
1200 1478 1261 1533 vur
1280 1448 1391 1531 Deo
1382 1477 1535 1533 immor·

85 1567 151 1652 tali
176 1570 306 1653 datum
323 1593 407 1672 est,
436 1596 480 1654 ut
497 1593 652 1654 naturae
675 1568 752 1653 vim
771 1564 901 1651 afferat
914 1564 1021 1676 ,ejus
1038 1563 1178 1699 legibus
1194 1564 1445 1698 invertendis3
1474 1564 1536 1652 vel

85 1715 116 1768 st
104 1685 267 1789 liceat,
290 1682 409 1770 fas
360 1714 472 1771 eriam
497 1687 541 1772 sit
556 1684 729 1770 omnium
694 1683 913 1884 patentis
931 1683 1181 1799 sagacissimae
1198 1681 1297 1793 jussis
1319 1710 1362 1766 ac
1386 1711 1534 1797 praece·
1637 1704 1638 1707 ‘

86 1802 162 1918 ptis
180 1746 517 1888 obniurmurarae?
541 1807 623 1888 Aut
638 1801 722 1917 quis
791 1829 852 1885 ror
875 1826 960 1906 est,
987 1828 1087 1915 quac
1109 1824 1186 1885 tam
1204 1799 1317 1913 impia
1333 1799 1533 1907 temeritas,

85 1920 288 2005 mortalem
306 1920 500 2005 hominem
545 1920 620 2005 hoc
648 1918 709 2005 vel
732 1917 799 2003 sibi
829 1945 1003 2034 arrogare
1031 1979 1044 2024 ,
1070 1915 1130 2004 vel
1148 1916 1251 2002 alteri
1281 1917 1464 2021 tribuere,
1491 1941 1535 2002 ut

85 2036 269 2139 majorem
295 2037 421 2123 divina
445 2037 622 2151 sapientia
647 2037 685 2119 in
702 2034 860 2121 ferendis
879 2035 1022 2151 legibus
1051 2034 1365 2149 perspicacitatem
1395 1978 1535 2121 habete

85 2154 231 2270 possit?
262 2155 382 2249 Quasi
399 2184 494 2242 vero
509 2185 609 2260 nos,
632 2182 720 2239 cum
746 2152 854 2239 licere
872 2153 1011 2267 aliquid
1029 2150 1236 2266 pontifici
1226 2182 1264 2235 ιιι
1294 2151 1393 2267 leges
1419 2175 1537 2237 natu·

84 2271 180 2356 tales
208 2295 274 2357 aut
303 2272 447 2358 divinas
477 2273 671 2357 asserimus
702 2329 718 2376 ,
744 2270 884 2355 bellum
915 2270 1122 2355 indicamus
1147 2295 1333 2370 naturae,
1359 2293 1425 2354 aut
1446 2297 1536 2357 cum

84 2388 330 2504 gigantibus,
358 2414 401 2474 ut
426 2412 481 2473 est
509 2389 548 2472 in
572 2387 729 2489 fabulis,
760 2412 893 2473 contra
929 2416 1081 2501 superos
1113 2386 1379 2520 conspiremus.
1412 2388 1536 2482 Quod

87 2530 239 2591 tantum
257 2507 362 2591 abest
379 2536 401 2589 a
427 2505 558 2591 nostris
575 2504 774 2608 institutis,
801 2530 846 2589 ut
860 2506 912 2589 ita
930 2505 1085 2620 demum
1101 2504 1226 2619 leges
1217 2502 1468 2617 iustissimas,
1498 2529 1538 2592 et

84 2622 137 2708 ad
173 2623 330 2709 salutem
359 2623 559 2708 hominum
570 2621 843 2757 religionisque
879 2612 1107 2735 majestatem
1136 2566 1538 2709 accommodatissimas

84 2736 174 2825 fore
191 2740 466 2876 profiteamur,
495 2741 523 2825 si
548 2739 598 2824 eis
614 2739 675 2824 vel
700 2737 938 2844 condendis,
962 2740 1023 2825 vel
1052 2739 1300 2852 temperandis
1318 2799 1331 2844 ,
1351 2762 1395 2823 ut
1425 2740 1538 2826 ceteri

87 2857 298 2972 principes,
318 2860 367 2944 sic
384 2802 590 2995 potitifex
581 2881 764 2973 mtegram
782 2884 955 2941 naturam
984 2856 1088 2945 velut
1105 2858 1239 2943 ducem
1268 2855 1452 2973 optimam
1476 2889 1537 2945 sc-

58 3000 254 3088 quatur,
273 3001 311 3060 et
325 2977 538 3111 magistram
554 2975 825 3108 solertissimam
842 2974 1090 3110 ,divinasque
1105 2974 1229 3090 leges
1220 3000 1436 3062 intueatur:
1453 3004 1538 3063 cre-

91 3091 266 3178 dendum
283 3119 340 3179 est
357 3094 456 3178 enim
472 3092 711 3209 Augustino,
741 3091 807 3207 qui
824 3117 938 3207 negat
955 3092 994 3176 in
1009 3092 1205 3209 temporali
1220 3092 1303 3209 lege
1327 3093 1535 3211 quidquam
1549 3091 1612 3202 ,32
1615 3087 1728 3205 ξξξξῑ·

85 3236 170 3295 esse
186 3211 358 3321 justum,
394 3214 503 3348 quod
520 3240 598 3297 non
628 3241 674 3297 ex
702 3237 852 3296 aeterna
878 3209 1051 3294 homines
1067 3210 1133 3295 sibi
1166 3209 1428 3299 derivaverint.
1461 3215 1537 3301 Sed
1665 3256 1670 3265 ·

90 3329 306 3440 quoniam,
341 3354 386 3414 ut
402 3333 564 3446 primum
582 3329 753 3465 dignitati
774 3356 929 3413 naturae
945 3325 1236 3435 satisfaciamus,
1270 3329 1460 3416 interdum
1483 3328 1537 3416 ef·

90 3443 244 3553 licitur,
270 3473 315 3531 ur
330 3448 486 3563 quidam
502 3449 685 3561 corruptis
702 3447 867 3532 moribus
893 3447 1090 3562 pravisque
1116 3446 1353 3562 opinionibus
1373 3448 1536 3534 obruen-

90 3585 149 3648 tes
168 3590 326 3649 naturae
345 3565 502 3671 lumen,
536 3588 575 3650 et
601 3565 729 3679 quid
720 3594 797 3680 ipsa
812 3563 935 3669 ferat,
963 3593 1046 3651 non
1060 3588 1159 3651 tecta
1184 3567 1358 3670 ratione,
1391 3567 1457 3652 sed
1468 3597 1536 3655 sua

90 3676 247 3766 libidine
262 3682 457 3770 metientes
471 3681 697 3817 ,legibus
667 3712 744 3794 ejus
769 3682 1001 3789 abutantur,
1019 3711 1063 3767 ac
1079 3684 1150 3768 suis
1175 3682 1312 3768 deinde
1341 3682 1536 3773 sceleribus

89 3792 220 3884 salsam
243 3829 410 3886 summae
424 3799 629 3888 honestatis
648 3828 805 3915 spectem
814 3800 1094 3915 praetendant
1109 3797 1337 3915 pontificiae
1368 3826 1535 3914 potesta·

88 3915 135 4000 tis
155 3919 396 4034 r,egiaeque
412 3917 595 4004 facultatis
611 3943 695 4023 est,
713 3919 761 4003 ad
781 3918 980 4003 stultorum
1006 3918 1139 4032 judicia
1152 3946 1268 4031 prava
1295 3920 1531 4036 corrigenda,

59 4132 64 4142 .
91 4037 420 4167 coe'rcendamque
452 3980 711 4172 improborurir
728 4036 990 4141 malitiam,
965 4067 992 4121 sr
1019 4034 1112 4152 quid
1139 4035 1214 4120 tale
1242 4037 1444 4141 acciderit,
1469 4039 1533 4125 vel

92 4152 258 4239 accidere
274 4183 381 4269 posse
407 4155 563 4271 suspicio
586 4153 659 4260 sit,
685 4153 901 4265 huiusmodi
926 4179 1080 4239 naturae
1098 4146 1200 4268 leges
1223 4181 1304 4236 non
1332 4155 1530 4269 abrogare,

89 4291 158 4349 aut
174 4268 355 4357 invertere
373 4269 475 4384 (hoc
490 4273 590 4359 enim
604 4217 708 4358 fuiot
721 4296 815 4358 esset
827 4271 979 4406 experiri
997 4328 1010 4374 ,
1033 4268 1094 4356 vel
1109 4269 1227 4354 saltim
1244 4267 1321 4354 fieri
1337 4301 1444 4406 posse
1462 4302 1528 4384 pu·

89 4383 193 4498 tare)
208 4389 273 4472 sed
288 4388 463 4501 prudenti
477 4391 655 4505 quapiam
671 4389 982 4504 interpretatione
987 4386 1232 4502 temperando
1247 4387 1409 4503 aliquid
1399 4419 1437 4473 ιιι
1452 4417 1528 4496 eas,

90 4529 163 4629 pro
181 4533 247 4587 sua
265 4506 461 4618 prudentia
477 4509 623 4622 publice
640 4507 725 4592 vel
716 4536 755 4590 ιιι
771 4505 1011 4640 singulorum
1032 4506 1150 4591 causis
1172 4505 1422 4592 constituere:
1454 4507 1530 4594 hoc

88 4643 218 4705 tamen
245 4651 324 4706 non
350 4619 459 4710 suerit
482 4653 691 4743 repugnare
707 4648 891 4727 naturae,
920 4622 1011 4709 sed
1002 4652 1118 4737 ipsam
1144 4622 1309 4736 potiusa
1334 4652 1529 4710 caecarum

90 4738 273 4824 mentium
291 4739 470 4846 stultitia,
485 4767 552 4828 aut
579 4765 811 4830 versutarum
828 4685 1019 4826 calumniis
1035 4741 1233 4829 vindicare.
1260 4741 1367 4826 Nam
1395 4768 1439 4826 ut
1464 4739 1530 4829 liat

89 4857 201 4970 quod
214 4857 369 4949 dicimus
386 4920 400 4982 ,
416 4801 589 4982 eriemplo
604 4857 857 4948 manifestius:
881 4887 981 4978 quae
996 4859 1055 4948 lex
1081 4882 1297 4978 potestesse
1319 4860 1473 4976 magis
1457 4850 1546 4943 ιιι-ι’

966 4991 968 4995 ‘
1469 5000 1529 5064 tu·
