4140 5872
531 435 600 488 ιη
772 410 985 508 Jonuu.
1025 407 1257 482 GENESII
1296 406 1665 482 SEPULVEDAE

504 543 643 633 porum
667 511 785 629 spatia
811 513 910 599 cives
937 507 1050 595 iidem
1079 534 1182 593 nunc
1210 505 1448 622 magistratus
1479 530 1642 624 gerant,
1671 530 1711 594 et
1734 507 1863 597 ceteris
1892 509 1959 600 im·

505 659 669 749 petent,
696 660 800 718 nunc
827 629 983 718 vicissim
1013 650 1169 744 pareant
1198 623 1394 739 imperio,
1427 627 1552 713 donec
1586 654 1632 710 ea
1657 625 1874 716 vicissitudo
1904 631 1958 719 ad

339 789 494 852 Optimamm
506 782 612 868 pares
642 780 773 837 omnes
810 747 1034 864 perveniat:
1069 769 1274 861 praeterea·
1303 745 1511 832 multorum
1542 745 1743 831 hominum
1774 747 1956 835 virtutem

316 861 623 988 {ltill‘lllffiatque
649 869 888 985 prudentiam
925 866 1104 980 maiorem
1136 890 1214 949 esse
1244 859 1405 969 dicunt,
1431 893 1549 980 quam
1580 866 1718 969 unius,
1744 890 1783 951 et
1815 862 1954 955 facilius

316 985 341 1024 ¹¹
358 981 441 1032 Μ·
508 1019 629 1076 unum
654 989 707 1074 ira
738 987 800 1075 vel
826 985 1059 1101 cupiditate,
1084 1012 1202 1099 quam
1226 980 1349 1097 plures
1380 984 1594 1099 corrumpi.
1633 990 1767 1100 ltaque
1791 1012 1873 1070 non
1894 1017 1955 1072 so·

508 1109 589 1197 lum
618 1106 744 1220 justius
775 1134 881 1211 esse,
912 1102 1119 1189 sedetiam
1151 1100 1389 1188 commodius
1421 1102 1593 1208 civitati,
1620 1131 1830 1218 paucorum
1861 1105 1955 1219 opti-

508 1256 686 1331 morum,
719 1249 769 1310 ut
801 1223 841 1308 in
877 1247 977 1309 statu
1011 1221 1265 1336 optimatum,
1298 1246 1365 1306 aut
1400 1222 1610 1336 promiscue
1641 1220 1877 1328 multorum,
1909 1248 1953 1311 ut

509 1344 549 1431 in
577 1342 812 1448 timocratia‚
840 1371 958 1457 quarn
985 1340 1095 1425 unius
1117 1339 1276 1455 imperio
1295 1339 1484 1428 civitatem
1508 1338 1780 1425 administrari.
1816 1345 1861 1425 ln
1876 1370 1951 1456 qua

508 1462 692 1550 sententia
723 1460 863 1547 multos
892 1485 931 1547 et
957 1487 1116 1576 magnos
1148 1458 1248 1547 viros
1277 1455 1386 1544 fitisse
1420 1459 1564 1564 video,
1587 1482 1671 1544 tum
1700 1487 1751 1549 ex*
1771 1460 1953 1572 ¹Graecis,

507 1604 594 1667 tum
620 1580 731 1666 etiam
763 1608 810 1665 ex
840 1578 1010 1685 latinis,
1042 1607 1208 1694 quorum
1237 1577 1450 1665 auctoritati
1485 1578 1693 1664 concedere
1722 1577 1825 1666 haud
1849 1579 1954 1692 equi·

510 1697 601 1787 dem,
624 1699 867 1805 dubitarem,
891 1696 960 1784 nisi
984 1724 1045 1782 me
1072 1697 1292 1783 certissimae
1321 1696 1516 1803 rationes,
1539 1722 1578 1783 et
1604 1698 1683 1813 ipse
1713 1701 1953 1783 rersun'usus

509 1817 765 1904 doctrinarum
789 1819 961 1904 omnium
990 1814 1162 1932 magister
1195 1816 1487 1924 dehortaretur,
1512 1840 1552 1902 et
1572 1816 1612 1902 in
1639 1815 1855 1932 oppositam
1876 1842 1954 1900 sen·

509 1961 667 2022 tennam
697 1959 919 2024 revocaret.

329 2091 437 2163 uenum
451 2088 498 2139 rm·
584 2058 645 2139 111.
705 2054 763 2139 Sic
793 2055 893 2140 enim
915 2054 1113 2161 existimo,
1139 2051 1284 2172 regium
1312 2055 1509 2170 imperium
1537 2054 1667 2142 ceteris
1701 2052 1879 2140 omnibus
1901 2082 1952 2141 re

319 2162 732 2287 lillllmuilfbuspublicis
763 2171 878 2292 longe
902 2170 1188 2289 praeferendum
1218 2203 1322 2283 esse,
1354 2203 1435 2261 non
1461 2173 1584 2260 solum
1615 2173 1645 2259 si
1667 2170 1881 2258 renuentis
1909 2203 1954 2257 o·

514 2291 662 2377 mnibus
686 2291 825 2379 virtute
857 2321 902 2376 ac
926 2291 1034 2379 omni
1061 2291 1157 2378 civili
1185 2289 1362 2379 facultate
1384 2317 1546 2410 praestet
1569 2353 1582 2401 ,
1606 2291 1814 2379 sedetiam
1845 2289 1873 2376 si
1899 2288 1955 2376 alii

321 2503 446 2559 noum
460 2407 549 2555 ra‘in
577 2410 727 2498 civitate
753 2436 820 2498 aut
854 2437 968 2528 gente
993 2412 1094 2518 sint,
1122 2411 1297 2526 quicum
1329 2412 1409 2527 ipso
1438 2412 1577 2500 virtute
1610 2436 1650 2497 et
1672 2410 1827 2496 consilio
1850 2431 1955 2494 'con-

319 2562 440 2615 uonsu.
509 2525 596 2662 ferri
626 2529 806 2635 valeant,
841 2531 1055 2616 dummodo
1087 2532 1164 2644 ipse
1195 2531 1252 2619 vir
1283 2532 1425 2644 probus
1457 2532 1502 2616 sit
1535 2555 1574 2616 et
1603 2529 1759 2615 usitatae
1793 2527 1955 2644 pruden⁴

514 2671 586 2731 rrae
615 2708 628 2751 ‚
661 2647 820 2763 regium·
837 2649 1005 2733 animum
1035 2676 1193 2763 gerens,
1218 2677 1300 2734 non
1337 2650 1598 2763 tyrannicum:
1629 2677 1727 2764 quae
1774 2646 1955 2732 sententia

375 2836 383 2841 .
515 2764 641 2850 multis
658 2764 864 2851 rationibus
888 2765 1158 2852 confirmatur.
1184 2768 1376 2873 Primum,
1392 2767 1588 2901 quoniam·
1602 2767 1703 2900 regia
1728 2763 1956 2849 administra·

513 2881 570 2968 tio
602 2883 855 2999 antiquissima
880 2886 1053 2970 omnium
1084 2909 1168 2990 est,
1187 2911 1242 2971 ut
1272 2914 1352 2971 non
1380 2909 1460 2971 tam
1488 2884 1642 2972 consrlro
1668 2948 1681 2991 ,
1706 2913 1823 3000 quarn
1860 2883 1955 2969 duce

515 3026 651 3087 natura
683 2999 835 3087 inducta
866 3031 944 3090 esse
971 3003 1171 3090 videatur.
1203 3009 1308 3089 Nam
1344 3013 1383 3088 in
1413 3012 1561 3110 terris,
1588 3027 1633 3088 ut
1663 3002 1840 3088 Salutius
1876 3000 1955 3109 ait,

321 3117 401 3174 Μ’·
422 3135 445 3173 ⁰·
462 3132 487 3171 ²·
515 3144 639 3202 nomen
663 3127 815 3229 imperii
839 3124 883 3204 id
898 3130 1063 3230 primum
1086 3120 1202 3228 fuit.
1226 3127 1341 3209 Certe
1364 3124 1536 3238 Troianis
1561 3121 1792 3237 temporibus
1814 3119 1958 3205 nullam

515 3235 610 3323 dum
640 3237 786 3324 alterius
813 3239 958 3355 generis
982 3240 1249 3356 rempublicam
1279 3237 1388 3328 fuisse
1420 3241 1698 3347 constitutam,
1729 3237 1847 3326 fidem
1872 3234 1959 3324 facit

514 3383 666 3440 carmen
693 3358 941 3442 Homericum
957 3387 1066 3475 ,quo
1089 3359 1197 3444 multi
1220 3388 1326 3477 reges
1343 3359 1433 3447 illius
1463 3359 1675 3446 memoriae
1693 3386 1782 3444 curn
1807 3387 1959 3443 memo-

519 3484 648 3560 rentur
665 3536 677 3578 ,
695 3474 744 3561 de
767 3474 839 3559 alia
863 3477 1049 3590 republica
1079 3477 1221 3562 nullam
1249 3478 1480 3567 mentionem
1510 3478 1588 3564 fieri
1616 3477 1814 3566 uidemus:
1845 3476 1957 3591 quod

517 3591 620 3678 idem
648 3593 949 3681 animadvertere
965 3595 1049 3682 licet
1076 3595 1115 3680 in
1147 3596 1299 3683 historia
1320 3625 1449 3705 sacta,
1474 3623 1513 3683 et
1544 3596 1693 3682 illorum
1722 3623 1766 3680 ac
1798 3594 1959 3709 superio

518 3740 602 3796 rum
621 3737 837 3826 temporum
862 3715 1251 3800 commemoratione.
1284 3719 1461 3833 Regnum
1489 3715 1626 3851 igitur,
1643 3739 1758 3801 utest
1787 3714 1960 3828 imperio·

519 3856 604 3911 rum
628 3830 944 3937 vetustissimum,
963 3832 1013 3916 sic
1041 3832 1201 3916 maxime
1227 3834 1425 3938 naturale,
1448 3833 1589 3949 qurppe
1613 3861 1701 3918 curn
1729 3861 1809 3918 non
1837 3831 1961 3917 solum

519 3945 764 4033 domesticam
786 3947 1144 4035 administrationem
1169 3950 1403 4057 aemuletur,
1419 3951 1485 4037 sed
1501 3951 1612 4037 etiam
1628 3952 1678 4036 ab
1704 3949 1782 4066 ipsa
1804 3951 1962 4065 primam

521 4063 705 4181 originem
740 4066 889 4151 traxerit
902 4106 924 4151 .’
946 4070 1050 4152 Nam
1077 4093 1122 4154 ut
1152 4069 1224 4154 hac
1255 4071 1436 4156 memoria
1466 4070 1505 4155 in
1537 4066 1764 4186 quibusdam
1799 4065 1965 4187 regioni·

521 4181 624 4286 bus,
650 4183 698 4269 sic
718 4184 945 4303 olim'vulgo
974 4185 1179 4274 multitudo
1207 4188 1412 4275 domestica
1429 4250 1442 4295 ,
1459 4188 1524 4274 ubi
1548 4212 1748 4303 tantopere
1772 4211 1963 4294 creverat,

521 4324 566 4384 ut
590 4329 674 4385 eam
691 4302 829 4388 domus
850 4334 927 4390 una
955 4334 1089 4421 capere
1115 4336 1196 4392 non
1219 4307 1372 4422 posset,
1400 4308 1438 4392 in
1463 4307 1550 4392 alias
1565 4307 1703 4394 domos
1726 4305 1834 4392 velut
1850 4308 1889 4392 in
1904 4333 1967 4392 coi

519 4414 638 4502 lonias
656 4418 945 4528 deducebatur,
977 4453 1017 4511 et
1044 4426 1094 4511 sic
1120 4425 1224 4514 vicus
1254 4426 1434 4542 paulatim
1457 4425 1600 4533 fiebat,
1624 4424 1819 4541 imperium
1846 4425 1966 4514 totius

351 4559 506 4634 primaten-
520 4531 679 4622 familiae
705 4539 835 4623 adhuc
857 4544 1020 4631 maximo
1047 4568 1141 4631 natu
1167 4544 1373 4631 retinente:
1401 4545 1511 4662 quod
1539 4544 1738 4631 bononiae
1761 4543 1851 4630 e'tin
1876 4544 1999 4631 reli-

330 4633 401 4676 turae
414 4622 508 4680 Jusuo·
643 4655 651 4671 .

330 4683 462 4806 pipp&
481 4681 599 4771 inqua
620 4658 1036 4787 circumpadanaltalia
1060 4665 1173 4750 eriam
1197 4692 1301 4749 nunc
1324 4661 1481 4751 factitari
1505 4664 1713 4750 cemimus.
1787 4724 1791 4731 -

451 4773 459 4792 ⁸
582 4777 649 4860 IV.
671 4819 675 4823 ·
710 4781 772 4863 Eo
796 4777 953 4895 quidem
979 4805 1182 4899 ternpore,
1204 4812 1292 4868 cum
1319 4782 1395 4898 ipse
1417 4783 1615 4870 Bononiae
1640 4785 1678 4868 in
1706 4783 1969 4899 Hispanorum

518 4891 683 5014 collegio
705 4896 829 4985 studia
856 4897 1062 4990 litterarum
1089 4901 1307 4991 adolescens
1330 4903 1574 5015 aemulabar,
1598 4931 1695 4991 unus
1712 4928 1794 4992 erat
1809 4932 1856 4991 ex
1872 4902 1980 5021 agri·

1897 5050 1968 5108 CO·
