4140 5872
408 422 515 498 SEU
547 426 622 497 DE
650 420 1040 527 APPETENDA
1083 423 1327 510 GLORIA.
1500 445 1563 514 195

151 575 194 638 et
221 546 341 636 xluctus
353 547 576 653 incidisset,
594 556 695 663 q'uos
721 545 893 633 invexere
911 545 1040 630 Mauri
1057 605 1070 658 ,
1086 572 1174 630 curn
1189 543 1488 635 evocatillorum
1511 575 1585 631 sce-

148 666 224 755 lere
250 695 339 750 cum
360 664 512 753 infinitis
535 666 650 779 copiis
673 665 791 779 ipsam
813 663 1052 767 invaserunt,
1068 687 1108 747 et
1130 691 1249 776 paene
1273 687 1396 749 totam
1423 691 1583 779 occupa·

139 807 246 869 nunt.
272 783 347 868 Vix
367 784 475 870 enim-
499 784 619 869 nostri
635 842 657 887 ‚,
675 781 805 867 oeteris
836 780 971 866 amissis
985 839 1000 884 ,
1016 780 1209 865 Astruiam
1233 781 1466 866 retinuetrmt
1491 809 1585 870 cum

134 898 308 1014 proximis
322 901 512 987 montanis
527 900 617 987 locis
628 959 642 1004 ,
654 928 739 1015 quo
752 928 791 984 se
806 959 820 1003 ,
833 897 901 1014 qui
921 897 1110 1012 stragibus
1125 895 1420 1011 >superfuerant,
1436 927 1583 1014 recepe·

134 1043 199 1101 te.
223 1018 451 1129 Meministis
480 1017 601 1121 enim,
630 1040 674 1102 ut
707 1016 881 1131 opinor,
911 1043 1011 1129 quae
1029 1044 1068 1098 v*a
1095 1017 1229 1101 nostris
1263 1015 1500 1130 scriptoribus
1524 1018 1576 1104 dc

135 1132 367 1247 temporibus
392 1135 459 1219 illis
487 1133 688 1220 memoriae
717 1133 866 1246 prodita
894 1156 1002 1217 sunt.
1205 1139 1216 1170 ²
1427 1202 1433 1212 .

193 1253 235 1336 Χ
290 1251 371 1362 Jrr.
402 1256 468 1338 An
489 1278 559 1336 nos
582 1278 712 1335 earum
737 1249 996 1342 salonitatum*
1013 1248 1178 1335 oblivisci
1208 1259 1431 1364 possumus?
1462 1278 1573 1363 prae-

133 1366 373 1452 sertimcum
398 1367 527 1454 inillis
557 1366 690 1472 malis,
714 1390 863 1452 nostrae
889 1366 1044 1452 civitatis
1075 1365 1214 1476 jactum
1236 1366 1426 1483 singularis
1449 1363 1573 1476 tuerit,

133 1508 177 1568 er
202 1512 290 1598 prae
317 1486 444 1570 cernis
471 1488 632 1570 maxime
665 1483 922 1598 deplorandm
959 1482 1063 1594 cuitu
1090 1475 1140 1566 rie
1180 1513 1300 1568 unum
1333 1484 1490 1598 quidem
1516 1487 1578 1572 cia
1699 1518 1705 1532 ⁴

135 1629 226 1688 vem
239 1630 285 1686 ex
298 1600 358 1706 iis,
376 1603 442 1716 qui
455 1631 561 1686 arma
577 1599 671 1687 ferre
687 1626 840 1714 possent
853 1660 866 1706 ,
881 1601 1000 1733 stragi.
1012 1595 1227 1714 superfuisse
1241 1624 1407 1687 emutat.
1422 1604 1577 1699 Quarto·

134 1744 250 1832 quarn
269 1719 379 1833 pauci
394 1719 613 1806 admodum
639 1717 831 1831 illitriplici
858 1717 996 1831 praelro
1019 1711 1274 1830 superfuerant
1291 1746 1399 1833 ,quo
1422 1748 1493 1832 pro
1517 1719 1573 1806 le-·

133 1834 269 1950 gitimis
295 1834 400 1951 regni
424 1835 622 1921 heredibus
643 1830 836 1919 fortissime
847 1833 1489 1951 constantissimequedepugnarant
1502 1837 1570 1922 ad·
1639 1907 1641 1911 .

131 1979 262 2038 versus
278 1949 515 2065 tyrannidem
530 1949 699 2036 Roderici
715 2011 729 2057 ,
743 1951 847 2065 cujus
869 1949 986 2038 libido
1014 1953 1205 2038 eversione
1227 1952 1333 2068 regni
1349 1949 1420 2037 fuit
1440 1950 1569 2066 expia·

133 2090 176 2152 ta
188 2128 201 2173 ,
215 2095 303 2152 cum
327 2068 390 2153 ille
420 2069 605 2156 civitatem
632 2091 799 2153 nostram
822 2068 990 2184 turpibus
1013 2068 1304 2184 ejusconatibus
1327 2070 1576 2158 obsistentem

133 2209 222 2269 cum
253 2186 416 2271 maximo
443 2184 604 2271 exercitu
630 2186 826 2273 obsidione
853 2186 1040 2273 cinxisset.
1070 2188 1193 2274 Gons.
1220 2190 1338 2272 Recte
1356 2188 1574 2295 admones,

133 2301 289 2413 Jacobe.
312 2308 417 2387 Nam
439 2328 479 2390 et
500 2302 709 2390 domesticis
731 2304 908 2417 exemplis
921 2303 1143 2390 confirmare
1157 2333 1381 2418 possumus,
1397 2333 1566 2392 amorem

134 2417 274 2532 gloriae
303 2419 505 2505 maximum
536 2448 614 2506 esse
648 2419 932 2506 incitamentum
961 2421 1012 2506 ad
1040 2449 1105 2504 res-
1126 2423 1331 2534 praeclaras
1363 2423 1566 2536 gerendas.

134 2535 211 2620 Sed
231 2535 329 2649 prius
342 2535 435 2621 illud
455 2535 633 2622 belluna
651 2559 690 2621 te
710 2537 831 2622 modo
844 2560 1182 2622 commemoratum
1197 2538 1413 2624 omittamus
1427 2598 1441 2644 ,
1457 2541 1567 2653 quod

134 2652 254 2736 nostri
281 2653 437 2765 majores
460 2682 607 2740 summa
628 2682 716 2739 cum
746 2654 882 2741 virtute
904 2680 1059 2770 gessere.
1084 2654 1131 2740 ld
1150 2655 1251 2739 enim
1279 2654 1396 2770 magis
1421 2682 1492 2770 pro
1520 2654 1573 2742 fi·'

134 2766 187 2853 de
212 2792 253 2855 et
279 2768 446 2857 lbertate
473 2772 578 2889 regni
593 2832 607 2875 ,
621 2798 738 2886 quam
761 2799 832 2886 pro
856 2771 1001 2888 gloria,
1028 2799 1260 2888 quamquam
1283 2797 1328 2856 ea
1353 2771 1497 2859 virtutis
1510 2796 1569 2861 cst

133 2911 286 2992 comesu,
307 2912 518 3002 susceptum
543 2916 621 2974 esse
650 2888 768 2975 videri
791 2912 937 3003 potest:
962 2917 1099 3004 nempe
1115 2912 1220 2974 utre
1246 2887 1302 2974 ‘os
1326 2917 1462 3003 pueros
1476 2916 1565 2978 suae

133 2998 222 3087 fidei
242 3004 456 3091 commissos
485 3028 774 3111 conservarent,
792 3032 862 3090 nec
886 3029 1044 3119 paterno
1071 3033 1190 3122 regno
1212 2918 1373 3090 iiudari
1396 3032 1572 3121 parerem·

21 3214 24 3230 ι
133 3140 215 3203 trrr.
235 3123 480 3208 Cumautem
497 3147 611 3236 post,
630 3124 750 3209 victo
764 3116 981 3227 Roderico,
1003 3122 1187 3236 rebusque
1211 3121 1434 3236 desperatis,
1451 3127 1564 3212 Mau-

133 3232 190 3338 ri,
211 3236 317 3322 nullo
332 3240 560 3351 prohibente
578 3299 591 3344 ,
607 3240 736 3324 omnia
767 3237 921 3324 flamma
932 3235 1108 3355 ferroque
1138 3239 1327 3325 vastantes
1350 3240 1564 3328 mutuum

132 3351 354 3466 Hispaniam
369 3356 618 3461 invaderent,
638 3357 747 3471 pauci
771 3356 823 3440 illi
839 3356 1046 3471 superstites
1067 3383 1155 3441 cunr
1171 3356 1326 3470 patriam
1342 3356 1454 3442 tutari
1469 3418 1481 3463 ,
1494 3380 1564 3446 aut

132 3491 220 3552 cunr
246 3470 335 3586 ipsa.
353 3472 472 3560 vitam
503 3473 672 3559 amittere
698 3474 938 3559 statuissent:
966 3471 1059 3588 quid
1083 3500 1156 3558 eos
1184 3472 1276 3580 sibi,
1308 3472 1375 3560 nisi
1397 3475 1562 3608 'gloriam

130 3607 261 3671 tantae
278 3588 424 3676 virtutis
447 3591 655 3706 praemium
682 3591 915 3705 proposuisse
939 3599 1139 3703 putamus?
1169 3588 1272 3675 Nam
1288 3587 1470 3676 fortissumi
1495 3592 1566 3678 viri

132 3721 244 3816 turpe
273 3730 446 3818 putantes
473 3728 606 3822 captae
633 3707 774 3825 patriae
799 3732 983 3821 superesse
999 3732 1016 3812 ,·
1038 3706 1174 3823 quibus
1188 3706 1441 3793 honestissima
1464 3732 1569 3794 mor··
1608 3743 1609 3746 ¹

130 3822 292 3904 teu-curm
319 3821 399 3935 ipso
416 3822 587 3910 occidere
615 3822 769 3910 licuisset
784 3883 797 3929 ,
812 3823 1013 3910 femineum
1038 3846 1166 3910 sexum
1183 3848 1254 3929 ,et
1270 3823 1427 3909 meuntis
1450 3847 1572 3940 arque

132 3931 301 4024 cerm
325 3942 455 4026 aetatis
469 3943 576 4027 viros
591 3941 771 4028 Toletum
782 3943 919 4027 urbem
946 3967 1061 4026 manu
1077 3967 1116 4028 et
1136 3936 1268 4026 natura
1284 3940 1575 4035 munitissimam

115 4052 262 4141 >uiroc
277 4116 290 4161 ,
306 4079 351 4142 ut
378 4064 637 4174 superessent,
653 4060 720 4173 qui
736 4081 913 4174 paternae
928 4058 1074 4145 virturis
1091 4083 1276 4145 memores
1297 4058 1488 4175 gloriaque
1498 4088 1566 4148 ‘ert⁴

111 4167 231 4262 ,citati
253 4173 433 4260 mamm
452 4174 609 4289 pardum
640 4197 876 4292 regnumque
901 4175 1123 4289 reciperent.
1151 4182 1206 4260 lta
1221 4174 1291 4259 viri
1320 4177 1563 4303 magnanimi,

129 4311 220 4370 cum
245 4287 427 4404 impettnrr
456 4293 664 4378 multotum
696 4296 806 4409 pauci
838 4321 905 4407 per
942 4316 1069 4378 muros
1096 4287 1357 4403 dispersiferre
1385 4297 1465 4379 non
1494 4317 1563 4408 po-

129 4402 366 4511 tuissent,in
393 4408 577 4523 templum
599 4428 638 4495 se
661 4411 858 4526 quoddam
872 4410 1054 4524 recipiunt
1071 4438 1080 4492 :
1098 4408 1163 4494 ubi
1184 4408 1321 4496 coactis
1334 4411 1471 4500 viribus
1485 4436 1574 4500 tamx

131 4519 199 4606 diu
223 4523 397 4608 modion
413 4526 595 4629 ,sicunde
615 4523 768 4613 fortasse
799 4527 1098 4630 submitteretur,
1113 4551 1362 4641 exspectantes
1391 4530 1564 4636 restitere,

130 4639 256 4724 donec
281 4667 514 4729 commeatus
531 4644 695 4758 prorsus
714 4639 954 4731 defecerunt.
981 4649 1093 4755 Tunc
1108 4673 1201 4730 vero
1225 4633 1340 4731 nullas
1362 4648 1460 4759 pacis
1475 4638 1578 4734 cont

9 4750 14 4762 ’
129 4752 288 4842 ditiones
309 4758 394 4844 saris
408 4758 583 4847 honestas
598 4761 716 4876 patria
729 4759 945 4845 cedentibus
969 4760 1213 4848 existimantes
1230 4823 1241 4867 ,
1258 4786 1297 4847 et
1311 4763 1403 4868 sibi,
1425 4787 1467 4848 ut
1482 4765 1569 4880 opi·

127 4900 225 4978 nor,
240 4875 490 4964 immortalem
504 4906 551 4965 ex
565 4898 665 4965 certa
680 4899 802 4965 morte
817 4876 977 5078 gloripm
990 4878 1232 4995 pollicentes,
1248 4879 1444 4996 eruptione
1457 4876 1569 4986 faeta,

145 5034 152 5042 -
870 4997 903 5078 B
947 5020 972 5079 a
1504 5000 1574 5084 ho
