4034 5858
479 369 485 381 ’
540 381 737 459 ORATIO
762 379 832 452 AD
858 382 1036 456 CAROL.
1063 378 1116 489 V,
1454 402 1521 476 359

96 509 259 620 tunam,
286 508 352 599 sed
364 507 474 627 pium
488 508 528 597 in
561 533 600 595 te
625 534 783 624 remque
800 503 990 623 publicam
1005 502 1173 588 animum
1191 559 1205 609 ,
1222 526 1262 590 et
1282 527 1478 592 momenta
1493 535 1551 596 ra·

95 637 242 725 tionum
259 654 435 746 spectare.

105 809 107 813 <
154 759 199 839 Π.
258 752 392 835 Dicam
410 746 510 837 enim
527 745 576 834 de
593 772 731 863 genere
747 740 863 850 belli,
891 767 930 830 ct
945 741 994 827 de
1012 746 1221 827 Turcatum
1238 739 1447 859 nostrisque
1464 744 1550 832 viri-

98 873 223 960 bus‘et
239 867 474 953 facultatibus
492 898 502 952 :
520 890 636 982 atque
653 865 704 950 ita
722 862 868 967 dicam,
887 882 931 946 ur
944 885 1123 975 appareat
1139 920 1151 965 ,
1168 888 1292 975 neque
1308 885 1550 951 contemnen-

98 990 193 1077 dum
210 1017 287 1074 esse
304 987 453 1073 hostem
473 1046 485 1091 ,
501 984 561 1070 cui
593 982 660 1068 nisi
679 1003 834 1067 ‘mature
860 977 970 1065 fuerit
990 979 1208 1085 obviatum,
1238 1004 1366 1066 nostra
1381 983 1477 1067 salus
1514 1008 1553 1071 et

96 1107 244 1196 libertas
277 1135 468 1191 summum
503 1102 696 1190 discrimen
723 1111 839 1216 arque
858 1097 1062 1215 periculum
1078 1098 1123 1182 sit
1138 1096 1283 1183 aditura
1299 1159 1311 1206 ,
1328 1127 1453 1216 neque
1469 1130 1555 1188 rur-

96 1257 159 1313 sus
177 1251 256 1312 tam
278 1253 482 1340 magnum,
508 1249 551 1306 ut
568 1219 880 1336 pertimescendus
896 1217 942 1303 sit
958 1281 970 1324 ,
984 1242 1050 1303 aut
1067 1215 1185 1330 major
1201 1217 1396 1303 habendus
1411 1281 1423 1326 ,
1437 1250 1555 1333 quam

93 1371 139 1431 ur
158 1366 274 1460 queat
313 1341 384 1427 tuis
412 1339 522 1425 armis
545 1343 732 1455 superari.
763 1343 867 1421 Nam
887 1336 1058 1441 bellum,
1083 1333 1219 1421 Catule
1243 1339 1409 1443 Caesar,
1432 1339 1556 1427 multis

90 1491 202 1576 saepe
229 1461 279 1546 de
303 1458 422 1545 causis
439 1457 534 1544 solet
559 1489 581 1543 a
601 1456 818 1544 mortalibus
833 1453 915 1540 iniri
933 1485 945 1558 3
968 1455 1063 1568 juste
1079 1453 1234 1570 quidem
1262 1455 1311 1540 ad
1328 1483 1392 1540 res·
1400 1456 1555 1565 ablatas,

93 1608 180 1665 cum
200 1580 278 1693 iure
302 1600 499 1693 nequeunt
520 1638 532 1683 ,
558 1576 668 1661 armis
685 1574 932 1690 repetendas,
959 1572 1021 1659 vel
1037 1573 1086 1658 ad
1112 1572 1257 1682 injurias
1273 1574 1556 1688 propulsandas,

89 1722 128 1784 et
154 1697 231 1784 vim
260 1695 399 1782 illatam
418 1694 692 1809 repellendam.
723 1693 858 1806 lnjuria
875 1721 968 1781 vero
996 1690 1183 1805 quosdam
1213 1715 1256 1775 ur
1281 1691 1421 1777 bellum
1446 1691 1568 1780 infer·'

92 1841 207 1921 rent,
233 1814 390 1900 ambitio
421 1812 682 1929 regnandique
721 1812 903 1927 cupiditas
936 1810 1088 1926 coegit:
1129 1808 1218 1893 alios
1243 1809 1407 1898 habendi
1438 1809 1556 1901 libido

90 1933 296 2020 concitavit
318 1933 369 2017 ad
385 1961 516 2016 arma:
553 1930 734 2036 fuerunt,
756 1962 854 2046 quos
872 1928 1023 2015 avaritia
1052 1927 1213 2012 simulet
1238 1926 1395 2013 ambitio
1423 1930 1557 2016 sollici·

87 2053 243 2138 raverit.
281 2051 354 2136 Sed
379 2077 467 2134 cum
484 2047 626 2134 bellum
654 2078 770 2135 omne
799 2048 933 2159 injuste
962 2071 1173 2162 susceptum
1199 2045 1462 2131 detestandum
1487 2050 1555 2157 sit,

89 2197 207 2286 arque
228 2167 448 2254 mortalibus
480 2168 587 2253 omni
618 2195 720 2284 peste
746 2193 786 2253 er
813 2168 1001 2255 alluvione
1028 2165 1253 2268 nocentius,
1281 2191 1403 2251 cetera
1427 2189 1556 2254 tamen
1585 2264 1587 2267 ,

92 2288 206 2374 ludus
226 2288 385 2403 quidam
408 2311 446 2370 er
463 2285 648 2372 levissima
661 2285 778 2400 videri
795 2310 979 2402 possunt,
1002 2284 1036 2368 ¹si
1051 2284 1101 2369 ad
1117 2313 1235 2400 genus
1250 2282 1333 2367 belli
1348 2282 1456 2394 hujus
1474 2316 1557 2401 spe-

90 2430 238 2508 ctetur,
274 2435 356 2520 quo
373 2404 491 2488 nostri
510 2464 522 2508 ,
539 2403 613 2490 hoc
629 2428 683 2490 est
708 2403 906 2519 Christiani
923 2404 1121 2504 homines,
1137 2400 1558 2505 abarbaraTurcarum

88 2522 321 2609 immanitate
348 2518 592 2606 infestantur:
622 2551 702 2609 non
739 2523 838 2608 enim
866 2524 914 2610 de
969 2521 1060 2606 lotia
1076 2545 1264 2606 certamen
1285 2543 1339 2604 est
1367 2581 1379 2626 ,
1410 2519 1447 2602 in
1475 2553 1554 2638 qua

91 2642 192 2731 vinci
210 2642 256 2727 sit
270 2640 522 2745 indecorum,
549 2669 629 2725 non
649 2639 864 2755 deimperio
879 2555 1165 2728 articularibus
1182 2699 1193 2742 ,
1210 2637 1551 2754 quibusexspoliati

89 2758 209 2845 solam
227 2759 396 2874 inopiam
414 2821 426 2864 ,
459 2786 529 2842 nec
546 2788 629 2843 eam
646 2784 797 2873 turpem
813 2786 879 2845 aut
894 2759 1064 2844 servilem
1081 2759 1269 2841 incurrant
1284 2783 1296 2858 ;
1311 2756 1377 2842 sed
1394 2787 1464 2872 pro
1480 2758 1551 2875 pa·

89 2878 187 2984 tria,
220 2908 291 2992 pro
306 2877 453 2983 liberis,
484 2905 555 2990 pro
571 2878 640 2963 aris
659 2902 698 2963 et
713 2873 803 2962 focis
824 2941 836 2983 ,
853 2880 903 2965 ad
919 2904 1103 2963 summam
1132 2896 1207 2992 prov
1221 2872 1338 2959 salute
1353 2893 1391 2960 et
1406 2875 1553 2966 liberta-⁴

89 3019 153 3102 te,
180 3025 331 3111 proque
357 2995 436 3109 ipsa
454 2994 636 3111 religione
661 2997 911 3112 pugnandum
937 3019 1017 3082 est.

152 3118 213 3198 lll.
275 3113 505 3228 Resipiscant
533 3113 646 3232 igitur
672 3116 909 3228 aliquando,
941 3139 980 3201 et
1004 3143 1109 3199 suam
1126 3115 1341 3200 caecitatem
1368 3143 1412 3198 ac
1443 3117 1553 3203 mise·

89 3232 253 3318 randum
280 3229 448 3318 furorem
475 3234 786 3350 agnoscanr,qui
801 3293 812 3338 ,
829 3262 916 3318 cum
941 3232 1115 3348 Principis
1132 3232 1335 3348 cujuspiam
1353 3232 1553 3320 Christiani

90 3349 206 3464 paulo
235 3351 379 3439 saevius
406 3351 602 3464 imperium
638 3352 832 3467 patiuntur
858 3414 871 3457 ,
896 3351 1008 3437 sarius
1037 3379 1114 3436 esse
1141 3351 1333 3437 clamitant
1362 3413 1374 3454 ,
1407 3353 1551 3467 perpeti

91 3471 304 3554 Turcatum
323 3469 591 3556 dominarum.
623 3475 664 3555 0
684 3502 759 3557 vox
784 3499 982 3559 caecorum
1014 3469 1211 3556 hominum
1243 3470 1480 3585 turpissima,
1512 3493 1552 3556 et

91 3586 143 3669 ab
163 3587 269 3672 omni
288 3587 467 3705 religione
483 3612 600 3705 atque
628 3589 859 3706 ingenuitate
883 3589 1004 3674 aliena
1021 3649 1033 3692 ,
1049 3588 1077 3673 si
1101 3588 1256 3704 quidem
1272 3587 1443 3673 exanimi
1465 3616 1549 3672 sen·

93 3704 212 3789 tentia
229 3705 374 3819 prolata
402 3707 446 3793 sir
463 3767 476 3812 ,
492 3735 572 3793 non
592 3705 629 3793 vi
648 3706 846 3823 praesentis
861 3707 1000 3793 doloris
1016 3717 1200 3822 expressa!
1231 3711 1334 3815 Nam
1351 3734 1449 3822 quae
1463 3729 1547 3792 tan·

94 3844 134 3906 ra
154 3851 232 3908 esse
262 3848 386 3939 potest
405 3824 604 3911 Christiani
630 3825 804 3940 Principis
826 3825 864 3910 in
887 3825 1116 3911 Christianos
1131 3825 1419 3939 importunitas,
1448 3853 1549 3940 quae
1620 3874 1742 3928 cmm,

93 3967 177 4025 non
201 3942 247 4027 sit
262 3941 382 4059 longo
403 3942 599 4030 intervallo
619 3940 860 4059 praeferenda
880 3940 941 4032 vel
964 3945 1154 4031 mitissimo
1178 3950 1389 4030 Turcatum
1421 3944 1548 4029 domi·
1560 3933 1742 4045 llmffl¹¹⁰lffiff

93 4060 226 4144 narui?
256 4060 293 4145 Si
323 4061 406 4177 quis
434 4062 535 4148 enim
556 4062 789 4149 Christianus
803 4064 964 4180 populus
976 4065 1025 4148 ab
1047 4063 1176 4178 aliquo
1202 4062 1400 4148 Christiani
1426 4064 1547 4147 nomi·
1561 4057 1740 4165 ffiffilssiffi’

93 4174 180 4280 nis,
200 4178 266 4293 qui
290 4208 415 4296 septo
433 4180 595 4297 principe
617 4207 823 4297 tyrannum
838 4209 971 4300 gerat,
995 4182 1200 4299 quamlibet
1214 4209 1327 4268 avare
1342 4206 1457 4296 atque
1469 4208 1548 4266 cru·
1562 4176 1705 4283 ἷέὧῗξξῗξξ

93 4291 228 4379 delitet
251 4323 437 4403 vexetur,
463 4299 586 4415 aliqua
612 4325 742 4387 tamen
773 4301 916 4406 habet,
945 4302 1081 4415 quibus
1098 4300 1345 4413 praesentium
1363 4300 1549 4387 malorum
1562 4295 1740 4355 ΝΜ·

85 4409 211 4530 ‘levius
234 4412 405 4501 dolorem
432 4413 526 4503 ferre
544 4419 676 4534 possit.
707 4421 874 4505 Primum
891 4419 1001 4535 quod
1028 4418 1163 4504 retinet
1187 4447 1267 4503 non
1297 4420 1417 4503 modo
1440 4418 1549 4503 Chri·

86 4528 252 4616 stianam
272 4591 287 4636 ,
306 4533 370 4618 sed
386 4537 531 4624 civilem
548 4538 661 4622 etiarn
679 4538 885 4624 libertatem
906 4599 919 4643 ,
945 4566 1158 4651 oppressam
1173 4537 1272 4622 illam
1287 4539 1466 4652 quidem,
1483 4540 1548 4625 sed

88 4676 195 4763 quae
222 4646 328 4735 facile
345 4654 467 4743 valeat
481 4685 696 4775 emergere,
726 4681 765 4742 er
782 4652 1005 4772 plurifariam
1019 4656 1191 4742 excitari:
1222 4657 1338 4741 uritur
1355 4657 1454 4740 enim
1476 4657 1549 4740 suis

84 4765 241 4885 legibus
260 4801 399 4889 magna
416 4804 606 4890 exparte,
631 4805 678 4861 ex
702 4777 772 4861 suis
788 4776 903 4862 habet
926 4776 1187 4894 magistratus,
1213 4772 1376 4859 formam
1394 4775 1548 4860 demum

57 5005 60 5010 g
93 4884 235 4978 retinet.
252 4890 375 5009 regiae
391 4920 435 4995 ac
452 4893 655 4986 iberorum
671 4894 872 4987 homiuum
895 4895 1134 5013 reipublicae,
1167 4923 1402 5012 quamquam
1414 4891 1565 4978 Primi-1

1498 5009 1554 5130 pis
