4034 5858
524 384 589 455 3u
987 358 1457 442 DEMOCRATES

370 559 375 573 .
493 487 631 603 prtinus
652 483 819 570 damnari
836 544 848 588 ‚
865 481 930 567 sed
950 504 1236 595 praeposterus,
1253 478 1316 569 vel
1338 509 1362 564 a
1388 475 1544 569 ueritate
1561 478 1803 568 dissentiens.
1835 484 1941 581 Quid

362 682 366 692 .
493 629 551 691 est
571 605 670 689 enim
688 603 844 718 gloriam
861 600 1005 685 ratione
1021 623 1176 713 petere,
1193 597 1262 682 nisi
1277 598 1457 685 virtutem
1481 600 1641 685 maxime
1664 599 1817 689 colere?
1834 601 1941 717 quod

369 808 373 817 ,
495 724 604 808 bonis
636 721 810 806 omnibus
836 743 891 803 est
924 715 1186 832 propositum.
1218 721 1323 801 Nam
1350 717 1527 833 quivult
1557 718 1802 805 excellentem
1836 750 1942 807 suam

496 841 674 928 virtutem
702 837 895 954 cognitam
918 865 996 920 esse
1011 896 1024 938 ,
1041 858 1081 920 et
1104 836 1296 920 bonorum
1326 863 1373 919 ac
1400 836 1642 951 prudentium
1667 837 1870 924 hominum
1891 838 1942 952 ju·

495 958 594 1047 'dicio
617 956 768 1071 probati
784 1017 797 1060 ,
813 978 851 1039 et
876 956 930 1039 ob
951 983 1033 1039 earn
1049 953 1249 1058 honorari,
1266 953 1375 1067 quod
1400 978 1456 1040 cst
1481 978 1581 1040 recte
1609 954 1771 1071 gloriam
1802 981 1944 1071 appete·

496 1104 567 1182 re,
593 1103 672 1160 non
698 1075 726 1158 is
754 1075 930 1158 virtutem
959 1094 1198 1187 praepostere
1226 1070 1316 1156 colit
1343 1096 1498 1187 propter
1527 1071 1689 1188 gloriam
1716 1098 1788 1160 aut
1815 1075 1941 1162 hono·

497 1222 606 1302 rem,
630 1217 674 1278 ut
697 1188 791 1276 falso
818 1189 975 1304 quidam
1007 1189 1243 1295 cristianam,
1273 1188 1338 1273 sed
1367 1188 1527 1304 gloriam
1559 1212 1598 1274 et
1624 1191 1815 1276 honorem
1842 1217 1941 1281 amat

308 1348 389 1399 arare.
404 1347 449 1396 na.
464 1354 485 1392 ι.
497 1336 650 1426 propter
674 1309 881 1412 virtutem,
905 1306 1232 1423 quemadmodum
1253 1305 1469 1392 Aristoteles
1499 1306 1548 1392 de
1569 1303 1739 1394 felicitate
1766 1309 1942 1397 &mens

497 1430 758 1542 interpretatur
775 1490 788 1534 ,
803 1426 911 1540 quod
931 1450 987 1510 est
1006 1423 1054 1508 ad
1079 1426 1208 1510 Deum
1229 1423 1437 1538 appetitum
1466 1423 1607 1543 gloriae
1628 1422 1785 1514 referre.
1816 1433 1941 1518 Deum

498 1546 600 1632 enim
616 1545 731 1649 colit,
748 1546 815 1661 qui
836 1544 963 1631 virtuti
979 1543 1046 1628 dat
1067 1571 1248 1656 operam.
1279 1549 1411 1657 ltaque
1427 1547 1596 1629 Socrates
1612 1543 1711 1630 hanc
1734 1544 1838 1632 viam
1854 1578 1942 1662 pro-

498 1663 636 1750 ximam
661 1663 711 1748 ad
736 1663 894 1779 gloriam
917 1685 956 1746 et
981 1660 1086 1776 quasi
1110 1659 1427 1775 compendiariam
1451 1658 1599 1747 dicebat
1621 1691 1723 1748 esse:
1750 1664 1782 1748 si
1806 1666 1888 1781 quis
1902 1667 1941 1754 id

497 1806 653 1897 ageret,
686 1803 732 1864 ut
757 1780 876 1895 qualis
905 1779 1034 1864 haberi
1057 1778 1198 1883 vellet,
1223 1777 1304 1862 talis
1329 1802 1450 1863 esset:
1480 1778 1534 1863 sin
1567 1780 1682 1866 alium
1718 1781 1810 1866 dicis
1834 1813 1939 1898 appe-

495 1899 608 1984 titum
630 1898 768 2014 gloriae
789 1930 813 1984 a
837 1898 898 1983 via
912 1895 1058 1982 virmtis
1085 1895 1351 1981 abhorrentem
1367 1955 1380 2001 ‚
1396 1891 1501 1981 facile
1528 1897 1597 1982 tibi
1625 1899 1807 1984 assentior
1823 1961 1835 2004 ,
1853 1930 1940 1988 eum

497 2046 575 2103 esse
596 2015 810 2101 Christianis
837 2014 1051 2099 hominibus
1079 2013 1346 2107 interdictum:
1371 2017 1436 2100 sed
1461 2015 1528 2129 qui
1553 2014 1666 2100 talem
1692 2042 1802 2133 putat
1824 2048 1944 2135 gene·

499 2135 588 2220 rosis
614 2133 798 2247 bonisque
829 2131 1002 2218 militibus
1031 2132 1233 2220 convenite
1251 2192 1262 2237 ,
1281 2131 1527 2220 vehementer
1559 2133 1685 2240 errat,
1716 2135 1890 2220 mutuum
1917 2135 1947 2222 si

498 2250 593 2368 quid
618 2251 727 2336 nobis
750 2251 938 2364 superiore
962 2251 1213 2366 disputatione
1240 2252 1456 2335 conlectum
1475 2274 1529 2335 est
1546 2310 1559 2356 ‚
1577 2280 1622 2336 ac
1644 2252 1788 2337 bonum
1815 2279 1856 2339 et
1873 2283 1946 2370 ge·

500 2398 676 2456 nerosum
702 2367 854 2453 militem
877 2367 1079 2484 intelligere
1102 2392 1285 2482 oportet,
1304 2365 1440 2453 fortem
1457 2393 1496 2453 et
1520 2372 1822 2485 magnanimum.
1840 2377 1946 2457 Nam

499 2487 566 2602 qui
588 2485 794 2604 legitimum
821 2485 932 2571 etiam
958 2487 1176 2592 honorem,
1200 2509 1241 2570 et
1267 2486 1339 2570 suis
1364 2486 1561 2572 virtutibus
1587 2488 1753 2574 debitam
1787 2490 1946 2606 gloriam

502 2635 582 2690 non
599 2605 726 2720 magni
750 2599 862 2708 facit,
878 2604 987 2717 quod
1011 2603 1240 2719 magnanimi
1258 2603 1450 2717 proprium
1472 2633 1549 2690 esse
1569 2605 1788 2694 docuimus:
1811 2609 1946 2726 isquo·

501 2724 623 2814 modo
648 2745 772 2836 potest
795 2721 1005 2806 accersitam
1033 2746 1073 2805 et
1096 2723 1246 2821 inanem
1280 2720 1438 2836 gloriam
1469 2750 1516 2807 ex
1539 2723 1699 2810 aliorum
1727 2755 1854 2811 errore
1880 2755 1948 2840 per

502 2839 741 2926 mendacium
765 2861 831 2924 aut
854 2835 1074 2946 fictionem,
1094 2867 1151 2925 res
1177 2838 1307 2926 itidem
1335 2840 1633 2959 magnanimitati
1661 2843 1820 2931 inimicas
1851 2839 1949 2928 affe-

504 2967 635 3043 ctare?

503 3136 510 3140 -
563 3079 692 3162 XXX.
753 3081 869 3164 Nunc
887 3078 1001 3166 venio
1029 3080 1079 3165 ad
1105 3108 1356 3194 campartem
1382 3077 1579 3194 quaerelae
1610 3080 1800 3186 militaris,
1818 3081 1949 3195 inqua·

505 3221 544 3278 se
565 3193 765 3309 plurimum
787 3197 942 3310 quidam
959 3221 997 3282 et
1024 3196 1130 3281 nimis
1156 3197 1349 3283 ambitiose
1364 3198 1524 3308 jactant,
1540 3193 1691 3286 inferius
1714 3227 1794 3286 esse
1812 3199 1945 3286 dicam·

313 3397 327 3431 ι
328 3318 494 3431 dmm
505 3335 560 3397 tes
590 3311 761 3428 generosi
785 3314 904 3411 militis
934 3315 1141 3431 dignitate,
1165 3340 1333 3428 acceptas
1358 3314 1506 3428 iniurias
1537 3315 1727 3430 graviores
1761 3346 1852 3407 non,
1870 3342 1949 3430 pet·

314 3440 479 3552 {gegeben-
504 3430 722 3516 tinacissime
746 3432 913 3545 persequi
930 3493 941 3538 ‚
959 3456 1026 3517 aut
1057 3434 1106 3517 ab
1130 3433 1281 3517 inimicis
1309 3461 1451 3548 poenas
1479 3435 1744 3520 communibus
1777 3433 1950 3551 legibus,

506 3572 547 3634 et
567 3578 647 3636 non
668 3548 776 3633 armis
793 3549 918 3663 potius
943 3550 1116 3666 exigere,
1135 3547 1346 3665 praesertim
1362 3551 1561 3636 certamine
1578 3553 1783 3669 singulari,
1802 3577 1843 3637 et
1856 3553 1952 3637 hanc

505 3695 585 3753 esse
608 3667 807 3752 maximam
826 3695 1002 3772 causam,
1018 3696 1085 3763 cur
1107 3696 1189 3753 non
1212 3668 1297 3754 licet
1312 3671 1459 3754 bonum
1487 3669 1640 3754 mihtem
1665 3701 1743 3757 esse
1760 3731 1773 3776 ‚
1789 3695 1832 3757 et
1847 3698 1950 3755 eum·

509 3783 597 3870 dem
621 3786 767 3871 bonum
790 3783 1068 3891 Christianum,
1085 3810 1241 3900 propter
1265 3785 1448 3902 religionis
1474 3815 1715 3904 praeceptum
1744 3788 1792 3873 de
1818 3787 1953 3902 injuriis

319 3900 457 4003 M2,;1.‚³5'.
508 3903 798 4000 condonandis:
829 3903 1005 4018 scriptum
1030 3932 1086 3989 est
1101 3903 1243 3989 enirn:
1276 3905 1379 3986 illibi
1404 3908 1643 4016 vindictam,
1670 3924 1708 3992 et
1740 3933 1809 4018 ego
1831 3913 1955 3990 retri-

320 4011 430 4118 llll?
450 4005 647 4112 ilibeam:
677 4046 717 4106 et
749 4020 887 4106 Christi
910 4022 1026 4108 verba
1057 4021 1117 4111 illa
1146 4045 1233 4108 sunt
1263 4050 1310 4108 ex
1333 4022 1556 4139 evangelo:
1590 4026 1674 4135 Ego
1700 4029 1783 4109 dico
1811 4024 1956 4128 vobis,

321 4128 448 4238 fflnffl‘l‘
461 4125 660 4247 '’ffdiligire
681 4146 849 4224 inimicos
874 4155 1024 4224 vestros
1041 4197 1055 4243 ‚
1072 4139 1292 4244 benefacite
1308 4146 1387 4246 iis,
1405 4148 1470 4248 qui
1495 4145 1648 4226 oderunt
1663 4171 1753 4228 vos.
1778 4146 1868 4226 Nee
1890 4168 1953 4228 ve·

322 4281 399 4331 auca·
415 4291 453 4336 1³·
512 4284 559 4349 ro
587 4255 709 4341 solum
738 4257 859 4342 verbis
882 4257 957 4342 hoc
985 4282 1223 4372 praeceptum
1254 4257 1357 4344 dedit
1386 4258 1583 4363 Christus,
1600 4258 1665 4345 sed
1700 4259 1878 4374 exemplo
1902 4283 1952 4343 et·

512 4370 586 4456 iam
607 4372 870 4480 confirmavit,
900 4406 971 4489 pro
995 4376 1045 4461 eis
1060 4407 1114 4480 ,a
1142 4376 1278 4490 quibus
1300 4377 1413 4462 morti
1443 4377 1659 4464 tradebatur
1676 4440 1688 4483 ,
1705 4404 1858 4492 patrem
1888 4377 1953 4463 de·

315 4517 362 4567 -Aa
378 4517 446 4565 a...
464 4513 699 4604 uprecatus.
731 4497 784 4575 Et
808 4493 944 4577 Paulus
966 4524 975 4578 :
1003 4494 1220 4577 Benedicite
1236 4551 1250 4597 ‚
1265 4494 1387 4607 inquit
1403 4553 1418 4599 ‚
1429 4498 1738 4604 persequentibus
1772 4524 1874 4601 vos,
1898 4496 1955 4576 be·

511 4612 668 4692 redicite
684 4669 697 4713 ‚
716 4624 754 4692 ee
784 4614 893 4692 nolite
922 4616 1165 4697 maledicere:
1193 4612 1269 4695 hoc
1301 4612 1401 4696 enim
1432 4639 1573 4730 negant
1607 4643 1838 4730 generosum
1867 4610 1954 4697 mili-

510 4749 588 4813 tem
610 4727 766 4813 decere:
798 4755 926 4812 nonne
943 4787 956 4832 ‚
973 4725 1127 4816 Allonse
1140 4792 1154 4835 ‚
1168 4729 1261 4814 haec
1292 4760 1438 4815 summa
1467 4756 1523 4816 est
1544 4731 1698 4818 alterius
1713 4733 1843 4846 partis
1868 4728 1955 4814 mili·

511 4843 598 4932 tatis
628 4844 830 4963 querelae?
862 4849 952 4932 Aur.
984 4847 1173 4953 Maxime.
1218 4854 1318 4958 Dant.
1350 4854 1442 4937 Cur
1455 4876 1592 4940 autern
1621 4851 1756 4939 decere
1782 4873 1958 4968 negant,

1671 5018 1674 5023 ,
1889 4994 1970 5054 no·
