4020 5864
674 367 1108 448 ru‘nuxsuuna
1503 399 1566 473 ,73

149 544 168 607 ,ς
222 507 365 600 XLV(
404 507 479 596 Sed
496 506 544 595 de
573 502 886 591 monasteriorum
912 500 1033 587 modo
1060 498 1164 585 haud
1189 496 1364 615 equidem
1392 504 1506 593 credo
1533 508 1600 594 nl·

151 634 311 720 bertum
341 627 449 714 Pium
472 622 581 712 fuisse
606 648 732 708 tecum
758 647 990 738 magnopere
1013 619 1338 734 depugnaturum.
1384 626 1512 710 Nemo
1544 653 1615 715 est<

151 748 264 834 :enim-
289 771 369 832 tam
397 742 671 830 monachorum
698 738 914 843 studiosus,
940 736 1006 852 qui
1035 735 1124 824 velit
1148 765 1281 822 omnes
1314 736 1377 824 vel
1402 740 1601 858 plerosque

147 866 264 953 -cives
272 892 350 948 esse
372 861 608 971 monachos,
632 882 704 945 aut
732 882 794 943 tot
820 885 897 960 esse
921 854 964 962 in
986 855 1079 940 urbe
1107 855 1365 963 monasteria,
1389 882 1433 944 ut
1461 862 1601 949 civium

158 982 335 1068 domibus
353 1008 511 1065 numero
535 1003 649 1092 atque
668 973 802 1090 opibus
824 976 1095 1088 adaequentur.
1126 972 1200 1058 Sed
1227 1002 1315 1061 curn
1347 1003 1370 1059 a
1394 1002 1432 1062 te
1459 980 1603 1067 videret

147 1097 367 1185 monachos
388 1097 461 1210 iam
476 1095 669 1205 histriones
690 1121 735 1177 ac
751 1092 966 1208 hypocritas
985 1105 1007 1194 ,'
1019 1090 1093 1202 iam
1111 1091 1214 1176 velut
1229 1089 1366 1198 fucos,
1389 1119 1472 1180 tum
1495 1101 1602 1213 quasi

149 1245 296 1332 porcos
320 1217 469 1332 saginae
485 1213 633 1299 deditos
648 1210 823 1325 appellari
837 1272 849 1317 ,
864 1208 1054 1295 interdum
1079 1208 1191 1294 etiam
1203 1214 1466 1316 pediculosos,
1496 1215 1603 1313 velut

148 1333 408 1449 'exprobrante
432 1331 515 1446 ipsis
549 1354 847 1445 paupertatema
873 1326 1026 1412 Christo
1052 1324 1091 1408 in
1121 1325 1243 1442 primis
1266 1331 1601 1439 commendatam3

146 1450 317 1538 adhaec
333 1450 602 1536 monacharum
618 1442 791 1531 affirmari
820 1474 899 1531 non
928 1472 1006 1530 esse
1034 1443 1241 1557 pietatem,
1265 1447 1330 1533 sed
1353 1450 1454 1535 vitae
1468 1480 1600 1566 genus,

147 1591 197 1654 et
214 1569 312 1656 hanc
336 1569 453 1658 vitam
479 1568 591 1653 etiam
618 1564 657 1649 in
688 1562 886 1650 arctissime
913 1562 1126 1653 viventibus
1154 1562 1303 1675 plenam
1330 1592 1407 1652 esse
1439 1567 1603 1679 Judaicis

150 1686 504 1801 superstitionibus,
533 1709 573 1771 et
589 1682 696 1768 nullis
723 1710 801 1767 non
828 1679 924 1787 viriis
951 1679 1132 1765 laicorum
1158 1679 1406 1794 implicatam,
1432 1685 1520 1771 item
1544 1691 1602 1784 ,ad

149 1804 429 1891 monachatum
444 1832 526 1889 non
540 1802 645 1888 aliter
668 1800 922 1886 adolescentes
938 1826 1062 1882 rerum
1090 1797 1280 1911 imperitos
1296 1799 1387 1884 allici
1408 1803 1602 1917 improbis·

157 1921 254 2008 simis
270 1920 515 2009 hortamentis
531 1981 545 2025 ,
560 1948 677 2035 quam
694 1919 808 2032 pisces
823 1917 874 2004 ad
891 1911 1121 2000 mortiferam
1139 1945 1281 2001 nassam
1298 1945 1311 2018 ·,
1336 1918 1387 2004 ad
1401 1950 1601 2032 summam,

142 2065 243 2125 -cum
259 2040 596 2142 animadverteret,
614 2061 654 2123 te
680 2036 812 2149 passim
842 2033 882 2117 in
921 2032 1130 2117 monachos
1156 2033 1282 2117 invehi
1296 2035 1399 2122 velut
1421 2040 1600 2152 perditos,

143 2157 361 2243 dissolutos
377 2184 539 2263 ,avaros
571 2178 611 2240 et
636 2153 897 2264 impudentes,
928 2174 995 2235 aut
1020 2173 1120 2235 certe
1148 2150 1402 2260 simulatores,
1429 2181 1468 2240 et
1493 2161 1601 2273 quasi

144 2274 384 2378 Pharisaeos,
394 2274 457 2359 vel
471 2271 638 2387 proxime
654 2268 874 2354 accedentes
890 2265 941 2351 ad
954 2265 1185 2380 Judaeorum
1202 2270 1493 2380 superstitiones:
1512 2276 1602 2362 nihil

48 2482 50 2485 ,
143 2389 295 2474 minam
312 2415 398 2495 est,
429 2389 456 2475 si
473 2413 512 2475 te
527 2448 541 2492 ,
556 2414 644 2472 curn
671 2383 983 2472 monasteriorum
999 2383 1159 2469 modum
1177 2385 1386 2501 praecipere
1410 2391 1600 2500 audiebat,

145 2504 296 2622 aliquid
312 2530 503 2621 praeterea
518 2504 698 2622 gravius,
717 2527 757 2589 et
771 2500 1018 2590 monachatus
1037 2501 1280 2588 abolitionem
1298 2505 1569 2618 suspicabatur.

143 2670 168 2681 ··
215 2627 353 2711 XLVI.
411 2623 526 2710 Seda
549 2621 826 2707 monachorum
849 2645 960 2704 causa
984 2619 1063 2732 ipsa
1090 2649 1160 2704 nos
1185 2649 1241 2705 res
1264 2622 1471 2709 admonere
1495 2628 1600 2715 vide·

140 2764 248 2849 tur,
276 2767 320 2829 ut
343 2742 394 2828 ad
422 2739 683 2857 quaestionem
710 2738 759 2825 de
781 2736 885 2828 cultu
901 2736 1078 2824 divorum
1109 2761 1351 2824 transeamus.
1381 2746 1464 2827 Nec
1494 2746 1596 2833 enim

140 2860 294 2946 -desunt
318 2858 489 2945 homines
504 2886 586 2944 non
611 2856 811 2960 inurbani,
836 2854 903 2970 qui
932 2854 1004 2940 tuis
1031 2861 1222 2963 colloquiis
1251 2856 1444 2972 perlectis,
1475 2882 1513 2947 te
1538 2892 1601 2949 ca·

142 2974 332 3064 villentur
362 2977 405 3058 in
433 2976 484 3061 eis
513 2975 744 3088 potissimum
772 2972 979 3058 Lucianum
1011 2972 1227 3088 magistrum
1257 3003 1336 3061 non
1362 2977 1484 3063 solum
1516 2983 1602 3068 scri·
1733 3044 1735 3047 ψ

140 3091 299 3199 ·-bendi,
326 3092 392 3179 sed
406 3093 619 3210 argumenti
647 3091 760 3176 etiarn
781 3119 918 3207 genere
936 3089 1068 3174 imitari
1084 3091 1256 3177 voluisse.
1285 3094 1469 3182 Lucianus
1484 3099 1599 3208 enim,

140 3210 266 3323 -quod
281 3234 325 3294 tu
348 3208 506 3296 maxime
522 3209 651 3314 nosti,
675 3209 796 3294 homo
813 3233 948 3293 natura
970 3203 1245 3316 festivissimus,
1275 3211 1339 3297 sed
1369 3212 1599 3330 philosophis

140 3354 391 3443 magnopere
415 3323 610 3432 infensus,
639 3349 679 3412 et
702 3355 726 3410 a
754 3322 859 3411 cultu
883 3325 1041 3412 deorum
1073 3383 1087 3430 ,
1111 3355 1209 3442 quos
1242 3328 1363 3414 nullos
1387 3360 1464 3417 esse
1488 3359 1598 3446 puta-

142 3443 223 3530 rbat
249 3508 262 3552 ,
288 3447 316 3532 si
340 3447 423 3561 quis
446 3473 658 3560 umquam,
684 3443 826 3527 alienus
849 3500 865 3548 ,
888 3442 1124 3558 dialogorum
1154 3444 1386 3532 severitatem
1416 3508 1430 3554 ,
1461 3452 1597 3563 quibus

54 3610 59 3624 ι
140 3586 246 3648 :ante
270 3562 400 3679 ,ipsum
423 3590 480 3648 res
503 3562 698 3649 dumtaxat
728 3561 777 3647 ad
815 3585 987 3646 naturam
1029 3585 1095 3647 aut
1123 3591 1246 3648 mores
1275 3564 1498 3679 pertinentes
1522 3596 1597 3661 tra·

160 3680 391 3784 ctabantur,
415 3678 468 3764 ita
483 3679 648 3784 remisit,
670 3674 715 3763 ur
729 3707 794 3764 eos
809 3677 974 3794 co‘e‘gcrit
998 3677 1134 3765 lusibus
1149 3705 1188 3766 et
1210 3679 1298 3793 jocis
1311 3685 1597 3776 comoediarum

156 3793 360 3904 inservire,
383 3822 422 3882 et
439 3797 631 3915 dialogum
661 3823 748 3880 curn
776 3796 974 3882 comoedia
1000 3798 1138 3910 primur
1164 3801 1363 3906 omnium,
1387 3805 1495 3916 quod
1518 3804 1596 3920 ipse

155 3913 339 4031 gloriatur
353 3976 365 4020 ,
378 3916 594 4030 copulavit.
625 3916 721 4008 Quo
738 3942 876 4030 genere
891 3914 1072 4003 scribendi
1096 3916 1134 3999 in
1157 3916 1282 4002 nullos
1311 3920 1428 4035 magis
1452 3949 1518 4034 per
1549 3924 1620 4009 ri··

155 4057 295 4117 sumet
327 4033 452 4143 jocaun
478 4033 698 4136 invehitur,
725 4062 842 4142 quam
865 4032 903 4117 in
930 4032 1022 4117 deos
1050 4057 1088 4117 et
1121 4032 1377 4149 philosophos.
1408 4042 1467 4122 Te
1482 4039 1595 4154 igitur

156 4149 274 4235 videri
290 4152 448 4255 dicunt,
474 4180 615 4259 certare
634 4149 795 4238 voluisse
810 4177 899 4235 cum
928 4149 1123 4256 Luciano,
1151 4151 1273 4236 neille
1288 4148 1449 4239 festivius
1478 4162 1596 4243 Grae-

156 4291 200 4350 ce
224 4267 316 4353 deos
331 4294 369 4353 et
384 4268 660 4384 philosophos,
687 4298 805 4385 quam
822 4292 866 4353 tu
889 4266 1051 4372 Latine,
1076 4266 1212 4353 eodem
1237 4270 1416 4357 scribendi
1433 4301 1592 4388 genere,

138 4381 573 4494 divos'etmonachos,
595 4416 683 4491 res,
710 4413 808 4502 quae
823 4384 940 4471 videri
956 4410 1112 4498 possunt
1125 4414 1204 4469 non
1222 4388 1368 4500 penitus
1395 4389 1591 4499 absimiles,

140 4502 343 4617 {exagitare
360 4502 611 4591 existimetur:
638 4532 754 4617 aqua
769 4504 972 4617 suspicione
988 4501 1091 4588 haud
1121 4501 1234 4618 longe
1252 4505 1430 4592 ⁴videlicet
1457 4510 1591 4596 abhor-

143 4644 243 4702 rens
266 4619 382 4722 Pius,
407 4648 487 4704 non
514 4646 656 4709 temere
687 4620 872 4704 rationem
906 4621 1119 4732 reposcit,
1156 4648 1223 4704 cur
1250 4623 1316 4738 qui
1346 4624 1450 4738 pium
1479 4650 1517 4711 te
1550 4654 1591 4716 et

139 4773 148 4792 ··
158 4734 317 4820 maxime
350 4737 602 4825 Christianum
634 4765 711 4822 esse
732 4734 945 4851 profiteris,
967 4766 1012 4821 ea
1046 4767 1132 4824 cum
1150 4738 1237 4825 alias
1272 4802 1284 4845 ,
1323 4764 1405 4824 tum
1433 4743 1591 4835 maxime

140 4850 196 4942 in
210 4859 397 4964 colloquiis
412 4853 569 4968 scribas,
583 4885 683 4978 quae
697 4853 841 4944 culum
857 4854 1032 4946 divorum
1055 4858 1263 4975 beataeque
1279 4857 1441 4981 Virginis
1456 4891 1588 4977 super-

1519 5010 1590 5065 va·-
