4050 5858
505 406 577 480 ut
820 334 823 337 ’
967 379 1442 456 Democrates

481 506 716 612 mandatur,
732 504 904 593 extremis
928 503 978 590 de
1005 502 1167 591 medio
1158 504 1398 591 innominato
1416 565 1429 611 ,
1444 507 1550 620 quasi
1573 506 1624 595 de
1650 507 1809 626 regione
1834 535 1941 596 non·

483 631 577 715 dum
594 649 778 740 occupata
794 625 1101 711 decernentibus:
1122 652 1223 740 quae
1239 652 1332 711 vero
1358 624 1474 712 virtus
1499 655 1725 762 magnorum
1742 626 1940 716 honorum

288 753 328 826 ΒΞ·
345 745 472 818 ’ΝΜ
485 746 703 864 cupiditates
728 741 945 830 moderatur
962 743 1222 860 ,magnitudo
1249 743 1363 830 animi
1390 766 1431 827 et
1461 745 1746 879 magnanimitas
1771 747 1938 864 appella·

291 815 391 887 illitam,
398 825 424 861 et
434 808 469 857 Vl

291 888 333 925 ⁸¹¹⁵
369 847 472 932 ⁰ie⁰³¹
485 892 574 953 tur:
579 863 854 979 magnanimus
870 863 970 947 enim
993 862 1207 979 intelligitur
1224 921 1237 967 ,
1253 862 1319 978 qui
1334 885 1378 948 ut
1392 886 1477 965 est,
1493 862 1543 947 sic
1561 864 1708 980 magnis
1734 887 1852 980 atque
1869 867 1934 952 ad·

293 937 348 996 tls,
362 946 389 982 et
401 943 472 981 vete·

292 970 397 1107 tibisq
398 1004 473 1102 auf,
486 1015 534 1072 eo
560 983 726 1069 maximis
746 981 856 1068 rebus
885 981 949 1066 sibi
957 978 1106 1117 dignus
1131 1008 1209 1066 esse
1234 981 1405 1068 videtur.
1434 982 1530 1075 Quo
1553 979 1596 1065 fit
1616 1006 1686 1088 ,ut
1713 984 1933 1099 magnitudi-

293 1121 424 1230 32¹3sser
435 1113 472 1162 ‘¹¹
485 1102 705 1240 nequidem
730 1125 915 1185 extremus
931 1099 985 1185 sit
977 1099 1302 1234 magnanimus,
1318 1099 1464 1187 ratione
1486 1128 1578 1186 vero
1606 1099 1781 1185 medius.
1800 1132 1935 1188 none·

294 1242 415 1303 sentium
487 1223 564 1307 nim
583 1222 693 1354 plus,
708 1248 778 1304 nec
793 1247 918 1303 rursus
937 1217 1060 1303 minus
1076 1218 1246 1353 appetit,
1262 1248 1379 1333 quam
1397 1247 1466 1332 pro
1489 1217 1599 1332 ipsius
1615 1218 1823 1352 dignitate,
1839 1250 1933 1336 quae

486 1347 574 1425 cum
599 1337 760 1424 maxima
780 1337 853 1439 sit,
871 1337 981 1422 rebus
1006 1337 1170 1422 maximis
1194 1361 1250 1421 est
1270 1337 1522 1424 muneranda.
1548 1338 1703 1432 Quom
1730 1368 1871 1454 genere
1897 1340 1933 1424 in

487 1457 612 1574 primis
639 1479 694 1540 est
718 1455 844 1540 honor
861 1516 873 1560 ,
888 1482 1003 1570 quern
1027 1457 1222 1542 bonorum
1247 1480 1486 1540 externorum
1509 1454 1713 1539 maximum
1726 1485 1805 1542 esse
1821 1457 1937 1542 decla·

488 1600 548 1661 rat
574 1574 828 1690 religiosorum
857 1600 902 1657 ac
932 1574 1174 1688 prudentium
1200 1572 1399 1658 hominurn
1431 1572 1674 1660 vetustissima
1698 1576 1938 1662 consuetudo

465 1734 467 1759 ι
488 1697 617 1779 Deum
633 1692 883 1779 immortalem
898 1690 1135 1798 honorandi,
1152 1715 1190 1776 et
1205 1690 1275 1775 hac
1290 1690 1541 1826 potissimum·
1543 1691 1687 1776 ratione
1703 1692 1871 1798 colendi,
1888 1720 1938 1780 at·

488 1839 565 1927 que
581 1810 729 1898 honore
746 1809 934 1926 praeclara
958 1806 1123 1896 facinora
1139 1809 1361 1895 munerandi
1379 1871 1391 1914 ,
1410 1808 1561 1894 summis
1576 1809 1660 1896 viris
1675 1809 1715 1894 id
1729 1811 1935 1924 praemium

489 1928 662 2015 omnium
684 1930 843 2014 maxime
864 1927 1124 2042 cupientibus.
1154 1927 1257 2011 Hinc
1273 1928 1374 2011 enirn
1399 1952 1606 2013 statuarum
1629 1958 1718 2014 usus
1734 1930 1938 2036 emanavit,

465 2139 469 2147 ,
489 2075 586 2162 quas
610 2048 718 2162 primr
707 2045 958 2133 mortalium
973 2047 1218 2132 Athenienses
1236 2044 1451 2131 Harmodio
1476 2071 1516 2131 et
1536 2045 1784 2162 Aristogitoni
1814 2076 1939 2161 tyran·

490 2165 617 2251 nicidis
641 2163 788 2281 publice
818 2166 982 2279 posuisse
1003 2165 1235 2251 creduntur:
1261 2163 1349 2248 hinc
1373 2191 1603 2248 coronatum
1635 2165 1747 2249 multa
1779 2194 1938 2301 genera,

455 2294 464 2298 ’
490 2281 628 2369 civicae
641 2283 840 2389 ,navales,
858 2282 1017 2369 murales
1034 2282 1245 2390 ,vallares,
1261 2307 1299 2367 et
1314 2280 1560 2370 obsidionales
1575 2308 1836 2398 nuncupatae,
1851 2284 1939 2398 qui·

492 2399 562 2486 bus
579 2401 741 2487 Romani
758 2402 1066 2509 donabantur,
1041 2432 1069 2486 st
1088 2401 1170 2515 quis
1185 2400 1306 2485 civem
1321 2426 1528 2504 servasset,
1542 2430 1695 2486 murum
1711 2403 1851 2516 primus
1871 2427 1939 2488 aut

491 2520 632 2605 vallum
659 2519 960 2626 conscendisset,
987 2465 1222 2605 obsidionem
1246 2547 1270 2600 a
1298 2517 1369 2603 suis
1399 2460 1623 2634 depulisset:
1655 2518 1744 2605 hinc
1775 2518 1938 2635 denique

490 2636 702 2752 triumphus
722 2662 832 2722 natus
848 2662 904 2723 est
921 2699 933 2743 ,
950 2667 1017 2753 qur
1006 2636 1213 2723 Romanis
1232 2636 1372 2722 eisdem
1393 2636 1705 2722 immortalitatis
1696 2663 1809 2724 mstat
1837 2664 1936 2723 erat:

490 2781 540 2838 ne
556 2754 937 2870 Carthaginensium,
953 2778 1184 2868 tuorumque
1198 2753 1455 2869 Hispanorum
1470 2815 1482 2859 ,
1497 2751 1683 2860 Allonse,
1699 2784 1845 2843 moron
1869 2784 1937 2840 ve·

342 2889 413 2937 ⁸³·
489 2872 730 2957 tustissimum
752 2868 936 2958 referam·
927 2931 939 2976 ,
957 2900 1123 2988 quotum
1142 2871 1191 2954 illi
1208 2896 1280 2977 ,ut
1300 2896 1456 2956 testatur
1480 2871 1726 2977 Aristoteles,
1742 2897 1800 2958 tot
1822 2896 1936 2958 annu

489 2987 613 3074 lorum
637 3013 814 3075 ornatum
841 2990 978 3105 cuique
999 2990 1292 3106 permittebant,
1315 3000 1415 3104 quot
1438 2989 1734 3105 expeditionibus
1759 2990 1889 3075 miles
1881 3021 1939 3074 tn·

489 3103 696 3211 terfuisset3
721 3108 878 3242 Hispani
894 3137 987 3194 vero
1013 3132 1073 3194 tot
1095 3107 1320 3193 obeliscos
1291 3136 1388 3192 ctrca
1412 3107 1705 3220 sepulturam
1655 3137 1829 3242 engere,
1841 3133 1938 3223 quot

488 3224 648 3359 quisque
665 3224 826 3310 hostes
817 3255 856 3308 m
874 3225 978 3310 bello
1006 3224 1222 3311 sustulisset.
1248 3225 1384 3310 Cum
1376 3226 1487 3340 igitur
1514 3225 1682 3310 honor
1672 3255 1710 3308 ιιι
1738 3227 1850 3310 rebus
1876 3256 1936 3310 ex·

487 3343 600 3427 ternis
624 3342 728 3429 haud
746 3342 858 3428 dubie
873 3343 1120 3458 principatum
1143 3366 1299 3448 teneat,
1314 3340 1500 3449 efficitur,
1516 3369 1560 3429 ut
1590 3343 1856 3478 magnanimus
1870 3343 1937 3429 ho·

484 3487 605 3567 n,ore
621 3460 845 3596 etquidem
857 3491 1006 3595 magno
1020 3521 1033 3567 ,
1046 3462 1090 3548 sit
1119 3460 1283 3577 dignus,
1300 3486 1338 3547 et
1367 3489 1415 3545 ιο
1438 3490 1516 3546 ιιιι
1543 3460 1701 3577 dignum
1726 3462 1936 3568 existimet,

489 3604 611 3695 utque
636 3579 676 3663 in
701 3581 776 3665 hoc
801 3577 868 3664 sibi
896 3580 1083 3665 sumendo
1108 3580 1268 3664 maxime
1294 3604 1492 3664 cernatur

547 3700 695 3782 XXVl.
756 3696 910 3793 Quam
932 3726 970 3783 re
987 3695 1203 3812 dupliciter,
1219 3723 1264 3782 ut
1279 3693 1355 3783 fere
1380 3696 1539 3800 assolet,
1557 3719 1760 3811 peccatur:
1777 3697 1936 3832 quidam

490 3814 591 3899 enim
610 3874 623 3920 ,
641 3845 728 3900 cum
757 3815 966 3901 honoribus
979 3815 1132 3932 digni
1107 3840 1179 3901 srnt
1195 3814 1289 3930 ,ipsi
1316 3838 1445 3901 tamen
1472 3814 1540 3900 sibi
1564 3813 1656 3901 tales
1684 3842 1762 3902 esse
1788 3845 1872 3904 non
1887 3816 1935 3903 vi·

488 3929 644 4037 dentur,
662 3957 700 4018 et
716 3932 866 4018 oblatos
883 3962 963 4019 non
980 3933 1208 4039 admittunt,
1222 3958 1418 4048 tamquam
1435 3961 1501 4018 sua
1517 3932 1699 4068 dignitate
1719 3935 1939 4048 superiores,

487 4049 710 4185 pusillanimi
735 4051 968 4187 nuncupati:
985 4052 1094 4165 quod
1110 4079 1253 4137 nomen
1268 4050 1353 4136 licet
1377 4077 1504 4166 pateat
1518 4050 1648 4157 latius,
1663 4051 1713 4138 ad
1730 4079 1940 4168 omnesque

488 4168 698 4298 pertineat,
714 4169 802 4305 qui„
795 4199 834 4255 se
858 4169 1009 4254 minoris
1022 4165 1160 4255 faciant
1175 4197 1320 4283 ,quam
1343 4170 1415 4256 sint
1434 4230 1446 4276 ,
1463 4170 1540 4263 sive
1562 4198 1683 4284 parva
1709 4194 1938 4275 mereantur,

488 4281 565 4369 sive
594 4317 760 4404 magna:
780 4287 820 4372 iis
851 4313 980 4374 tamen
1007 4288 1160 4424 proprie
1181 4288 1355 4374 tribuitur
1371 4351 1384 4394 ,
1400 4288 1468 4403 qui
1492 4317 1670 4404 magnam
1692 4318 1802 4373 suam
1819 4287 1939 4405 digni·

487 4423 604 4485 tatem
628 4433 708 4489 non
732 4431 968 4538 agnoscunt:
986 4434 1068 4521 quo
1097 4405 1190 4492 vitio
1219 4436 1300 4521 spes
1325 4404 1535 4542 infringitur
1565 4434 1638 4492 ιιι
1646 4407 1856 4520 praeclaras
1890 4401 1939 4492 es·

485 4515 659 4625 ficiendi,
677 4546 716 4606 et
739 4520 918 4609 industria
940 4523 1170 4658 languescit.
1201 4526 1273 4610 nli
1296 4550 1384 4611 sunt
1410 4525 1449 4609 in
1464 4525 1653 4611 contrario
1671 4523 1765 4610 vitio
1780 4586 1793 4630 ,
1809 4553 1939 4658 seque,

485 4638 630 4755 magnis
656 4638 863 4726 honoribus
886 4672 974 4728 cum
999 4647 1070 4728 sint
1094 4642 1261 4758 indigni,
1280 4644 1415 4778 dignos
1441 4667 1569 4728 tamen
1596 4642 1823 4729 arbitrantur
1845 4641 1947 4757 ,qui

485 4758 634 4843 Graece
649 4758 881 4875 quidem
824 4794 967 4880 χαυιοι,
983 4761 1115 4846 Latine
1132 4790 1246 4865 vero,
1266 4762 1331 4846 nist
1321 4757 1480 4863 fallor,
1497 4777 1746 4869 arrogantes,
1767 4786 1808 4848 ιι
1822 4760 1937 4847 iidem

480 4878 637 5029 superbi
662 4905 962 4995 nrutcupantut,
992 4907 1072 4968 non
1100 4879 1262 4968 multum
1290 4911 1315 4966 a
1342 4880 1481 4971 stolidis
1515 4879 1787 4968 abhorrentes.
1837 4884 1941 4964 Nam

1817 4996 1934 5115 igno-
