4020 5864
609 374 673 450 ιιι
709 372 1053 451 euasurum.
1452 402 1517 477 577

147 520 209 601 LI.
266 513 341 599 Sed
360 538 405 599 tu
431 505 586 613 rursus,
604 532 648 593 ut
673 503 868 620 epistolam
897 535 1077 612 excuses,
1105 498 1183 594 ad⁶
1171 520 1344 620 potorum
1359 501 1539 603 latebram

88 632 254 737 recurris,
271 630 402 718 velut
394 629 464 742 poci
480 653 519 714 et
536 628 636 713 lusus
660 625 805 713 nulla⁶
779 651 824 712 ιιι
840 625 1033 712 reddenda
1049 626 1157 713 ratio.
1188 629 1310 723 Quod
1327 627 1537 747 perfugium

83 779 198 864 quam
222 779 357 864 patum
384 749 524 834 habeat
556 744 760 862 praesidii⁶
749 774 790 829 tn
823 745 931 829 sacris
962 745 1170 861 divinisque
1196 747 1340 853 rebus,
1371 750 1535 856 abunde,

82 891 125 953 ut
151 869 340 971 arbitror,
370 868 463 955 dum
482 867 532 955 de
548 869 701 952 Mariae
716 864 829 950 stulte
859 864 964 951 dictis
979 891 1184 982 ageretur,
1195 808 1434 954 edocuimus.
1461 871 1536 957 Sed

79 1011 168 1071 cum
196 1012 241 1072 tu
273 989 424 1071 Mariae
451 985 579 1093 dicta,
607 983 743 1121 quibus
776 981 926 1097 piorum
950 1014 1057 1070 aures
1070 980 1346 1090 offenduntur,
1372 1014 1532 1092 excuses,

79 1103 190 1218 quod
212 1133 394 1220 personae
426 1047 639 1191 stultitiae
630 1133 668 1188 tn
684 1131 729 1189 ea
762 1101 922 1187 maxime
949 1100 1100 1189 fuerit⁶
1090 1104 1336 1189 rnservitum:
1367 1133 1533 1219 quomo·

79 1222 135 1307 do
154 1223 279 1312 vel⁶
229 1223 409 1328 cnmina,
438 1222 539 1311 vel⁶
531 1222 686 1353 ineptias
713 1220 964 1307 excusabis
932 1251 1010 1333 epus
1042 1220 1248 1336 epistolae,
1280 1252 1396 1336 quam
1431 1222 1531 1309 idem

79 1340 208 1426 tribuis
233 1340 379 1459 Virgini
397 1341 537 1445 matri,
569 1340 673 1452 cujus
700 1367 883 1454 personae
901 1339 1017 1424 nihilo
1045 1339 1161 1426 secius
1187 1366 1266 1425 erat
1280 1339 1532 1430 serviendunu’

77 1463 145 1544 An
176 1489 264 1547 cum
291 1461 435 1546 decoro
458 1458 625 1546 laudabit
656 1457 794 1545 Christi
826 1484 945 1544 mater
981 1457 1297 1543 haereticorum
1288 1458 1531 1570 impietatem,

80 1605 181 1692 quae
207 1579 306 1665 tollit
336 1579 515 1667 divorum
530 1577 703 1685 cultum,
738 1576 846 1662 sacris
863 1575 1109 1682 doctoribus,
1139 1600 1182 1663 ut
1199 1575 1312 1663 docet
1327 1577 1412 1661 Pius
1434 1575 1530 1689 (ne-

80 1725 158 1810 que
190 1697 291 1784 enim
321 1697 382 1782 hic
404 1722 533 1784 actum
566 1726 677 1813 agere
705 1695 886 1810 oportet)
916 1637 1223 1781 reclamaritibus?
1256 1694 1530 1781 eumdecoro

81 1814 275 1902 damnabit
301 1815 516 1902 mortalium
534 1840 653 1921 vota,
672 1815 783 1900 etiam
806 1842 905 1929 quae
920 1813 1089 1899 Christus
1114 1812 1315 1929 probaret?
1347 1816 1448 1897 Cum
1467 1815 1532 1899 de·

79 1933 430 2020 cotoambitiosam
446 1934 636 2022 levitatem
646 1962 738 2068 prae
756 1961 795 2017 sc
821 1929 946 2016 feret.
938 1936 1017 2017 ’Er
1033 1954 1315 2066 conqueretur,
1346 1930 1455 2064 quod
1470 1962 1529 2016 so-

80 2048 143 2134 lita
150 2052 327 2184 ”gemmis
358 2076 397 2138 et
413 2082 507 2139 auro
527 2051 687 2157 vestiri,
721 2048 931 2135 mutatoriis
947 2048 1176 2164 ,aureisque
1192 2072 1231 2135 et
1259 2048 1442 2163 argenteis
1459 2050 1529 2135 do·

81 2166 189 2253 nariis
213 2169 474 2276 abundare,⁶
464 2201 539 2281 tam
564 2169 627 2258 vix
656 2193 806 2284 tegatur
834 2110 1029 2253 dimidiato
1051 2166 1164 2284 pallio
1199 2225 1214 2271 ‚
1246 2193 1373 2281 eoque
1401 2195 1530 2252 amu·

84 2286 184 2380 ribus
210 2298 391 2373 corroso?
426 2293 522 2375 Non
548 2286 744 2401 probat,'
735 2285 886 2400 anquis,
912 2285 1059 2420 Virgo·
1066 2344 1080 2390 ‚
1112 2283 1223 2401 quod
1248 2283 1439 2377 Lutherus
1462 2286 1529 2373 da·

83 2403 220 2488 mnarit
248 2403 527 2490 invocationem
541 2428 782 2540 sanctorum:
805 2427 845 2488 at
860 2427 904 2490 tu
931 2403 1035 2538 cogis
1050 2402 1198 2517 ipsam,
1222 2427 1266 2489 ιιι
1281 2400 1435 2538 epistola
1458 2432 1526 2490 sua

83 2549 123 2604 ιι
150 2522 310 2634 probare
326 2518 501 2609 fateatur.
538 2523 613 2609 Cui
642 2519 791 2639 magis,
818 2551 936 2638 quam
963 2520 1030 2636 ipst
1019 2520 1105 2607 d⁶e
1139 2547 1206 2606 sua
1232 2520 1415 2607 sententia
1448 2547 1529 2606 cre·

82 2637 251 2725 dendum
276 2649 357 2726 est?
385 2670 485 2756 quae
514 2642 621 2730 velut
650 2668 817 2746 cavens,
860 2668 910 2725 ne
946 2664 1071 2754 posset
1101 2637 1288 2756 ignorari,
1321 2668 1401 2773 quo
1432 2663 1527 2729 tcm-

82 2784 175 2869 pore
194 2757 492 2850 Christianorutn
521 2761 598 2849 vita
613 2756 797 2855 beneficio
824 2756 980 2844 Lutheri
996 2754 1106 2843 suerit
1134 2787 1180 2842 ea
1196 2756 1462 2871 superstitione
1489 2758 1528 2841 li·

81 2874 208 2960 berata
224 2932 238 2982 ,
257 2876 357 2961 diem
376 2877 536 2991 ascripsit
560 2877 722 2961 Kalend.
737 2879 940 2985 Augusti,
954 2902 1048 2961 anno
1066 2873 1148 2974 filii
1163 2881 1346 2991 turpasti
1375 2902 1499 2984 ¹524·

83 2997 217 3089 Lll.
275 2994 423 3089 Quom
455 2993 542 3081 loco
566 3022 655 3081 cum
688 2992 801 3080 talem
840 3019 995 3079 tuorum
1025 2994 1217 3079 dictorum
1247 2993 1526 3082 excusationem

78 3075 217 3194 nemini
250 3111 399 3224 probari
422 3141 531 3226 posse
557 3112 808 3227 perspiceres,
832 3138 917 3197 eam
946 3110 1158 3198 orationem
1190 3110 1372 3226 usurpasti
1405 3170 1420 3215 ,
1445 3139 1525 3227 qua

80 3226 188 3311 multi
212 3228 415 3363 significare
438 3230 590 3339 solent,
623 3257 723 3346 quae
746 3228 944 3323 adversarii
963 3256 1007 3317 ut
1032 3228 1219 3317 verissima
1249 3254 1288 3314 et
1313 3228 1524 3315 indubitata

79 3345 353 3459 opposuerint,
387 3376 432 3433 ea
447 3377 487 3434 se
510 3379 581 3464 pro
606 3344 701 3434 falsis
730 3347 897 3452 ducere,
928 3347 989 3435 vel
1018 3345 1267 3434 admodum
1258 3346 1413 3431 incertis.
1448 3351 1524 3432 Ex·

78 3459 282 3548 clamas
223 3493 341 3550 emm
360 3467 689 3576 Obiaspheniam!
709 3471 761 3550 Et
776 3496 866 3551 mox
878 3465 1003 3552 addas
1021 3465 1213 3550 huncario
1228 3479 1440 3550 tunctorum
1456 3491 1530 3549 non

77 3593 138 3661 est
168 3589 351 3667 articulus
372 3580 485 3683 fidei.
518 3591 573 3671 At
602 3612 651 3669 ne
677 3607 831 3720 peccata
848 3582 1004 3703 quidem
1028 3580 1239 3669 confiteri⁶
1229 3606 1325 3666 inter
1351 3580 1532 3676 articulos

77 3693 167 3780 fidei
193 3727 540 3788 commemoratur.
571 3701 600 3787 si
625 3703 710 3816 quis
737 3725 866 3787 tamen
888 3723 1129 3817 peccatorum
1170 3695 1444 3785 confessionem
1472 3700 1523 3786 ab

77 3814 242 3901 Ecclesia
262 3818 445 3953 sacrisque
469 3819 686 3908 doctoribus
709 3843 896 3935 receptam
918 3818 1048 3904 tollere
1075 3817 1204 3933 velit,
1217 3846 1267 3901 an
1292 3817 1415 3902 nonis
1431 3847 1519 3931 pro-

79 3929 179 4017 tinus
204 3959 243 4020 et
269 3935 368 4041 erit,
400 3962 440 4023 et
470 3937 666 4024 habebitur
679 3938 911 4023 haereticus?
936 3937 1010 4022 Sed
1039 3935 1171 4052 pergis.
1198 3936 1310 4079 ,Quid
1336 3944 1520 4042 sequitur?

78 3996 389 4139 Commemuatrir
412 4060 626 4141 intentabit
607 4064 658 4141 lis
680 4062 900 4167 superstitio
928 4057 1108 4140 hominum
1129 4061 1250 4138 onnia
1278 4069 1435 4163 exposta
1412 4059 1519 4136 idan-

77 4173 171 4250 tinm
194 4174 389 4282 als'irgine
404 4230 418 4278 ‚
432 4184 540 4282 quasi
557 4184 682 4287 possit
704 4170 961 4292 inperarefii
945 4200 980 4257 ιο
1004 4186 1214 4282 camparte
1236 4178 1410 4280 regnanti
1425 4225 1439 4273 ‚
1454 4195 1520 4261 nec

78 4291 138 4367 illi
121 4284 233 4390 ifas
250 4299 304 4374 sit
326 4296 526 4399 quidquam
545 4320 682 4405 negare
702 4298 988 4403 praeripienti,
1019 4316 1102 4374 cum
1130 4292 1283 4374 nundum
1308 4295 1362 4370 sit
1398 4313 1519 4372 eman·

77 4410 238 4510 tipatus
276 4409 539 4524 Quisquamne
572 4436 650 4496 tam
684 4410 811 4497 tardus
827 4433 909 4514 est,
936 4433 1018 4494 eta
1045 4406 1240 4494 communi
1266 4433 1375 4493 sensu
1399 4405 1523 4491 homi·

79 4546 171 4603 num
198 4523 366 4632 alienus,
390 4552 433 4613 ut
449 4528 524 4613 hoc
544 4529 673 4614 animo
701 4527 853 4615 accedat
882 4525 932 4613 ad
962 4525 1159 4643 Virginem
1183 4548 1340 4613 matrem
1370 4550 1525 4610 exoran

76 4638 195 4724 dam?
229 4645 359 4727 Aut
334 4674 363 4728 st
391 4645 452 4729 cui
480 4640 578 4731 sorte
603 4644 741 4732 delirae
768 4644 856 4730 anui
872 4671 1011 4760 ,quae
1045 4670 1193 4761 prorsus
1218 4642 1292 4758 jam
1316 4640 1527 4756 desipuerit,

76 4754 153 4841 tale
187 4757 398 4896 quidquam
433 4785 558 4874 posset
589 4761 756 4849 accidere
786 4823 801 4869 ,
837 4786 1084 4878 proptercane
1116 4790 1334 4849 ceterorum
1375 4787 1530 4874 preces,

83 4875 308 4990 quaepiam
337 4878 682 4990 interpretationem
711 4881 884 4990 habent,
914 4873 1253 4975 calumniabimuti
1288 4877 1432 4984 Quales
1463 4878 1535 4962 hae

105 4989 253 5092 Tam.
267 4992 335 5082 lV.
898 4999 1020 5093 Dddd
1142 5004 1147 5009 ’
1438 5021 1542 5106 sunt,
