4020 5864
496 337 856 589 lOANNlS
918 326 1254 623 GENESll
1323 438 1916 573 SEPULVEDAE

851 633 1532 807 connuaanms

474 901 514 923 Aa.

478 975 497 1004 2
613 933 725 1025 rao
781 936 1025 1020 annuato
1079 936 1165 1014 aro
1230 935 1465 1014 ιιιιιιιιι.
1520 933 1779 1023 caunetum
1903 908 1908 916 ’

479 1119 484 1126 ’
610 1091 700 1168 ’·’
787 1107 1480 1237 ”ἔιιτιιοιοιιι

722 1367 798 1440 ἰι
828 1312 1139 1438 erasarum
1169 1317 1660 1526 ιμοιιιοιιιιιιιιιι.

498 1644 530 1725 l.
562 1558 916 1754 APologetieum
930 1634 1092 1741 librum,
1122 1637 1302 1768 Erasme,
1330 1628 1499 1770 proxime
1523 1633 1672 1721 editum
1689 1661 1716 1717 a
1735 1659 1778 1722 te
1792 1630 1828 1720 in
1853 1627 1914 1722 'll

468 1758 618 1846 bertum
640 1757 748 1843 Pium
766 1755 970 1889 Principem
996 1757 1280 1887 Carpensem,
1288 1751 1523 1837 invitissimus
1555 1751 1701 1869 perlegi
1731 1811 1747 1859 ,
1777 1783 1819 1839 ac
1841 1783 1917 1840 cer·

469 1903 627 1980 tamen,
651 1874 759 2008 quod
775 1899 864 1957 cum
886 1872 996 1985 ipsius
1012 1870 1207 1957 manibus
1198 1867 1410 1976 instituisti,
1438 1899 1525 1956 cum
1558 1900 1650 1956 meo
1679 1901 1824 1990 magno
1851 1873 1915 1958 do·

468 1994 577 2082 lore
563 1993 740 2109 spectavi
766 1989 885 2075 Dolui
899 1991 1016 2096 enim,
1032 2013 1072 2075 et
1093 1989 1248 2124 quidem
1261 1989 1505 2076 vehementer
1522 1990 1725 2106 utriusque
1755 2017 1917 2078 vestrum

469 2112 652 2200 nomine:
677 2136 748 2196 tuo
770 2108 912 2220 ,cujus
936 2137 1081 2222 semper
1111 2105 1165 2193 ιιι
1191 2105 1417 2212 studiosus,
1442 2134 1596 2224 propter
1623 2108 1829 2227 elegans
1815 2137 1914 2224 rnge·

469 2232 605 2335 nium,
626 2255 665 2314 et
682 2251 931 2343 praestantem
949 2226 1161 2312 doctrinam
1179 2249 1286 2310 tuam
1298 2226 1444 2339 ,quod
1467 2225 1606 2313 oblitus
1635 2226 1839 2362 theologici
1852 2229 1913 2312 de

469 2350 574 2453 cori,
603 2376 683 2431 non
710 2346 794 2432 satis
818 2375 840 2431 e
864 2371 931 2431 tua
957 2344 1171 2449 modestia,
1202 2369 1241 2428 et
1258 2372 1386 2458 ‚quae
1411 2343 1477 2431 tibi
1506 2341 1714 2461 frequens
1705 2375 1744 2428 ιιι
1764 2374 1831 2430 ore
1844 2369 1919 2450 est,

469 2467 679 2552 Christiana
714 2463 909 2567 caritate,
939 2463 1179 2547 acerbitatem
1207 2461 1321 2546 animi
1351 2464 1408 2546 tui
1417 2488 1645 2598 utcumque
1675 2461 1818 2548 illatam
1834 2489 1920 2549 tem·

469 2584 682 2702 peraveris.
710 2583 832 2687 illius,
858 2524 968 2716 qdod
985 2581 1160 2694 Princeps
1187 2578 1360 2694 singulari
1390 2579 1527 2694 pietate
1566 2643 1579 2688 ,
1610 2581 1851 2716 gravissimus
1887 2605 1922 2665 et

470 2700 756 2789 doctissimus
736 2731 775 2784 ns
792 2697 967 2784 conviciis
995 2724 1034 2784 et
1062 2696 1339 2784 contumeliis
1330 2698 1518 2784 incessitur
1536 2727 1676 2814 ,quae
1703 2698 1768 2786 vix
1794 2700 1923 2784 cadam

440 2820 513 2907 in
529 2821 713 2907 semissem
753 2845 798 2900 ac
828 2816 1050 2902 dissolutum
1075 2814 1301 2920 hominem,
1316 2804 1547 2922 leviculum,
1573 2841 1611 2903 et
1628 2816 1682 2902 ab
1710 2847 1817 2903 omni
1808 2816 1923 2901 litre·

474 2964 600 3026 ratura
616 2938 898 3022 abhorrentem
927 2934 1069 3020 Histrio
1086 2933 1186 3020 enim
1204 2964 1227 3016 a
1242 2959 1281 3018 te
1270 2875 1368 3036 ιιι,
1400 2959 1439 3020 ιι
1455 2878 1636 3050 quidem
1627 2960 1813 3050 rneptus,
1837 2935 1924 3020 dum

474 3055 596 3173 ipsum
613 3051 699 3140 lacis
724 3053 843 3140 aliena
861 3081 1023 3167 persona
1047 3052 1222 3138 indutum
1237 3047 1404 3136 fabulam
1422 3048 1554 3170 frigide
1577 3050 1736 3139 saltare:
1768 3076 1925 3138 extrem

382 3283 384 3287 .
476 3174 627 3262 levitate
643 3198 829 3275 notatur,
854 3171 948 3256 dum
965 3171 1088 3256 alieno
1106 3199 1186 3255 non
1205 3168 1333 3256 labore
1350 3191 1530 3304 tanturn,
1552 3170 1617 3257 sed
1641 3171 1763 3258 etiam
1782 3171 1923 3306 ingenio

475 3293 627 3381 inanem
643 3320 687 3376 ac
710 3231 888 3423 puerilem
912 3287 1071 3405 gloriam
1101 3287 1279 3374 eumdem
1296 3311 1446 3401 captare
1472 3288 1594 3403 jactas.
1625 3288 1716 3400 Jam
1748 3319 1845 3377 vero
1868 3288 1920 3372 lit·

428 3463 432 3472 ·
477 3438 642 3497 terarum
667 3409 760 3524 quid
782 3436 816 3492 el
805 3405 1035 3520 relinquis,
1058 3435 1118 3491 cur
1106 3406 1352 3522 theologiae
1382 3434 1427 3489 ac
1456 3405 1716 3522 philosophiae
1741 3405 1921 3525 cognitio·

479 3557 568 3616 nem
585 3526 726 3629 demis,
738 3549 778 3611 et
800 3525 979 3637 politioris
993 3525 1249 3628 litteranuae,
1275 3552 1508 3657 omnemque
1523 3524 1780 3660 ingenuarum
1798 3526 1925 3611 artium

480 3646 653 3734 notitiam
666 3587 858 3748 detrahis,
885 3669 975 3728 cum
1003 3667 1149 3729 constet
1171 3641 1292 3757 ipsum
1316 3641 1444 3776 ceteris
1463 3641 1589 3728 studiis
1614 3670 1697 3728 non
1710 3643 1926 3730 insanisse?

1820 3765 1927 3856 Quae

521 3910 543 3957 ἒ
583 3906 787 3990 Aulopologr‘a
807 3909 897 3968 istaec
917 3906 999 3965 edita
1016 3919 1060 3966 est
1081 3908 1206 3983 primum
1229 3906 1347 3967 Parisiis
1367 3906 1442 3982 apud
1465 3904 1627 3966 Antonium
1642 3905 1923 3986 Augerellumanae

482 3992 528 4053 M.
543 3991 583 4049 D.
596 3990 724 4048 xxllll.
744 3990 800 4047 Xl.
814 3993 878 4048 Kal.
899 3988 1012 4063 Aprilis
1030 4005 1059 4060 4.
1077 3990 1155 4063 eujus
1169 3990 1333 4047 rarissimae
1350 3988 1487 4045 editionis
1510 3993 1657 4064 exemplar
1680 3992 1838 4049 nobiscum
1852 4009 1928 4049 eom-

484 4071 648 4131 municavit
668 4068 715 4127 Cl.
731 4072 774 4126 vir
788 4069 917 4126 michael
934 4069 1032 4125 Maria
1048 4069 1084 4125 de
1100 4069 1188 4126 Nava
1206 4070 1277 4126 alibi
1297 4086 1315 4126 a
1333 4068 1415 4125 nobis
1437 4070 1577 4127 laudatus.
1591 4070 1686 4145 ⁴Hune
1708 4073 1866 4130 subsecuta
1888 4081 1930 4128 est

485 4155 620 4210 Romana
634 4149 760 4226 ejusdem
778 4151 847 4206 anni
868 4150 943 4224 apud
961 4149 1125 4206 Antonium
1148 4150 1271 4206 Bladum
1289 4189 1299 4221 ,
1317 4149 1408 4205 etiam
1428 4149 1499 4222 in4.
1524 4167 1610 4222 quam
1636 4151 1722 4209 nobis
1751 4155 1854 4211 videre
1877 4169 1933 4209 non

486 4233 635 4304 contigit,
665 4231 715 4287 sed
741 4230 943 4286 humanissimi
967 4227 1095 4302 Collegii
1126 4230 1319 4287 Bononiensis
1341 4228 1462 4286 Sodales
1489 4246 1576 4287 manu
1609 4245 1765 4289 exaratum
1791 4236 1933 4308 exemplar

486 4404 670 4461 asservatur,
690 4403 723 4448 et
745 4407 811 4447 eum
835 4390 966 4447 editione
990 4387 1161 4446 Coloniensi
1188 4390 1345 4464 diligenter
1365 4403 1595 4463 comparatum,
1619 4393 1732 4451 notatis
1751 4395 1815 4452 illis
1841 4395 1933 4465 loeis,

486 4471 588 4544 quibus
608 4483 707 4526 auctor
727 4484 892 4526 transverso
905 4474 1019 4527 calamo
1032 4471 1146 4543 signum
1164 4470 1322 4542 illeverat,
1344 4483 1394 4526 aut
1408 4470 1555 4528 mitiorem
1572 4473 1755 4531 sententiam
1772 4494 1833 4547 ,ne
1847 4477 1933 4533 Eras-

489 4553 530 4607 mi
544 4551 674 4606 anImum
691 4562 872 4623 exasperaret
899 4589 909 4621 ,
929 4549 1099 4624 subjecerat.
1121 4550 1188 4625 Qua
1213 4550 1249 4606 de
1269 4567 1301 4607 re
1327 4550 1394 4606 vide
1415 4548 1596 4624 Sepulvedae
1616 4553 1781 4626 epistolam
1797 4557 1821 4612 l.
1843 4553 1928 4614 lina

488 4631 581 4688 Edita
603 4643 647 4687 est
668 4646 761 4685 rursus
776 4630 971 4702 Antapologia
987 4647 1053 4686 eum
1067 4631 1132 4686 aliis
1145 4631 1289 4702 opusculis
1309 4629 1426 4686 Parisiis
1450 4633 1530 4706 typis
1551 4631 1680 4690 Simonis
1700 4631 1846 4694 Colinaei
1861 4648 1924 4692 annu

488 4711 533 4768 Μ.
548 4711 587 4766 D.
601 4709 682 4764 xul.
707 4707 734 4764 8.
754 4709 869 4764 demum
889 4707 1030 4766 Coloniae
1053 4709 1096 4767 M.
1112 4707 1212 4767 DCll.
1226 4725 1255 4781 4.
1277 4709 1339 4766 Nos
1356 4727 1425 4767 vero
1443 4728 1509 4769 eum
1529 4713 1695 4770 editiones
1687 4726 1823 4776 anterse
1839 4728 1924 4776 omnes

489 4789 712 4858 contulerimus,
734 4789 897 4844 Romanam
910 4805 944 4844 ae
964 4788 1156 4849 Parisiensem
1179 4806 1275 4866 presso
1291 4790 1363 4866 pede
1385 4792 1552 4867 sequimur,
1566 4791 1690 4872 adjectis
1705 4793 1925 4858 sodalium&-

489 4871 637 4929 noniensis
660 4827 787 4945 collegii
810 4867 1068 4931 observationibus.
