4192 5880
571 381 614 458 52
760 292 783 318 ⁶
957 357 1177 436 nauum
1214 358 1559 436 cassanum

547 511 659 600 „pro
675 507 807 570 mutua
824 481 1111 585 benevolentia,
1128 503 1228 596 quae
1251 480 1361 567 nobis
1389 509 1597 597 compatre
1625 505 1837 600 patruoque
1866 506 1996 571 vestro

546 604 880 716 „conjunctissima
911 597 1006 707 l'uit,
1025 601 1184 703 hortor,
1201 623 1240 687 et
1270 630 1335 714 per
1360 605 1487 687 Deum
1524 603 1772 690 immortalem
1802 607 1993 709 obtestor,

547 749 715 838 „turpes
746 747 903 810 conatus
933 719 1160 834 reprimatis.
1195 724 1277 802 Nec
1302 720 1410 805 nnius
1433 724 1611 831 tyranni,
1630 719 1871 834 ejusdemque
1890 720 1996 806 infir-

546 901 576 952 „
589 841 736 927 missimi
757 839 954 928 amicitiam
969 835 1157 925 Pontificis
1173 838 1221 926 dc
1240 837 1347 921 vobis
1370 836 1504 922 meritis
1520 900 1533 944 ,
1551 868 1594 923 ac
1620 863 1767 923 nostrae
1798 838 1997 924 necessitu-

462 982 463 990 ‘
545 959 668 1068 „dini
723 957 951 1074 raeponatis.
984 958 1099 1053 Quae
1121 956 1150 1042 si
1178 953 1355 1060 feceritis,
1372 955 1577 1072 gratissimo
1591 980 1794 1071 utrumque
1823 951 1996 1044 nostrum

547 1138 576 1187 „
587 992 768 1167 beneliiio
785 1075 1063 1178 demerueritis3
1083 1073 1137 1160 sin
1156 1073 1287 1178 aliter,
1305 1098 1534 1160 mementote
1555 1074 1753 1160 homiuum
1780 1101 1824 1159 ac
1843 1074 1916 1160 Dei
1951 1074 1992 1163 si·

547 1254 576 1309 „
590 1196 669 1307 mul
690 1196 781 1284 iram
801 1195 907 1284 vobis
927 1223 1004 1282 esse
1021 1188 1343 1280 extimescendam.
1358 1199 1386 1243 “

606 1317 767 1403 XXXII.
843 1309 1003 1400 Alfonso
1037 1339 1193 1425 quoque
1225 1310 1416 1395 Toletano
1452 1311 1592 1399 scribit:
1620 1310 1796 1419 „laxaret
1812 1311 1998 1428 oppidum

547 1433 787 1542 „obsidione
802 1493 814 1537 ,
830 1456 874 1520 ut
901 1428 1072 1515 militibus
1090 1426 1268 1514 francisci
1297 1428 1543 1543 Ordelaphii,
1572 1431 1601 1517 si
1624 1430 1811 1518 discedere
1830 1431 1999 1541 vellent,

548 1612 577 1658 „
591 1549 745 1638 facultas
770 1575 886 1654 esset,
901 1572 942 1635 et
964 1547 1172 1634 Ariminum
1197 1573 1323 1632 versus
1347 1575 1484 1662 agmen
1509 1548 1728 1655 reduceret,
1744 1548 1870 1664 ibique
1887 1577 1925 1634 se
1941 1549 2000 1661 ju·

548 1670 644 1777 „bet
659 1691 880 1783 exspectare.
894 1672 920 1716 “
951 1665 1020 1750 His
1035 1664 1159 1750 litteris
1171 1663 1321 1749 dimissis
1334 1725 1347 1769 ,
1362 1664 1536 1781 jussisque
1549 1667 1685 1752 nuntiis
1700 1667 1904 1768 advolare,
1922 1671 2002 1753 Ae·

547 1787 671 1904 gidius
698 1815 885 1873 summam
905 1812 1008 1898 spem
1040 1782 1078 1865 in
1103 1780 1285 1867 celeritate
1316 1811 1485 1899 ponens,
1505 1785 1534 1868 si
1559 1812 1615 1870 res
1636 1783 1903 1895 accelerando,
1931 1814 2000 1870 an·

548 1929 705 2020 requam
732 1902 863 1988 auxilia
889 1899 1163 2004 convenirent,
1186 1897 1319 1985 confici
1346 1926 1498 2015 posset,
1518 1929 1606 1986 cum
1625 1902 1808 2014 praetoria
1837 1903 2001 1989 cohorte

550 2045 592 2107 et
620 2051 736 2107 manu
753 2083 765 2127 ,
780 2048 880 2136 quae
910 2015 1154 2104 tumultuario
1188 2016 1336 2109 delectu
1359 2016 1493 2117 confici
1521 2018 1646 2133 potuit
1661 2080 1674 2124 ,
1692 2026 1852 2105 Ancona
1874 2015 1995 2137 profe·

552 2163 659 2246 ctus,
691 2137 835 2257 magnis
861 2136 1048 2222 itineribus
1073 2133 1283 2220 Ariminum
1314 2134 1419 2222 venit
1435 2195 1447 2233 ,
1462 2134 1527 2222 ubi
1544 2134 1745 2222 Alfonsum
1769 2136 2002 2226 Toletanunt

554 2284 642 2342 cum
673 2257 835 2343 exercitu
870 2254 1026 2345 obvium
1054 2251 1208 2356 habuit,
1232 2251 1320 2337 inde
1348 2254 1564 2340 faventiam
1588 2255 1786 2370 pervenit,
1819 2282 1858 2342 et
1888 2253 2003 2343 firmo

554 2375 737 2491 praesidio
760 2374 944 2489 oppidum
977 2368 1101 2456 firmat
1117 2430 1129 2477 ,
1145 2368 1204 2453 cui
1219 2368 1446 2483 Episcopum
1478 2399 1643 2486 praeesse
1663 2371 1805 2460 voluit.
1836 2379 1917 2489 lpse
1942 2373 2003 2459 ni-

365 2528 479 2582 caeam
498 2493 607 2581 ‹sn-hil
632 2518 799 2578 moratus
830 2493 868 2575 in
898 2519 1030 2607 agrum
1055 2491 1298 2572 Caesenatem
1328 2489 1424 2600 rapit
1448 2517 1585 2604 agmen
1600 2550 1614 2595 ,
1628 2515 1674 2576 ut
1701 2519 1750 2576 eo
1768 2493 1914 2605 oppido
1940 2521 2006 2578 ex·

306 2604 313 2613 ’
364 2591 545 2696 ἓὲἕέιῗῖ“ίινῖῗ
557 2636 752 2729 pugnato,
771 2609 882 2724 quod
901 2612 1021 2692 minus
1041 2602 1151 2693 firmo
1184 2603 1365 2717 praesidio
1394 2608 1592 2692 tenebatur
1607 2668 1619 2712 ,
1637 2603 1776 2693 facilior
1791 2634 1886 2694 esset
1913 2607 2001 2695 Pori

366 2700 542 2764 ⁰⁰¹⁰⁸⁹¹⁸¹¹⁶
557 2729 652 2819 Livii
673 2726 932 2846 expugnatio,
960 2722 1057 2809 socia
1082 2721 1228 2808 civitate
1267 2723 1430 2832 amissa,
1453 2749 1493 2810 et
1519 2723 1664 2837 adjecta
1694 2726 1814 2815 dubiis
1843 2726 2032 2815 militum

558 2847 688 2935 animis
716 2843 991 2961 desperatione.
1021 2840 1183 2929 vastato
1211 2839 1321 2961 igitur
1347 2875 1466 2965 agro,
1483 2871 1522 2935 et
1553 2845 1698 2984 oppido
1729 2840 1892 2965 pluribus
1922 2877 2006 2964 pat⁴

559 2966 660 3055 tibus
683 2965 791 3051 simul
819 2988 957 3082 coepto
993 2960 1231 3084 impugnari,
1257 2963 1436 3079 oppidani
1461 2968 1626 3083 nequid
1657 2967 1806 3087 gravius
1835 2990 2008 3084 pateren·

562 3108 650 3191 tur,
669 3112 708 3169 se
739 3083 904 3170 dedunt.
934 3089 1099 3200 Accepta
1126 3083 1164 3167 iu
1193 3081 1423 3169 deditionem
1451 3088 1644 3190 Caesena,
1675 3087 1853 3205 Aegidius
1875 3085 2007 3172 Abba·

564 3225 643 3289 tem
666 3201 949 3289 Cluniacensem
979 3202 1141 3292 custodis
1172 3201 1258 3291 loco
1287 3201 1334 3288 ibi
1349 3201 1494 3321 reliquit
1511 3265 1523 3309 ,
1539 3204 1598 3290 cui
1614 3203 1763 3289 firmum
1781 3202 2007 3319 praesidium

565 3319 748 3428 attribuit3
762 3320 838 3436 ipse
859 3322 1059 3407 exereitum
1074 3325 1172 3408 Foro
1182 3319 1276 3406 livii
1285 3318 1466 3408 admovet
1483 3353 1491 3406 :
1510 3322 1618 3436 quod
1629 3322 1814 3436 oppidum
1831 3351 1920 3407 cum
1937 3349 2010 3434 op-

566 3465 734 3555 pugnare
764 3439 969 3554 coepisset,
986 3436 1163 3554 oppidani
1195 3438 1255 3524 vel
1282 3437 1402 3525 invito
1424 3440 1616 3525 Francisco
1640 3437 2010 3554 Ordelapbiodedi-

534 3586 535 3589 ‘
567 3555 711 3642 tionem
731 3552 851 3643 facere
875 3583 1036 3672 parante
1067 3556 1095 3641 is
1124 3581 1251 3641 tamen
1273 3556 1471 3673 desperatis
1496 3559 1630 3664 rebus,
1660 3583 1699 3643 et
1728 3557 1863 3643 auxiliis
1892 3579 2036 3641 retar-⁴

568 3672 665 3760 datis
680 3737 693 3780 ,
708 3674 812 3759 haud
830 3703 1058 3792 magnopere
1074 3674 1318 3790 repugnavit.
1352 3675 1468 3762 Missa
1495 3675 1605 3790 igitur
1626 3676 1839 3792 legatione,
1857 3675 2010 3789 impera·
2036 3746 2038 3749 .

569 3813 610 3876 ta
638 3820 675 3876 se
691 3789 881 3897 facturos,
900 3793 1108 3904 urbemque
1131 3791 1331 3877 tradituros
1358 3791 1603 3907 profitentur,
1636 3823 1681 3878 ea
1703 3793 1920 3879 conditione
1939 3850 1950 3894 ,
1966 3813 2014 3875 ut

572 3908 717 3996 nullum
734 3939 803 3996 nec
821 3909 947 4021 capitis
973 3909 1130 3995 exsiliive
1148 3907 1365 4024 supplicium
1391 3910 1440 3994 de
1455 3911 1635 4026 quopiam
1655 3912 1932 4025 oppidanorum
1948 3937 2016 3992 su·

571 4051 734 4112 meretur
749 4089 761 4132 ,
776 4056 943 4147 opumve
957 4027 1179 4141 irrogaretur
1196 4026 1352 4119 mulcta.
1380 4027 1530 4120 Quibus
1551 4057 1640 4114 cum
1652 4029 1831 4144 Aegidius
1856 4026 2011 4139 respon·
2036 4063 2040 4070 ·

570 4144 681 4232 disset
703 4175 712 4229 ε
732 4149 929 4250 „Ceteros
955 4141 1057 4229 facile
1074 4173 1112 4229 se
1127 4173 1346 4257 passurum,
1373 4145 1478 4230 nullo
1501 4172 1659 4261 accepto
1680 4144 1948 4248 incommodo,
1975 4147 2018 4227 in

568 4262 753 4376 „oppido
770 4291 986 4375 permanere
1001 4325 1014 4369 ,
1027 4262 1150 4347 modo
1167 4262 1376 4348 Franciscus
1394 4263 1643 4379 Ordelaphius
1673 4263 1763 4347 urbe
1793 4261 1915 4347 statim
1947 4289 2017 4345 ex-

569 4438 597 4486 „
612 4382 826 4464 cederet“:
854 4407 1005 4494 accepta
1032 4379 1201 4465 conditio
1230 4405 1307 4487 est,
1323 4404 1363 4465 et
1382 4381 1565 4496 oppidum
1593 4379 1793 4468 traditum.
1826 4383 1880 4467 At
1897 4384 2044 4464 Fran-¹

567 4495 681 4582 ciscus
698 4496 948 4611 Ordelaphius
963 4497 1223 4596 Mediolanum
1247 4498 1298 4582 ad
1312 4500 1575 4584 Barnabovem
1603 4495 1802 4615 confugit,
1820 4522 1860 4584 et
1877 4519 2018 4582 sortem

565 4642 671 4699 suam
696 4615 886 4700 miseratus
905 4617 979 4720 ,ab
994 4644 1042 4699 eo
1061 4616 1270 4720 contendit,
1285 4640 1329 4700 ut
1344 4641 1433 4731 agat
1449 4612 1537 4698 cum
1554 4616 1739 4734 Aegidio,
1756 4615 1918 4730 aliquam
1943 4613 2046 4699 sibi·

564 4729 783 4825 facultatem
806 4732 1057 4856 relinqueret,
1077 4763 1156 4852 qua
1185 4757 1310 4852 posset
1340 4734 1458 4823 vitam
1486 4728 1663 4824 tolerare.
1696 4731 1814 4850 Cujus
1847 4733 2048 4942 miselpus

1814 4900 1820 4913 .
1966 4874 2024 4944 atq
