4192 5880
204 499 309 604 AD
369 494 868 666 I'LLUSTREM
928 497 1019 598 ET
1084 497 1665 611 MAGNIFICUM

307 739 360 814 D.
382 740 434 815 D.
464 735 784 814 LUDOVICUM
808 732 1117 812 CARRILLUM
1146 737 1555 835 ALBORNOTIUM‚

417 931 467 994 nu
496 924 669 1025 naeuus
698 924 977 1001 nunontvottr
1002 925 1251 992 castoreum
1278 931 1449 996 stantun

231 1103 474 1205 somnus
514 1096 749 1191 Gnatusu
792 1095 1181 1245 ‚sauuuvauan
1225 1102 1629 1199 conuussansts

676 1317 1180 1426 PRAEFATIO..

196 1656 199 1661 ,
266 1567 295 1648 Ι.
354 1475 532 1674 CUM
562 1555 755 1669 illustrium
773 1555 939 1643 virontm
965 1583 1022 1641 res
1044 1578 1191 1673 gestas,
1211 1579 1250 1643 et
1279 1548 1452 1647 fortunae
1473 1555 1654 1652 vomnibus

200 1680 313 1767 rebus
338 1678 565 1768 dominantis
580 1677 826 1763 temeritatem
850 1674 1072 1780 consider0,
1097 1700 1141 1761 ut
1153 1675 1339 1791 praeclare
1362 1678 1400 1762 in
1415 1680 1537 1794 primis
1562 1712 1653 1768 cunt

90 1885 96 1890 .
200 1796 257 1884 his
273 1825 399 1886 actum
424 1829 501 1885 esse
516 1797 634 1908 videri
666 1795 787 1899 solet,
803 1792 938 1908 qulbus
966 1793 1156 1879 illustrium
1184 1791 1370 1880 factorum
1384 1828 1541 1884 suorum
1562 1800 1652 1886 illu·

200 1942 292 2004 stres
322 1919 515 2034 scriptores
550 1914 742 2031 contigere
772 1974 784 2018 ,
814 1913 865 1997 sic
896 1940 1029 1997 eorum
1065 1913 1233 2000 conditio
1260 1914 1349 1998 mihi
1375 1917 1653 2031 quadamtenus

157 2106 162 2111 -
202 2037 352 2123 videtur
385 2038 559 2122 miseratu
587 2034 701 2150 digna
717 2094 729 2139 ,
745 2060 910 2146 quorum
936 2031 1056 2147 gloria
1081 2056 1168 2146 post
1204 2033 1390 2147 praeclara
1415 2035 1465 2119 ab
1489 2035 1570 2150 ipsis
1597 2035 1651 2124 vi·

202 2156 376 2242 ventibus
402 2156 502 2242 edita
526 2150 716 2256 facinora,
736 2149 876 2236 obruta
898 2149 1091 2237 oblivione
1114 2151 1157 2235 in
1181 2152 1344 2248 obscuro
1372 2151 1485 2264 jacet.
1520 2157 1652 2251 Quam

192 2273 451 2377 calamitatem
480 2271 681 2383 majoribus
707 2268 865 2375 nostris,
882 2267 922 2353 id
953 2292 1035 2375 est,
1055 2268 1256 2384 Hispanis,
1280 2271 1502 2384 scriptorum
1525 2271 1653 2386 inopia
1704 2356 1707 2364 .

203 2393 399 2509 contigisse
424 2391 509 2476 satis
534 2390 620 2476 scite
651 2392 772 2472 Mena
804 2411 1071 2472 conterraneus
1094 2417 1199 2474 meus
1230 2420 1302 2474 suo
1327 2389 1492 2475 carmine
1521 2391 1652 2506 deplo-

202 2514 323 2596 ravit.
356 2510 465 2607 Quid
488 2509 587 2594 enim
618 2504 854 2592 miserabilius
871 2566 883 2610 ,
899 2534 1016 2620 quam
1043 2532 1129 2620 post
1152 2506 1333 2622 plurimos
1360 2507 1505 2594 labores
1519 2508 1650 2625 ingen·

202 2627 328 2744 tiaque
357 2628 535 2714 exhausta
567 2624 726 2742 pericula
758 2653 943 2709 summam
972 2625 1151 2710 virtutem
1190 2657 1262 2712 suo
1297 2627 1463 2741 praemio
1498 2624 1648 2721 frauda·

200 2748 262 2832 ri?
293 2753 362 2833 Est
384 2777 475 2834 vero
509 2775 596 2832 cum
629 2743 781 2828 aliarum
813 2742 995 2830 virtutum
1025 2771 1228 2830 commune
1258 2744 1466 2860 praemium
1493 2745 1648 2852 honor,

200 2889 285 2950 tum
316 2865 580 2983 magnitudinis
620 2861 732 2948 animi
774 2884 865 2947 teste
901 2861 1100 2947 Aristotele
1129 2863 1288 2970 maxime
1321 2863 1532 2978 proprium.
1566 2864 1651 2961 Qui

200 2982 331 3089 honor
359 3013 407 3070 eo
438 2985 574 3099 cuique
615 2981 762 3067 uberior
795 2975 996 3086 defertur,
1032 2981 1195 3095 quoad
1228 2981 1388 3096 plurium
1421 2982 1651 3087 hominum,

198 3102 439 3218 pluriumque
466 3126 634 3188 aetatum
665 3096 884 3186 memoriam
913 3095 991 3214 ejus
1017 3097 1145 3186 laudes
1176 3099 1415 3186 monimentis
1446 3099 1652 3188 littera-rum

198 3246 479 3339 propagantur.

260 3346 304 3425 ll.
366 3344 534 3426 Senserat
561 3337 656 3423 hanc
681 3335 849 3450 injuriam
875 3335 1014 3421 mtdtos
1046 3364 1166 3421 annos
1195 3335 1373 3455 Aegidius
1402 3335 1650 3424 Albornotius

150 3535 155 3540 ,
199 3456 257 3544 vir
279 3458 357 3542 sine
387 3457 640 3544 controversia
656 3485 744 3540 suae
764 3455 965 3539 memoriae
994 3455 1108 3540 decus
1140 3479 1178 3541 et
1207 3454 1347 3572 gloria.
1377 3456 1565 3552 Quicum
1585 3485 1650 3568 pa·

200 3574 251 3660 cis
268 3572 441 3691 'bellique
471 3576 608 3660 artibus
634 3576 764 3661 vivens
791 3603 977 3658 summam
1001 3571 1204 3658 claritatem
1234 3573 1393 3687 adeptus
1420 3600 1515 3659 esset
1536 3634 1548 3679 ,
1568 3602 1650 3690 ne·

199 3721 269 3778 mo
298 3721 423 3780 tamen
450 3693 527 3806 ejus
559 3690 742 3808 praeclare
779 3713 913 3807 gesta,
938 3690 1003 3775 nisi
1035 3719 1147 3778 avare
1170 3747 1184 3795 ,
1211 3715 1252 3776 et
1284 3692 1376 3776 dum
1409 3691 1495 3776 alias
1522 3714 1582 3778 res
1609 3720 1649 3776 a·
1680 3753 1682 3757 .

198 3810 286 4015 pit,
308 3813 509 3899 memoriae
537 3810 769 3896 tradiderat:
801 3808 924 3895 donec
952 3837 1159 3923 provenere
1185 3809 1280 3926 grati
1304 3808 1474 3895 homines
1491 3810 1542 3894 ,in
1572 3809 1649 3895 col·

195 4049 320 4134 nostri
344 4049 539 4162 juvenibus
564 4046 767 4132 litterarum
793 4046 913 4132 studta
938 4045 1209 4131 aemulantibus
1233 4045 1432 4152 conditum
1457 4072 1533 4131 est·
1567 4047 1650 4143 Qui

198 4188 245 4251 ut
277 4161 427 4253 tautum
456 4168 581 4254 virum
613 4165 737 4280 deque
768 4193 806 4249 se
837 4164 979 4278 optime
1021 4164 1194 4250 meritum
1224 4163 1274 4247 ab
1301 4193 1346 4249 ca
1374 4163 1503 4277 injuria
1528 4163 1648 4252 vindi·

82 4346 99 4360 f
199 4310 330 4369 carent
347 4348 358 4387 ,
378 4285 543 4400 perlectis
574 4312 618 4368 ac
647 4281 885 4370 consideratis
910 4283 1069 4394 epistolis
1085 4278 1308 4368 Pontificum
1341 4310 1386 4368 ac
1415 4282 1562 4400 Aegidii
1594 4283 1649 4369 ul·

187 4425 263 4489 tro
296 4402 464 4518 citroque
494 4401 634 4508 missis,
666 4431 828 4517 quarum
859 4400 1018 4486 maxima
1048 4400 1157 4516 copia
1190 4399 1237 4484 in‘
1263 4400 1407 4519 collegii
1435 4401 1567 4487 scriniis
1592 4425 1647 4487 et·

186 4518 277 4611 iam
315 4547 417 4604 nunc
448 4545 708 4626 asservantur,
739 4519 927 4634 quosdam
954 4519 1059 4606 velut
1092 4518 1378 4605 commentarios
1411 4518 1488 4632 ejus
1526 4545 1651 4607 rerum

168 4752 170 4754 Ι
201 4660 392 4754 gestarum
436 4633 584 4726 summo
613 4701 625 4746 ,
659 4664 703 4724 ut
727 4637 898 4722 credibile
933 4662 1012 4744 est,
1041 4637 1169 4724 labore
1198 4635 1414 4724 confecere.
1454 4645 1507 4723 Et
1537 4663 1580 4724 ut
1612 4639 1652 4726 in

168 4755 171 4762 ἶ
202 4755 379 4844 historiae
409 4752 573 4844 formam
603 4757 786 4874 redigeret
804 4815 817 4863 ,
834 4755 986 4841 cuidam
1018 4756 1157 4869 Joanni
1193 4757 1363 4843 Garzoni
1395 4757 1651 4865 bononiensi,

198 4873 306 5078 cujps
334 4872 572 5084 elppluentiae
599 4900 679 4965 erat
708 4899 800 4963 tunc
829 4903 910 4976 non
936 4874 1130 4965 mediocris
1157 4875 1286 4992 opinio
1314 4876 1354 4964 in
1380 4875 1452 4963 hac
1482 4873 1651 4981 civitate,

296 5019 366 5081 orn.
432 5057 445 5089 ,,
1216 4999 1254 5087 A
1565 5021 1655 5111 pto-

183 3958 300 4047 .egro
335 3922 606 4046 Hispaniensi,
635 3927 745 4043 quod
782 3927 859 4041 eius
880 3928 1053 4062 'auspiciis
1081 3925 1278 4012 Bononiae
1309 3926 1471 4013 honestis
1504 3927 1650 4044 generis
1787 4027 1791 4033 ,
1874 4025 1879 4040 ,
