4006 5850
661 326 856 436 [tuen
898 368 927 432 1.
1421 383 1490 456 423

78 474 280 582 multarum
305 484 414 573 simul
441 515 603 572 uxorum
628 485 846 604 conjugium
871 482 1122 599 prohibetur,
1151 484 1216 570 sed
1239 481 1322 599 lege
1340 482 1466 572 divina
1482 512 1522 574 et

73 641 119 698 ea
140 611 414 728 quadamtenus
443 605 600 692 naturali
617 665 630 709 ,
647 634 693 691 ut
718 605 786 691 uiri
802 603 1003 689 doctissimi
1026 602 1211 688 tradidere
1233 602 1352 718 :qui,
1377 602 1521 719 siquid

59 756 257 816 ,contraa
290 723 422 811 sanctis
448 723 613 838 parribus
648 720 790 808 facturn
817 722 974 807 traditur
1002 721 1040 805 in
1064 720 1181 807 veteri
1209 744 1433 806 testamento
1451 783 1463 828 ,
1481 722 1521 808 id

71 848 123 932 eis
137 844 308 964 quadam
325 841 557 958 indulgentia
581 841 653 926 Dei
672 871 716 926 ac
733 838 927 956 privilegio
942 838 1164 955 contigisse,
1197 838 1262 922 sed
1282 856 1416 923 ‘tamen
1433 840 1522 925 taci-

71 989 115 1050 to
140 961 385 1050 contendunt
419 989 428 1041 :
463 959 646 1073 quoniam
683 986 727 1045 ut
752 958 811 1049 lex
845 960 923 1072 ipsa
947 957 1095 1072 publica
1132 957 1181 1043 de
1218 955 1341 1040 uxoris
1376 957 1520 1044 unitate

70 1111 286 1197 numquam
322 1102 449 1191 aperte
475 1078 513 1160 in
543 1077 658 1164 veteri
683 1078 838 1192 quidem
870 1097 1096 1161 testamento
1113 1074 1202 1159 data
1225 1101 1303 1157 esse
1316 1075 1518 1188 reperitur,
1534 1062 1709 1186 ωξζξῖξὲἓξῖ

72 1202 140 1285 sed
163 1198 338 1284 cordibus
368 1192 565 1279 hominum
594 1195 807 1281 naturaliter
832 1193 994 1279 creditur
1021 1192 1224 1305 impressa:
1253 1190 1305 1275 ita
1320 1194 1598 1309 nec-privi-m‘·
1634 1287 1635 1300 Ν

68 1315 210 1433 legium
239 1318 276 1403 in
302 1341 385 1397 eam
414 1340 481 1396 seu
505 1312 730 1426 dispensatio
758 1313 894 1428 scripto
916 1335 983 1397 aut
1006 1313 1125 1397 verbo
1150 1312 1240 1395 data
1270 1337 1347 1394 esse
1362 1308 1523 1428 legitur,

70 1434 165 1541 sed,
195 1457 242 1518 ut
269 1433 432 1546 ipsorum
456 1431 576 1516 verbis
600 1455 685 1516 utar
714 1493 727 1537 ,
765 1460 832 1547 per
860 1429 1138 1545 inspirationem
1171 1428 1354 1513 internam
1382 1490 1396 1535 ‚
1421 1458 1522 1546 quae

70 1552 234 1666 primum
264 1549 364 1634 facta
390 1548 521 1633 sanctis
550 1549 748 1661 patribus,
778 1578 1008 1664 percorum
1039 1544 1252 1660 exemplum
1284 1546 1333 1631 ad
1358 1545 1447 1633 alios
1463 1572 1521 1634 est

71 1669 267 1756 derivata:
301 1695 382 1780 quo
413 1688 585 1779 tempore
614 1667 817 1780 oportebat
850 1668 925 1752 hoc
956 1691 1111 1752 naturae
1137 1689 1377 1779 praeceptum
1409 1695 1522 1779 prae-

70 1787 227 1871 termitti
252 1845 266 1890 ,
294 1807 340 1868 ut
372 1783 492 1894 major
519 1807 613 1868 esset
641 1782 895 1898 multiplicatio
924 1783 1036 1899 prolis
1065 1783 1116 1867 ad
1139 1780 1211 1867 Dei
1242 1780 1385 1865 cultum
1425 1784 1521 1869 edu·

72 1904 226 1988 candae.
257 1900 332 1985 Sed
348 1899 496 2015 nequis
521 1925 628 2014 putet
657 1902 755 1985 hanc
779 1900 900 2019 legem
925 1900 1009 2017 jutis
1034 1928 1111 1986 esse
1137 1924 1291 1985 naturae
1306 1899 1414 2013 quod
1431 1931 1519 2014 pro·

65 2021 149 2135 prie
177 2018 432 2133 intelligatur,
463 2018 668 2133 Augustini
690 2020 824 2105 librum
845 2019 978 2138 legat,
1010 2019 1072 2103 cui
1101 2017 1228 2102 titulus
1266 2042 1322 2101 est
1362 2020 1518 2103 debono

64 2142 288 2249 conjugali:
317 2136 355 2219 in
383 2162 465 2249 quo
493 2137 610 2222 multa
626 2137 838 2251 praeclare,
872 2164 911 2223 et
938 2136 1029 2222 illud
1057 2137 1096 2219 in
1124 2133 1249 2249 primis
1264 2131 1440 2246 scriptum
1460 2165 1519 2221 re·

62 2259 214 2370 periet:
243 2255 428 2359 Antiquis
449 2256 568 2364 justis
609 2281 677 2337 non
699 2254 787 2361 fuit
807 2273 1005 2365 peccatum
1039 2256 1138 2360 quod
1157 2254 1334 2362 pluribus
1358 2250 1520 2357 fimitis

60 2375 297 2457 utebantur:
332 2396 445 2477 neque
473 2387 603 2456 contra
633 2386 806 2456 naturam
821 2425 824 2431 ·
838 2375 905 2457 hoc
922 2373 1123 2479 faciebant
1150 2426 1164 2473 ,
1196 2395 1277 2451 cum
1302 2395 1370 2453 non
1402 2378 1521 2456 lasci-

59 2494 199 2574 uiendi
227 2513 345 2574 causa
380 2544 395 2592 ,
431 2491 501 2570 sed
523 2495 705 2598 gignendi
733 2492 800 2575 hoc
819 2489 1029 2595 facerent:
1061 2513 1172 2594 neque
1201 2500 1333 2569 contra
1358 2513 1515 2594 morem,

62 2618 239 2713 quoniam
263 2634 304 2693 eo
334 2622 497 2713 tempore
526 2634 571 2687 ea
586 2604 737 2704 fiebant
764 2635 775 2691 a
806 2633 918 2716 neque
954 2619 1085 2692 contra
1106 2620 1390 2715 praeceptum,
1429 2615 1519 2713 quia

62 2735 169 2811 nulla
198 2735 277 2836 lege
304 2738 391 2807 erat
412 2724 657 2831 prohibitum.
996 2722 1001 2729 ’
1278 2729 1279 2733 '

130 2846 183 2931 X.
243 2848 340 2927 Sunt
364 2864 555 2955 praeterea
577 2841 759 2928 nonnulla
776 2842 955 2948 crimina,
977 2858 1075 2959 quae
1087 2840 1240 2957 perinde
1253 2869 1298 2926 ac
1314 2869 1370 2926 res
1393 2871 1520 2957 supra·
1648 2874 1649 2879 ¹

63 2954 188 3047 dictae
218 2957 505 3045 matrimomum
527 2958 749 3075 impediunt.
774 2967 817 3045 ln
847 2961 1045 3076 primisque
1057 2960 1086 3045 si
1101 2958 1225 3044 uxoris
1241 2958 1430 3046 adulterae
1446 2958 1520 3045 fla-

56 3077 159 3193 gitio
182 3078 341 3163 maritus
369 3074 481 3162 luerit
504 3077 551 3162 de
584 3077 711 3163 medio
740 3078 933 3182 sublatus,
968 3103 1013 3164 ut
1043 3079 1205 3163 domum
1233 3104 1392 3163 vacuam
1410 3078 1519 3164 relin-

56 3221 157 3311 quat
181 3195 387 3301 adultero,
416 3190 519 3279 nefas
547 3224 624 3280 esse
656 3195 827 3281 scelestae
856 3196 1001 3282 mulieri
1025 3221 1111 3309 post
1140 3193 1208 3280 viti
1223 3222 1353 3279 necem
1374 3195 1516 3283 adulte·

58 3340 106 3396 ro
130 3315 314 3416 nubere,
342 3311 536 3398 decretum
562 3337 618 3398 est
644 3314 789 3399 concilii
819 3313 1073 3400 Triburiensis.
1100 3318 1238 3427 Neque
1272 3340 1366 3399 vero
1392 3314 1515 3401 solum

56 3426 97 3511 iu
126 3428 232 3516 hunc
264 3430 429 3515 modum
456 3455 606 3544 patrato
635 3431 798 3537 scelere,
832 3433 1051 3550 conjugium
1063 3430 1319 3518 adulterorum
1336 3454 1437 3515 sacra
1453 3463 1514 3547 sy·

56 3546 184 3632 nodus
216 3548 452 3633 detestatur:
480 3549 546 3633 sed
579 3547 692 3633 etiarn
720 3550 749 3633 si
773 3551 922 3636 adulter
959 3550 1094 3635 marito
1122 3549 1274 3636 vivente
1306 3547 1420 3633 fidem
1443 3579 1512 3636 nu·
1552 3615 1696 3665 μω,

57 3663 223 3778 ptlarum
247 3664 353 3750 uxori
370 3665 539 3769 dederit,
570 3666 598 3748 si
628 3666 762 3752 marito
795 3669 872 3782 ipsa
902 3665 1132 3783 superfuerit.
1166 3665 1269 3751 Licet
1301 3666 1401 3751 enim
1426 3698 1509 3753 ma·
1522 3663 1700 3773 lagssfflffigfflg

58 3779 151 3870 titus
176 3785 319 3898 absque
344 3782 603 3869 adulterorum
634 3782 743 3898 culpa
764 3784 985 3891 decesserit,
1012 3786 1103 3902 quia
1129 3809 1256 3869 tamen
1273 3784 1360 3870 data
1376 3810 1430 3870 est
1445 3815 1508 3871 oc·
1522 3797 1621 3892 „,³,¹,;,‘‚¹·
1633 3800 1653 3834 ¹·
1661 3797 1701 3832 ’θ’

55 3901 157 3986 casio
189 3903 289 3989 vitae
319 3899 489 4016 conjugis
516 3901 739 4007 insidiandi,
769 3902 903 3989 merito
930 3929 986 3990 est
1014 3903 1186 3990 adulteris
1216 3928 1301 4014 post
1329 3904 1508 4016 pernicio·
1520 3903 1700 4010 „3552332

60 4046 101 4099 sa
116 4019 280 4132 pollicita
308 4019 590 4104 matrimonium
618 4019 866 4106 interdictum.
884 4024 948 4107 Ad
968 4024 1087 4125 haec,
1105 4020 1133 4104 si
1154 4018 1236 4134 quis
1252 4019 1361 4106 vivae
1384 4025 1508 4109 uxoris
1520 4021 1699 4139 ljgfgsslpoessf

55 4134 222 4245 pellicem
259 4138 422 4225 solutam
451 4139 621 4244 duxerit,
651 4167 733 4223 non
762 4139 884 4224 solum
908 4165 999 4225 tunc
1022 4138 1172 4252 nuptiae
1188 4165 1267 4220 non
1284 4163 1420 4244 erunt,
1440 4144 1505 4229 sed
1519 4141 1698 4251 {ggfglflll

55 4279 109 4336 ne
126 4281 275 4339 mortua
290 4259 445 4372 quidem
462 4288 601 4364 uxore,
625 4257 654 4343 si
680 4286 804 4342 rursus
820 4257 986 4371 pellicem
1004 4258 1138 4342 ducere
1155 4256 1354 4340 tentaverit
1372 4318 1384 4363 ,
1401 4257 1508 4345 dum-

58 4369 181 4454 modo
206 4368 315 4457 fuerit
341 4376 489 4488 utrique
510 4376 745 4489 exploratum
772 4375 1093 4489 impedimentum.
1111 4378 1241 4475 Nam,
1258 4370 1286 4455 si
1317 4404 1416 4489 quae
1447 4374 1508 4463 fa·

54 4511 120 4571 cta
139 4513 193 4573 est
210 4489 339 4600 pellex,
359 4492 450 4577 haec
466 4495 567 4578 bona
583 4492 657 4578 fide
676 4496 881 4610 ignaraque
897 4493 974 4579 doli
989 4492 1173 4578 consensit
1191 4548 1203 4593 ,
1224 4492 1505 4582 matrimonium

54 4605 269 4710 constabit,
303 4607 368 4693 nisi
391 4612 556 4717 eadem,
583 4612 733 4726 cognita
766 4608 898 4697 fraude
913 4675 925 4718 ,
943 4609 1208 4698 reclamaverit·
1238 4608 1351 4701 Quae
1376 4614 1505 4696 omnia
1637 4682 1638 4685 a

58 4746 160 4860 retrp
182 4753 292 4860 agere
319 4725 422 4815 licet:
440 4729 572 4814 eadem
601 4752 657 4815 est
685 4727 786 4815 enirn
801 4729 896 4817 ratio
924 4730 1049 4821 virilu
1070 4757 1256 4835 uxorem,
1284 4757 1384 4845 quae
1410 4760 1505 4816 uxo·

58 4864 105 4926 tu
135 4871 174 4929 tu
204 4872 338 4933 vuum.
1211 4862 1214 4865 “

129 5007 132 5013 ·
1430 4967 1504 5054 Re·
