4034 5858
507 372 573 441 ,w
965 337 1434 415 Dauocnnras

455 480 459 486 ’
485 476 571 591 lege
597 470 828 588 prohibitum
844 532 857 576 ,
872 469 982 586 quod
1006 467 1049 556 fit
1066 529 1081 577 ,
1096 498 1186 556 cum
1210 468 1392 555 innocens
1417 468 1538 555 homo
1558 479 1597 556 et
1626 469 1880 558 indemffltus‘
1895 473 1940 558 in

334 612 337 619 ’
484 595 586 709 jussu
615 591 785 706 principis
802 650 815 696 ,
832 614 898 674 aut
931 587 1167 704 magistratus
1197 587 1410 693 occiditur,
1436 587 1502 673 sed
1529 588 1727 676 victoriam
1756 619 1940 704 quaerere

485 709 650 798 hostium
678 737 837 793 numero
860 707 1047 793 diminuto
1066 706 1394 792 :commilitonum
1420 706 1517 792 inter
1540 736 1579 809 se
1594 768 1607 811 ,
1623 733 1691 795 aut
1715 706 1857 794 civium
1875 710 1940 796 dis·

347 851 350 856 ·
442 864 444 866 ’
484 828 683 915 sidentium
712 827 828 945 longe
853 824 923 909 alia
947 825 1042 910 ratio
1068 852 1148 911 est.
1177 823 1458 939 Turpissimum,
1479 850 1536 910 cst
1560 826 1661 911 enim
1687 824 1775 911 belli
1801 828 1944 935 socios,

483 975 583 1064 quos
612 969 767 1059 oportet
789 973 865 1059 ope
894 969 1027 1029 mutua
1049 972 1199 1029 causam
1221 972 1465 1031 communem
1488 940 1716 1050 defendere,
1738 944 1850 1029 stulta
1865 1007 1879 1051 ,
1894 971 1942 1032 ut

484 1094 594 1179 saepe
620 1062 664 1153 fit
680 1125 693 1171 ,
709 1092 752 1147 ac
779 1061 984 1179 perniciosa
1007 1062 1212 1148 ambitione
1240 1062 1335 1146 inter
1360 1090 1399 1146 se
1422 1090 1620 1176 pugnare,
1645 1087 1713 1146 aut
1730 1062 1828 1149 velle
1852 1094 1935 1150 suas

483 1184 647 1299 privatas
677 1181 949 1266 controversias
982 1176 1081 1265 ferro
1113 1178 1240 1296 potius
1274 1178 1395 1264 dirimi
1419 1239 1432 1284 ,
1456 1179 1570 1266 uelut
1604 1180 1765 1266 sortibus
1794 1180 1936 1297 impiis,

484 1332 603 1419 quam
631 1298 897 1385 communibus
926 1297 1070 1413 legibus
1098 1296 1315 1409 dijudicati.

482 1405 489 1514 'v
545 1421 763 1503 XXXVIII.
812 1419 914 1501 -Atn
934 1414 1096 1517 Quidsi
1118 1444 1199 1500 non
1217 1414 1328 1500 detur
1353 1413 1422 1498 alia
1446 1410 1601 1500 facultas
1625 1412 1883 1527 dijudicandi,
1898 1443 1939 1506 ut

484 1562 612 1656 posset
636 1567 706 1621 usu
722 1532 878 1624 venire?
906 1541 1005 1619 Dsu.
1025 1535 1121 1631 Quo
1143 1532 1300 1619 tandem
1326 1533 1365 1618 id
1382 1534 1531 1647 pacto‘l
1560 1538 1646 1619 nn.
1659 1535 1853 1620 Faciamus
1881 1537 1941 1622 ali·

485 1686 603 1768 quem
636 1654 791 1740 audacia
818 1652 1006 1739 furentem
1035 1652 1230 1738 hominem
1261 1648 1354 1736 falso
1378 1651 1550 1736 detulisse
1582 1651 1634 1737 ad
1653 1657 1939 1767 Imperatorem,

485 1804 548 1860 me
570 1773 740 1890 cogitatis
769 1771 903 1859 insidiis
930 1770 1071 1856 laesisse
1093 1770 1349 1878 maiestatem,
1366 1798 1404 1854 se
1425 1800 1506 1855 uno
1533 1765 1668 1855 frustra
1693 1773 1841 1888 magnis
1859 1772 1939 1889 pol·

484 1890 743 1978 licitationibus
764 1890 803 1975 in
829 1888 967 1976 sceleris
991 1889 1206 1974 societatem
1230 1886 1400 1992 adscito,
1417 1888 1485 2002 qui
1516 1915 1576 1972 me
1600 1885 1742 1974 facinus
1769 1888 1941 1976 inlician-

483 2035 564 2096 tem
582 2071 596 2114 ,
622 2010 730 2100 amis
755 2037 793 2095 se
810 2065 824 2113 ,
840 2035 928 2091 cum
953 2006 1055 2091 aliter
1084 2036 1165 2092 non
1195 2006 1305 2091 detur
1323 2064 1337 2110 ,
1355 2003 1576 2118 profiteatur
1604 2006 1858 2114 adacturum,
1874 2015 1941 2095 Im

485 2151 660 2242 peratore
691 2123 846 2212 credulo
877 2123 1086 2210 institutum
1118 2124 1195 2238 ejus
1227 2122 1462 2238 pertinaciter
1495 2125 1729 2240 approbante
1741 2188 1755 2232 ,
1774 2152 1819 2211 ut
1846 2126 1943 2214 mibi

485 2245 597 2330 armis
623 2242 764 2330 crimen
786 2244 972 2330 intentum
988 2240 1171 2358 'repellere
1191 2241 1236 2327 sit
1263 2271 1410 2330 necesse
1426 2303 1440 2344 ‚
1458 2244 1519 2329 vel
1539 2244 1739 2330 certamine
1753 2246 1943 2330 detrecta-

485 2386 557 2468 ro,
578 2392 688 2449 causa
718 2362 852 2449 cadere
879 2390 967 2446 cum
995 2387 1101 2447 certo
1122 2359 1289 2477 periculo
1314 2388 1395 2445 non
1420 2360 1544 2447 solum
1566 2359 1769 2469 infamiae,
1789 2362 1944 2449 sedne·

485 2481 536 2569 cis
569 2482 683 2566 ctiam
714 2507 782 2566 aut
812 2479 960 2585 exsili,
987 2479 1087 2566 adde
1117 2479 1228 2566 etiam
1255 2481 1448 2566 bonorum
1482 2478 1805 2596 publicationem.
1852 2485 1943 2568 Hoc

484 2598 597 2716 igitur
621 2599 763 2684 simihi
790 2590 889 2683 forte
920 2597 1093 2705 accidat,
1121 2596 1232 2716 quod·
1254 2629 1370 2685 omen
1394 2624 1543 2686 avertat
1571 2604 1679 2686 Deus
1698 2599 1941 2708 immortalis,

484 2745 545 2802 nex
557 2743 650 2803 tunc
665 2717 819 2831 quidem
835 2714 927 2800 mihi
942 2714 1052 2803 liceat
1066 2746 1131 2833 per
1152 2716 1385 2804 Christianae
1407 2717 1591 2837 religionis
1619 2719 1854 2807 severitatem
1870 2748 1941 2833 pro

484 2835 577 2931 meis
594 2831 755 2921 fortunis
771 2896 783 2939 ,
798 2863 871 2948 pro
887 2862 972 2919 mea
986 2832 1087 2920 fama
1105 2897 1118 2942 ,
1135 2867 1205 2952 pro
1223 2867 1309 2925 mea
1330 2835 1448 2925 salute
1471 2838 1691 2955 depugnare
1709 2851 1722 2923 ἓ
1740 2844 1839 2923 Dm.
1857 2841 1941 2923 Tot

485 2953 598 3039 rebus
620 2982 694 3039 con
768 2953 913 3038 entibus
926 3014 939 3059 ,
952 2951 1133 3071 Alfonse‚
1150 2956 1179 3042 si
1193 2957 1276 3075 quis
1290 2955 1394 3044 miles
1409 2983 1599 3045 certamen
1614 2982 1822 3062 recusaret,
1836 2954 1943 3041 hunc

485 3099 670 3187 egoknon
713 3071 840 3156 ortiter
872 3072 1123 3185 prudenterve
1156 3105 1296 3192 agere,
1323 3105 1393 3164 nec
1421 3076 1590 3195 religiose
1624 3077 1847 3180 crederem,
1879 3070 1942 3159 sod

484 3188 624 3304 ignaue
650 3212 688 3281 et
714 3188 835 3282 stulte,
854 3217 904 3279 seq
916 3221 1069 3307 suaque
1083 3194 1260 3309 prodere
1273 3193 1513 3311 judicarem..
1533 3200 1618 3282 Nec
1642 3195 1751 3281 enim
1769 3191 1848 3279 tale
1866 3219 1941 3276 cer·

484 3310 821 3423 intensuscipere
845 3309 945 3395 esset·
962 3312 1119 3426 turpiter
1142 3343 1254 3430 agere
1267 3316 1626 3432 ,quemadmodun
1652 3313 1813 3419 qudam
1830 3306 1943 3393 existi

331 3464 361 3500 n·
389 3477 398 3499 ·
485 3451 593 3524 mant
608 3458 621 3532 ,
638 3451 682 3521 ut
697 3427 1056 3559 honestumaliquid
1078 3433 1303 3543 contingat,
1323 3431 1597 3539 quodfacere,
1620 3421 1745 3508 Paulo
1771 3449 1938 3530 auctore,

484 3571 679 3650 vetamur,
693 3544 983 3647 sedsarctissrmis
999 3545 1175 3663 angustiis
1198 3546 1277 3630 sinc
1292 3573 1363 3629 sua
1373 3539 1485 3658 culpa
1502 3541 1751 3631 interclusum
1766 3572 1943 3660 magnam

484 3689 524 3750 et
545 3662 812 3751 intolerabilem
836 3661 1007 3772 injuriam
1029 3660 1200 3750 inferenti
1214 3725 1227 3769 ‚
1241 3692 1289 3749 ea
1311 3661 1457 3748 ratione
1472 3724 1484 3768 ,
1502 3691 1581 3778 qua
1595 3660 1675 3747 sola
1694 3662 1833 3768 datur,
1848 3661 1942 3780 obsi7

486 3802 580 3868 stete
631 3783 742 3897 quod
764 3805 820 3871 est
848 3781 1147 3871 honestissimum
1170 3782 1250 3896 jure
1279 3806 1440 3867 naturae
1454 3841 1474 3887 ,2
1483 3810 1628 3898 magno
1652 3807 1783 3868 tamen
1810 3781 1945 3867 scelere

486 3901 752 4015 provocantis,
780 3910 818 3985 et
841 3899 1015 4016 singulari
1046 3898 1216 4017 principis
1247 3899 1447 4014 injustitia.
1482 3899 1557 3984 Sed
1581 3900 1676 4017 quid
1701 3901 1834 3986 attinet
1857 3901 1937 3985 huc

402 4017 404 4024 ⁴
485 4015 761 4134 afferte,quae
781 4017 1013 4135 cogitatione
1028 4018 1223 4135 finguntur
1240 4081 1253 4123 ,
1269 4029 1341 4104 nec
1358 4016 1483 4104 multis
1506 4020 1657 4105 saeculis
1684 4051 1756 4107 suu
1768 4018 1941 4125 veniunt,

487 4137 554 4222 ubi
567 4137 757 4253 quaeritur
776 4136 825 4222 dc
845 4138 885 4222 iis
902 4199 914 4241 ,
930 4165 1030 4252 quae
1053 4136 1226 4253 quotidie
1248 4162 1444 4253 patrantur
1462 4197 1475 4243 ,
1491 4164 1531 4223 ct
1555 4138 1700 4256 legibus
1716 4163 1799 4225 tum
1815 4136 1944 4253 ponti·

487 4253 605 4360 ficlis,
633 4281 716 4340 tum
746 4255 859 4342 etiam
885 4255 1018 4342 divinis
1053 4255 1329 4371 prohibentur?
1356 4261 1446 4342 Hoc
1473 4255 1587 4373 igitur
1617 4257 1737 4364 dico,
1761 4286 1844 4341 non
1862 4256 1943 4343 lice·

487 4400 530 4458 re
544 4371 756 4464 Christiano
786 4373 963 4489 cuiquam
978 4403 1109 4492 pugna
1136 4374 1312 4492 singulari
1329 4435 1342 4481 ,
1358 4376 1427 4461 nisi
1449 4402 1538 4461 cum
1563 4375 1672 4462 hoste
1688 4375 1862 4492 legitimo
1885 4376 1942 4465 dc·

489 4499 640 4591 cernere
654 4490 713 4598 ,si
730 4488 846 4588 aliter
876 4493 1016 4599 detur,
1034 4520 1166 4607 pacem
1193 4494 1272 4578 sine
1300 4491 1467 4580 maximis
1496 4494 1775 4598 incommodis,
1805 4524 1854 4580 ac
1879 4495 1943 4580 im·-

488 4610 679 4724 pendente
701 4608 809 4728 gravi
830 4608 959 4722 injuria
980 4612 1136 4697 retinere
1152 4672 1165 4717 ,
1184 4611 1247 4699 vel
1264 4639 1303 4697 se
1319 4611 1461 4729 legibus
1483 4613 1580 4699 tueri
1596 4675 1609 4721 ,
1624 4643 1811 4729 suamque
1829 4610 1944 4731 digui-

488 4751 630 4831 tarem3
647 4757 857 4843 numquam
874 4751 1022 4835 tamen,
1037 4753 1080 4816 ut
1099 4755 1240 4818 eventu
1257 4760 1408 4849 pugnae
1423 4757 1559 4848 anceps
1575 4732 1833 4822 controversia
1846 4730 1948 4819 velut

489 4837 618 4943 Marte
634 4844 764 4977 judice
786 4847 1014 4971 dirimatur,v
1031 4853 1127 4942 Noa
1152 4874 1210 4965 est
1232 4849 1335 4942 euim
1359 4849 1676 4945 committendum
1692 4876 1770 4962 ‚ut
1798 4875 1950 4940 tentare

1723 5010 1724 5013 ’
1802 4976 1951 5083 Deumg
