4140 5872
449 344 454 350 ’
549 397 595 473 as
714 387 1802 475 ltro.rtaounorrrrusrrnsttrutr.

524 533 618 610 biles
640 551 761 630 patres
793 526 962 605 dominos
983 526 1181 602 Henricutn
1215 526 1262 601 de
1290 526 1383 604 Serta
1413 527 1633 604 Bririensem
1652 581 1663 616 ,
1682 550 1721 606 et
1746 523 1977 629 praedictum

521 636 723 714 'Alfonsum
738 635 941 709 Firmanum
960 628 1184 728 Episcopus,
1204 643 1243 704 et
1258 632 1487 706 Fernandum
1503 632 1633 708 Alvari
1648 633 1835 711 Abbatem
1860 636 1979 712 Valli·

525 741 665 827 soleti,
691 757 728 814 et
742 735 941 813 Alfonsunr
971 734 1148 808 Fernandi
1186 732 1455 811 thesaurarium
1472 735 1697 811 Toletanunr
1712 738 1978 822 ,camerarium

526 850 658 920 mcum.
674 843 850 939 Quinque
864 838 980 912 millia
994 861 1080 912 vero
1096 838 1335 914 celebrentur·
1350 843 1388 913 in
1405 841 1559 914 civitate
1575 839 1824 928 Bononiae‚de
1839 842 1975 940 quibus

526 951 599 1026 tria
612 945 721 1047 millia
735 944 821 1020 volo
836 943 1011 1045 celebrati
1024 963 1090 1039 per
1112 942 1305 1043 religiosos
1323 941 1492 1041 ordinum
1513 943 1792 1019 mendicantium
1807 973 1818 1018 t
1843 964 1881 1020 et
1899 947 1975 1022 duo

526 1044 637 1128 millia
665 1043 1296 1146 perpresbyteros'seculares‘jurta
1323 1049 1593 1123 ordinationem
1615 1064 1655 1121 et
1683 1051 1970 1144 praestationem

525 1154 691 1255 religiosi
712 1152 780 1224 viri
797 1146 915 1225 fratris
933 1145 1325 1241 Thomasini,ministri
1340 1151 1485 1226 >ordinis
1498 1153 1615 1225 sancti
1627 1151 1809 1245 Francisci
1832 1154 1868 1226 in
1888 1166 1974 1251 pro‘-

525 1259 657 1337 ‚vinciis
686 1255 873 1329 Bononiae
898 1269 937 1327 et
970 1252 1271 1340 Romandiolae,
1297 1271 1336 1326 et
1361 1252 1636 1353 praedictorum
1650 1250 1830 1331 fernandi
1845 1256 1973 1333 Alvati

526 1359 690 1436 ‘Abbatis
708 1355 937 1442 Vallisoleti,
954 1373 992 1428 et
1013 1352 1162 1429 Alionsi
1187 1354 1361 1431 Fetnandi
1388 1353 1613 1431 thesaurarii.

529 1500 531 1504 ·
580 1464 643 1539 IX.
693 1460 753 1535 De
779 1457 858 1534 aliis
872 1481 960 1533 vero
974 1458 1186 1555 quindecim
1204 1457 1319 1534 millia
1346 1462 1462 1535 missis
1493 1459 1619 1535 decem
1647 1459 1761 1535 millia
1783 1461 1972 1538 celebren-

525 1586 591 1665 tur
621 1564 807 1640 Avinione
835 1559 1035 1636 secundum
1062 1561 1333 1638 ordinationem
1356 1560 1716 1639 et-distributionem
1747 1568 1973 1642 reverendis·

525 1675 628 1750 simo
638 1689 780 1768 patrum
794 1664 1026 1740 dominorum
1042 1686 1209 1741 meorum
1237 1668 1471 1743 dominorum
1482 1667 1629 1742 Nicolai
1639 1668 1814 1767 *Episcopi
1829 1670 1974 1744 Tuscu·

523 1771 755 1862 lani,-Petri
773 1768 1012 1871 Apostolicae
1042 1768 1138 1844 sedis
1164 1769 1449 1844 vicecancellarii
1478 1791 1567 1844 tunc
1596 1791 1742 1846 sanctae
1759 1769 1972 1847 Anastasiae

523 1875 751 1979 presbyteri,
770 1892 807 1948 er
833 1868 932 1947 Petri
953 1890 1099 1946 sanctae
1127 1871 1266 1947 Mutiae
1294 1896 1411 1948 novae
1427 1870 1569 1949 diaconi
1585 1924 1596 1961 ,
1615 1890 1757 1950 sanctae
1782 1875 1972 1950 Romanae

525 1978 700 2058 ecclesiae
716 1973 928 2050 Cardinalis.
959 1972 1048 2049 Tria
1068 1969 1187 2048 millia*
1201 1998 1305 2051 uero
1322 1976 1552 2051 celebrentur
1575 1996 1639 2077 per
1665 1975 1856 2076 religiosos
1882 1999 1970 2052 con·

525 2102 705 2162 ventuum
730 2076 1017 2152 mendicantium
1043 2076 1265 2154 civitatiset
1283 2077 1462 2153 dioecesis
1486 2079 1846 2179 caesaraugustanae
1869 2076 1971 2175 juxta

525 2185 796 2263 ordinationem
820 2178 1001 2280 praedicti
1035 2178 1175 2256 domini
1207 2180 1487 2281 Archiepiscopi
1511 2180 1862 2284 Caesaraugustani;
1895 2182 1971 2258 duo

524 2288 640 2365 millia
665 2303 790 2362 auteur
811 2284 1041 2360 celebrentur
1063 2307 1134 2383 per·
1150 2282 1340 2386 religiosos
1367 2283 1614 2359 mendicantes
1642 2304 1679 2359 et
1695 2283 1849 2359 *clericos
1868 2307 1972 2359 secu·

522 2387 789 2469 larescivitatis
815 2403 856 2462 et
877 2385 1054 2464 dioecesis
1069 2386 1296 2463 Conchensis
1310 2386 1414 2486 juxta
1428 2386 1699 2463 ordinationem
1726 2405 1764 2461 ct
1794 2386 1971 2462 distribu-

524 2494 669 2573 tionem
686 2490 906 2568 venerabilis
936 2488 1048 2588 patris
1074 2490 1218 2564 domini
1239 2487 1413 2566 Bernatdi
1435 2490 1608 2590 Episcopi
1625 2514 1637 2579 ,¹
1663 2508 1702 2566 et
1718 2489 1871 2574 Martini
1888 2489 1971 2569 Fer·

524 2597 639 2675 nandi
665 2595 793 2672 decani
817 2612 855 2668 et
881 2592 1032 2691 capituli
1048 2593 1221 2667 ecclesiae
1236 2591 1482 2671 Conchensis.

576 2703 621 2777 X.
674 2700 766 2775 Item
784 2697 869 2796 lego
886 2719 954 2793 pro
980 2717 1129 2770 centum
1143 2694 1271 2793 puellis
1298 2695 1512 2771 maritandis
1538 2699 1576 2770 in
1607 2696 1769 2772 dloecesi
1786 2687 1973 2773 Toletani

523 2814 564 2882 'et
579 2800 789 2880 Conchensi
806 2799 962 2877 cuilibet
989 2817 1177 2876 tercentos
1204 2800 1446 2901 marapetinos
1460 2814 1629 2879 monetae
1651 2799 1795 2875 illarum
1811 2796 1969 2899 patrium

526 2902 841 2986 nunccurrentis.
1456 2904 1459 2908 ’
1642 2898 1645 2903 ’
1732 2902 1734 2905 ’
1772 2957 1774 2961 s

529 3025 532 3030 ’
557 3011 622 3088 XI.
648 3003 751 3111 Item
773 3010 859 3112 lego
874 3032 944 3109 pro
956 3005 1174 3088 redimendis
1191 3007 1409 3088 Christianis
1431 3006 1587 3108 captivIs
1606 3010 1644 3086 in
1662 3024 1759 3084 terra
1775 3005 1971 3084 Saraceno-

523 3136 606 3193 rum
620 3116 771 3215 triginta
786 3112 894 3188 millia
907 3117 1149 3213 marapetinos
1162 3131 1335 3190 monetae
1347 3116 1449 3214 regni
1464 3112 1645 3189 Castellae
1664 3134 1762 3186 nunc
1777 3113 1970 3187 currentis.

577 3214 655 3293 XII.
708 3217 803 3291 Item
822 3236 909 3312 curn
938 3239 1010 3319 ego
1038 3215 1226 3294 statuerim
1253 3240 1316 3293 ser
1330 3213 1540 3315 capellanias
1563 3233 1759 3316 perpetuas
1781 3215 1819 3286 in
1849 3213 1973 3289 ecclc·

523 3322 578 3396 sia
594 3319 802 3406 Toletana,
825 3321 972 3416 sintque
1002 3322 1122 3395 solum
1147 3340 1309 3418 quatuor
1333 3319 1513 3399 dotataes
1538 3317 1623 3418 lego
1656 3315 1819 3416 capitulo
1845 3315 1972 3391 dictae
2006 3368 2014 3379 s

524 3422 915 3499 ecclesiaeToletanae
939 3425 1090 3525 triginta
1110 3424 1222 3498 millia
1238 3423 1479 3522 marapetinos
1507 3419 1626 3496 dictae
1650 3438 1820 3495 monetae
1847 3441 1916 3516 pro
1930 3441 1974 3490 a·

523 3526 580 3600 liis
603 3526 748 3601 duabus
761 3523 955 3613 dotando,
972 3527 1023 3599 ita
1045 3527 1150 3623 quod
1165 3529 1236 3626 ipsi
1258 3529 1577 3625 incorporenteas
1596 3522 1802 3598 cumbonis
1825 3542 1972 3597 mensae

523 3648 609 3704 suae
633 3627 736 3724 iuxta
750 3624 1007 3703 conditionem
1034 3649 1072 3704 et
1098 3630 1374 3706 ordinationem
1390 3627 1539 3702 aliarum
1565 3646 1742 3725 quatuor.

534 3763 536 3768 ¹
574 3730 671 3807 XHI.
724 3732 817 3807 Item
840 3729 925 3832 lego
947 3732 1109 3832 capitulo
1122 3730 1354 3809 Conchensis
1380 3730 1557 3806 ecclesiae
1574 3727 1787 3803 molendina
1815 3725 1862 3803 ad
1886 3723 1973 3801 fati-

524 3851 607 3909 nam
631 3853 670 3910 et
689 3854 954 3935 trapos,quae
981 3858 1052 3937 ego
1079 3833 1198 3911 habco
1224 3838 1262 3909 iu
1289 3833 1504 3930 fluvio,qui
1528 3850 1682 3906 vocatur
1695 3833 1828 3906 Xucar
1855 3850 1973 3929 prope

481 3949 483 3959 ·
523 3933 713 4014 civitatem
727 3934 998 4024 Conchensem,
1016 3960 1113 4038 quae
1134 3938 1220 4014 alias
1239 3936 1388 4013 fuerunt
1406 3933 1601 4013 Michaelis
1612 3932 1747 4010 Sanctii
1761 3988 1774 4024 ,
1787 3955 1871 4011 curu
1885 3952 1973 4010 soto

524 4053 565 4114 ct
591 4042 762 4117 omnibus
783 4043 1015 4139 pertinentiis
1030 4044 1128 4133 suis,
1144 4045 1237 4118 sicut
1261 4066 1334 4142 ego
1348 4041 1432 4115 emi.

578 4142 681 4222 XIV.
738 4144 832 4218 Item
856 4144 944 4246 lego
970 4143 1089 4222 eidem
1116 4145 1280 4244 capitulo
1297 4141 1510 4220 Conchensi
1540 4163 1668 4218 omnes
1696 4140 1967 4240 possessiones,

523 4267 614 4343 quas
628 4271 700 4350 ego
721 4250 798 4322 emi
819 4270 939 4348 prope
963 4250 1153 4323 civitatem
1166 4245 1447 4331 Conchensem,
1465 4267 1561 4347 quae
1580 4265 1763 4321 vocantur
1778 4243 1819 4315 la
1833 4241 1973 4318 debesa

522 4347 575 4422 ab
590 4349 768 4424 Hendibo
783 4399 796 4436 ,
812 4372 833 4423 a
849 4352 993 4452 Joanne
1007 4350 1156 4427 SanctIo
1180 4350 1226 4426 de
1239 4351 1273 4426 la
1286 4349 1461 4449 Roquilla
1485 4367 1524 4423 et
1536 4347 1679 4448 Joanne
1701 4345 1866 4419 Martino
1890 4343 1972 4421 filio

521 4449 621 4526 Petri
638 4451 790 4527 Martini
817 4453 1012 4528 macellarii
1027 4452 1282 4541 Conchensis,
1306 4474 1343 4527 et
1363 4451 1451 4526 volo
1476 4468 1516 4527 et
1534 4472 1627 4552 rogo
1654 4449 1833 4526 decanum
1861 4465 1897 4523 et
1911 4468 1974 4519 ca·

443 4560 445 4564 '
522 4551 682 4648 pitulum
697 4612 709 4647 ,
724 4553 827 4654 quod
855 4558 923 4656 ipsi
942 4559 1135 4632 instituant
1160 4558 1250 4631 duas
1266 4554 1483 4652 capellanias
1507 4572 1702 4655 perpetuas
1724 4552 1824 4643 iuxta
1839 4548 1974 4625 condi-

522 4657 664 4733 tionem
690 4658 839 4733 aliarum
867 4659 1149 4760 capellaniarum
1177 4657 1426 4735 institutarum
1464 4679 1530 4756 pet
1568 4677 1710 4756 patrem
1746 4675 1785 4732 et
1816 4670 1974 4729 matrem

523 4782 627 4837 meos
657 4779 697 4837 et
724 4784 810 4855 me,
827 4783 866 4838 et
885 4764 1061 4862 capellani
1083 4763 1243 4840 debeant
1267 4763 1452 4839 celebrare
1474 4763 1510 4834 in
1534 4760 1673 4858 capella
1688 4816 1701 4853 ,
1716 4758 1781 4834 ubi
1801 4777 1970 4859 parentes

524 4866 599 4943 tnei
622 4882 709 4944 sunt
731 4865 865 4969 sepulti
881 4917 893 4958 ,
911 4890 979 4969 pro
997 4867 1163 4946 remedio
1178 4869 1378 4947 animarum
1399 4887 1545 4946 suarum
1558 4879 1598 4942 et
1610 4882 1727 4940 meae.

1886 4966 1980 5042 Item
