4020 5864
511 326 584 421 ,ro
867 324 1223 400 suravoaocrn
1242 327 1340 400 ruo
1365 327 1467 399 nau.
1490 328 1571 399 mo

485 455 792 572 ingravescente,
818 452 942 539 multo
957 452 1072 538 etiam
1088 451 1206 569 magis
1223 508 1239 557 ‚
1260 481 1379 568 quam
1394 453 1432 537 in
1449 452 1708 540 adolescentia
1731 481 1774 539 se
1791 453 1935 542 dedide-

485 600 573 678 rat,
596 574 647 659 ita
669 599 797 659 tamen
815 600 893 658 sea
913 600 1033 686 puero
1048 596 1362 685 comparaverat,
1388 596 1432 657 ut
1447 601 1593 688 semper
1609 574 1740 657 rerum
1760 573 1933 683 maiorem

484 691 641 777 haberet
655 719 783 776 curam
800 754 812 798 ,
837 719 955 806 quam
971 690 1188 777 verbomm.
1212 695 1308 784 Quo
1324 687 1447 776 *fiebat
1464 751 1477 793 ,
1494 715 1540 775 ut
1569 720 1685 807 saepe
1713 718 1809 774 cum
1824 723 1932 807 quae·

486 810 646 900 stionem
661 809 824 926 aliquam
841 807 1032 924 physicam
1070 832 1138 896 aut
1169 806 1421 923 theologicam
1436 808 1670 923 disputaret,
1694 808 1826 894 mallet
1836 812 1930 899 idem
2004 843 2007 927 1

484 930 534 1015 ad
550 930 698 1017 nodum
717 926 940 1044 quempiam.
959 924 1220 1039 explicandum
1237 927 1359 1031 minus
1373 927 1547 1031 Latina,
1562 929 1628 1013 sed
1647 951 1748 1012 nota
1777 932 1879 1014 verba
1903 961 1927 1016 a

484 1047 668 1154 Thoma,
694 1047 753 1136 vel
777 1051 922 1150 Scoto,
965 1044 1228 1133 Alexandtove
1257 1043 1447 1130 interdum
1479 1045 1644 1129 mutuari
1675 1106 1688 1148 ,
1727 1071 1776 1130 ut
1809 1047 1927 1134 elarius

483 1164 822 1281 significantiusque
839 1164 1082 1280 loqueretur,
1107 1190 1225 1277 quam
1244 1161 1496 1249 Ciceronianis
1512 1162 1591 1267 uti,
1619 1162 1650 1248 si
1683 1164 1930 1250 orationisin

484 1281 641 1370 solentia
658 1282 886 1398 philosophis
911 1306 977 1366 aut
993 1279 1209 1396 theologis,
1239 1281 1290 1366 ad
1319 1309 1418 1396 quos
1449 1281 1566 1365 verba
1588 1276 1769 1386 faceret,
1807 1283 1930 1369 obstu-

484 1401 632 1488 ritatem
656 1401 817 1516 paritura
835 1399 1052 1486 videretur:
1083 1399 1190 1512 quod
1224 1397 1263 1482 in
1292 1398 1421 1515 aliquo
1438 1398 1514 1511 ejus
1544 1398 1627 1483 libri
1664 1397 1793 1503 loco,
1825 1431 1929 1517 quem

485 1519 618 1605 mortis
638 1520 767 1632 injuria
781 1517 898 1634 polire
923 1547 1003 1602 non
1020 1515 1172 1631 potuit,
1202 1516 1269 1631 ipsi
1287 1517 1335 1602 de
1352 1546 1459 1602 sensu
1474 1517 1590 1633 magis
1609 1577 1624 1621 ,
1652 1544 1779 1630 quam
1796 1518 1842 1603 de
1858 1550 1930 1605 ora·

485 1638 590 1724 tione
607 1638 751 1724 solicito
772 1667 842 1722 usu
859 1636 1027 1740 venisse,
1056 1662 1136 1718 non
1153 1635 1285 1720 debuit
1300 1664 1376 1721 esse
1400 1661 1480 1721 tam
1506 1635 1790 1741 criminosum,
1817 1663 1858 1723 ut
1881 1640 1932 1724 ob

487 1755 527 1844 id
542 1756 648 1872 quasi
665 1756 715 1844 de
730 1753 959 1872 possessione
975 1752 1090 1837 totius
1103 1750 1187 1837 libri
1202 1750 1434 1865 dejiceretur.

292 1889 406 1966 obiectio
423 1900 493 1959 terr
544 1877 709 1960 XXVll.
770 1873 893 1969 Quod
909 1900 1025 1987 porro
1039 1869 1145 1985 quasi
1172 1870 1396 1985 probrosum
1426 1871 1566 1983 jactas,
1595 1870 1804 1959 Albertum
1829 1875 1933 1960 Pium

295 1966 338 2009 ω’
486 1991 622 2109 scripta
650 2018 718 2077 tua
750 2019 831 2078 non
859 1989 1016 2106 legisse,
1049 1986 1115 2073 sed
1131 1988 1181 2074 ad
1213 1989 1450 2104 decerpenda
1478 1990 1590 2096 loca,
1616 2019 1727 2105 quae
1743 2018 1932 2106 carperet,

488 2110 769 2198 monachorum
802 2107 1058 2224 quorumdam
1108 2105 1343 2223 aliorumque
1377 2108 1566 2193 laboribus
1593 2137 1712 2193 usum
1735 2106 1866 2214 fixisse,
1890 2110 1931 2196 id

487 2228 644 2343 quidem
661 2224 815 2313 fortasse
837 2253 917 2311 non
946 2223 1042 2310 male
1072 2222 1271 2336 conjectas.
1306 2224 1363 2310 Sic
1389 2225 1490 2310 enim
1518 2225 1695 2312 existimo
1726 2227 1852 2331 ,dum
1879 2256 1926 2312 ex

489 2375 578 2431 meo
593 2346 763 2432 instituto
779 2344 913 2430 metior
928 2343 1020 2428 illius
1035 2341 1201 2430 animum
1217 2405 1228 2447 ,
1246 2343 1380 2458 ipsum,
1400 2371 1604 2459 antequam
1631 2344 1847 2430 necessitate
1861 2344 1933 2430 du-

488 2490 662 2567 ceretur,
693 2462 867 2549 nonnihil
883 2463 932 2548 de
949 2459 1087 2575 scriptis
1105 2461 1177 2546 tuis
1204 2460 1316 2546 animi
1331 2489 1442 2546 causa
1461 2460 1588 2578 legisse
1611 2492 1621 2545 ε
1651 2461 1749 2546 nihil
1772 2462 1869 2548 enim
1884 2488 1933 2549 est

490 2582 542 2669 eis
557 2584 748 2699 argutius,
774 2579 864 2665 nihil
879 2576 1064 2667 festivius:
1096 2578 1161 2664 sed
1179 2579 1291 2664 horas
1307 2579 1508 2665 severiores
1530 2579 1640 2664 sacris
1658 2580 1819 2684 litteris,
1847 2582 1933 2667 Hie·

491 2712 733 2816 ronymoque
747 2724 787 2784 et
804 2697 1047 2814 Augustino,
1063 2702 1102 2782 et
1119 2696 1173 2781 his
1189 2695 1362 2783 similibus
1382 2697 1599 2801 ,interdum
1619 2697 1740 2784 etiam
1757 2698 1934 2786 Aristoteli

489 2818 553 2902 vel
566 2818 739 2904 Ciceroni
754 2815 927 2901 libentius
942 2814 1176 2927 impendisse.
1194 2819 1287 2899 Non
1305 2813 1414 2929 quod
1430 2819 1510 2901 uon
1528 2815 1599 2900 sint
1618 2813 1744 2901 multa
1761 2817 1799 2902 in
1813 2818 1881 2902 tuis
1892 2818 1930 2900 li·

490 2934 578 3041 bris,
592 2965 690 3051 quae
704 2934 803 3020 horis
819 2932 932 3020 etiam
947 2930 1136 3018 matutinis
1151 2932 1223 3054 legi
1237 2931 1391 3047 possint,
1406 2957 1445 3021 et
1456 2932 1663 3050 legentium
1674 2963 1819 3049 operae
1833 2962 1933 3050 prae·

493 3054 587 3137 tium
605 3051 822 3139 absolvere:
850 3051 917 3138 sed
934 3050 1043 3166 quod
1059 3079 1192 3136 eorum
1219 3076 1417 3137 auctorum
1434 3110 1449 3156 ‚
1464 3052 1532 3167 qui
1547 3048 1761 3138 Erasmum
1778 3078 1934 3167 quantus

495 3195 563 3276 est,
578 3167 811 3276 effecerunt,
837 3197 955 3284 quam
972 3169 1116 3253 Erasmi
1132 3167 1385 3255 monumentis
1399 3168 1605 3256 lectitandis
1617 3171 1838 3258 uberiorem
1862 3167 1931 3254 ltu·

494 3313 598 3375 ctum
614 3317 745 3404 capere
761 3315 799 3373 se
816 3317 952 3401 posse,
969 3294 1049 3372 non
1066 3286 1177 3373 stulte
1195 3312 1265 3393 ,ut
1281 3287 1417 3402 opinor
1433 3345 1450 3394 ,
1465 3288 1703 3375 existimaret.
1720 3294 1854 3376 Postea
1867 3315 1927 3374 ve·

494 3437 540 3493 ro
552 3437 668 3522 quam
686 3467 699 3511 ,
716 3403 935 3520 nescioquo
951 3401 1058 3511 fato,
1073 3404 1112 3490 in
1128 3433 1212 3490 eam
1237 3404 1491 3494 necessitatem
1505 3406 1659 3494 adactus
1676 3432 1738 3494 est
1758 3467 1772 3512 ,
1792 3432 1835 3492 ut
1847 3433 1929 3492 con·

486 3524 614 3612 sulere
635 3520 758 3612 famae
784 3551 872 3610 suae
888 3551 968 3608 non
985 3548 1141 3638 posset,
1165 3522 1231 3608 nisi
1246 3553 1346 3641 quae
1371 3525 1499 3612 audita
1522 3525 1571 3612 de
1602 3525 1677 3612 tuis
1703 3525 1846 3642 scriptis
1875 3525 1931 3610 da·

498 3648 680 3752 mnabat,
707 3641 904 3731 scribendo
919 3637 1120 3730 refelleret:
1136 3642 1239 3732 haud
1255 3641 1430 3762 equidem
1448 3645 1596 3750 credo,
1622 3643 1751 3759 ipsum
1779 3669 1861 3731 tarn
1875 3643 1934 3728 he·

497 3763 779 3870 betem³fuisse,
808 3764 852 3851 ut
867 3792 947 3849 non
963 3762 1209 3880 intelligeret,
1238 3762 1304 3849 nisi
1320 3763 1484 3879 perlectis
1511 3765 1584 3850 tuis
1614 3762 1717 3848 libris
1732 3790 1818 3849 non
1834 3790 1934 3876 posse

498 3884 692 3997 sparsasin
716 3885 767 3969 eis
793 3882 990 3970 sententias
1020 3881 1228 3999 cognosci,
1255 3909 1325 3968 nec
1341 3882 1552 3999 incognitas
1577 3877 1764 3990 refutari3
1794 3905 1934 3997 putasse

498 4026 626 4088 tamen
641 4002 748 4117 parvi
766 4000 967 4106 interesse,
992 3999 1118 4114 ipsene
1149 4030 1215 4113 per
1236 4030 1425 4093 summum
1458 4000 1625 4085 laborem
1659 3999 1936 4117 investigasset,

327 4205 351 4253 n
390 4142 439 4254 ξι
498 4151 548 4207 an
572 4122 621 4206 ab
637 4119 712 4206 aliis
742 4122 938 4235 accepisset
952 4181 965 4225 ,
981 4116 1084 4234 qui*
1103 4115 1143 4202 in
1158 4118 1233 4203 hoc
1247 4117 1518 4237 diligentissime
1544 4117 1657 4204 libros
1685 4142 1778 4203 tuos
1806 4139 1937 4234 sponte

304 4207 483 4334 {russata
497 4269 563 4325 sua
579 4239 866 4355 patrumm.
895 4237 969 4323 seu
984 4236 1073 4324 roca
1097 4236 1293 4343 natatis,
1316 4236 1408 4322 dum
1426 4236 1570 4354 singna
1585 4235 1822 4323 annuam
1837 4294 1854 4341 ,
1867 4264 1936 4321 m-

304 4331 349 4376 ''‘'
497 4379 582 4443 tum
610 4357 765 4463 habeo,
790 4356 946 4462 omnia,
963 4383 1064 4472 quae
1091 4353 1142 4440 ad
1160 4353 1340 4472 cujusque
1364 4355 1594 4443 intellectum
1610 4349 1735 4442 facete
1750 4379 1937 4470 possent,

498 4472 692 4591 perlegisse
717 4474 841 4564 virum
864 4472 1188 4590 prudentissimum
1205 4531 1221 4578 ,
1237 4502 1308 4561 nec
1333 4475 1506 4590 ignarum
1536 4501 1616 4560 non
1640 4470 1749 4559 aliter
1763 4502 1879 4588 posse
1894 4473 1936 4559 dr

497 4595 580 4709 ipsis
603 4591 680 4677 siue
705 4621 851 4677 summa
885 4589 1063 4677 caecitate
1084 4589 1262 4701 judicari.
1286 4589 1413 4688 Quod
1448 4590 1536 4678 mihi
1568 4621 1649 4677 non
1675 4591 1810 4678 solum
1841 4614 1928 4679 cem

496 4710 711 4824 conjectura
749 4711 799 4794 ab
829 4707 1001 4793 altissima
1016 4706 1085 4794 viri
1110 4707 1308 4824 prudentia
1323 4710 1437 4797 ducta
1452 4708 1657 4825 persuasit,
1682 4709 1752 4796 sed
1778 4709 1873 4796 illius
1883 4729 1927 4792 et·

484 4831 571 4916 ,iarn
595 4824 885 4933 adolescentuli,
911 4854 993 4941 quo
1005 4826 1144 4913 lectore
1160 4828 1364 4937 utebatur,
1388 4827 1644 4931 testimonium
1657 4824 1930 4958 mdubitanm,

1878 4970 1933 5032 tur
