4140 5872
268 407 347 486 DE
382 397 601 481 REGNO
636 396 713 469 ET
749 392 927 469 REGIS
965 388 1223 466 OFFICIO
1245 396 1350 468 LIB.
1372 393 1402 465 1.
1483 410 1550 488 107

121 536 306 644 letabilis,
331 525 534 652 gravissimi
562 545 735 608 auctores
762 580 774 624 ,
805 541 845 603 et
867 515 908 601 in
944 514 999 604 his
1032 518 1202 606 Thomas
1225 520 1500 635 prodiderunt:
1528 548 1574 612 ut

121 657 304 747 sententia
328 653 387 740 illa
411 653 461 737 de
484 673 652 762 tyranno
679 640 833 756 impune
857 639 1035 723 necando
1054 636 1094 722 in
1116 667 1233 755 quam
1257 666 1402 755 partem
1426 641 1573 730 aCon·

120 777 203 866 tilio
230 767 511 863 Constantiensi
542 763 700 851 sessione
725 793 779 843 xv.
812 781 965 873 accepta
996 755 1259 875 damnataque·
1286 761 1360 865 sit,
1384 760 1572 879 intelliga-

117 920 208 983 tur.
237 901 341 982 Nam
367 915 551 1007 tyrannus
580 880 729 998 proprie
758 876 917 982 dictits,
959 876 1118 993 dequo
1154 880 1276 994 primo
1306 879 1395 965 loco
1425 911 1571 969 memo-

116 1015 324 1119 ravimus,
357 1011 425 1126 qui
454 1005 623 1092 libertate
655 997 811 1085 civitatis
844 1018 912 1080 aut
940 994 1062 1112 gentis
1094 1026 1308 1112 oppressa,
1347 997 1479 1085 viaut
1500 1001 1568 1087 do·

117 1135 161 1221 lo
196 1130 436 1249 tyrannidem
464 1123 630 1223 invasit,
671 1141 711 1203 ct
749 1114 873 1203 invitis
895 1113 1056 1201 herilitet
1093 1114 1251 1231 impetat
1281 1177 1294 1224 ,
1329 1141 1374 1202 ut
1406 1145 1491 1227 est,
1520 1119 1572 1205 sic
1628 1225 1630 1229 Α

115 1253 215 1340 loco
238 1248 374 1367 publici
402 1245 517 1332 hostis
542 1236 856 1357 philosophorum
884 1261 1070 1319 consensu
1102 1257 1141 1321 et
1170 1263 1276 1322 more
1306 1236 1475 1353 gentium
1508 1236 1573 1326 ha·

113 1373 263 1457 betur.
296 1375 402 1485 Ergo
427 1363 613 1450 malorum
641 1385 774 1473 regum
808 1352 919 1468 culpa
948 1348 1090 1439 factum
1115 1378 1205 1458 est,
1233 1379 1277 1440 ut
1308 1357 1402 1473 regis
1427 1385 1570 1443 nomen

116 1490 304 1588 odiosum
324 1511 441 1602 atque
467 1503 680 1596 suspectum
701 1497 796 1561 esset
820 1470 1009 1559 nonnullis
1039 1471 1279 1579 nationibus,
1312 1476 1471 1560 maxime
1492 1457 1764 1598 Ro·fif‚l.l⁵sllfs'“if
1838 1499 1840 1503 ’

121 1607 278 1712 manis,
305 1605 371 1722 qui
396 1627 483 1720 post
514 1594 765 1712 Tarquinium
792 1591 1003 1705 Superbum
1026 1616 1251 1707 exactosque
1280 1621 1386 1711 reges
1419 1623 1491 1708 pro
1515 1619 1572 1713 ty·
1586 1591 1629 1629 ‘¹²²
1650 1579 1762 1629 “W''

123 1754 250 1812 ranno
276 1753 403 1841 regem
422 1745 490 1827 ,et
519 1742 677 1834 regnare
691 1710 894 1815 dicebant,
918 1708 946 1792 si
970 1708 1053 1823 quis
1077 1710 1317 1825 tyrannidem
1340 1739 1540 1800 exerceret.

194 1847 297 1929 Xssl.
368 1835 543 1954 Hispanis
573 1839 706 1920 c'ontra
741 1828 836 1946 regis
868 1856 1010 1914 nomen
1039 1856 1184 1943 semper
1215 1860 1399 1947 magnum
1430 1828 1500 1917 fuit
1528 1861 1573 1917 ac
1587 1874 1691 1935 nassau
1713 1873 1766 1923 ne

117 1957 367 2051 venerabile.
386 1956 589 2068 Utriusque
615 1945 828 2063 exemplum
845 1947 983 2032 eodem
999 1947 1087 2032 loco
1104 1949 1239 2034 intueri
1262 1948 1347 2036 licet
1380 1951 1420 2034 in
1451 1950 1572 2039 histo-
1585 1944 1733 1996 “m‘'

120 2082 183 2165 tia
198 2084 403 2182 Romana,
424 2074 490 2161 ubi
513 2077 556 2158 P.
571 2071 716 2185 Scipio,
743 2064 887 2184 magnis
911 2065 1021 2151 rebus
1051 2065 1091 2149 in
1116 2067 1298 2182 Hispania
1317 2068 1452 2185 gestis,
1478 2070 1575 2155 mul·

122 2199 251 2314 risque
271 2194 421 2281 maximi
448 2219 488 2279 ct
511 2189 645 2305 optimi
670 2185 740 2274 viri
766 2184 1003 2273 documentis
1027 2183 1163 2291 editis,
1193 2213 1342 2300 recepta
1367 2215 1471 2274 nova
1484 2192 1574 2273 Cat·¹

123 2316 307 2433 thagine,
325 2336 555 2399 memoratur
573 2371 585 2414 ,
602 2302 767 2393 maximis
790 2300 975 2389 beneficiis
991 2301 1182 2416 Hispanos
1199 2333 1288 2389 cum
1312 2304 1488 2392 affecisset
1505 2367 1517 2411 ,
1536 2328 1576 2393 et

130 2464 154 2519 a
179 2430 405 2520 circumfusis
428 2427 604 2543 Hispanis
628 2428 812 2513 virtutum
842 2422 920 2535 ejus
941 2421 1240 2537 magnitudinem
1266 2425 1304 2506 in
1333 2424 1439 2509 omni
1461 2453 1575 2541 gene·

130 2581 171 2637 te
201 2550 468 2638 demirantibus
498 2545 642 2663 ingenti
668 2569 854 2628 consensu
884 2568 948 2625 rex
972 2540 1148 2653 appellari
1181 2541 1362 2656 coepisset
1378 2602 1390 2647 ,
1406 2542 1496 2649 ille,
1525 2543 1576 2627 si·

130 2666 249 2756 lentio
274 2699 339 2786 pet
361 2695 590 2784 praeconem
601 2660 726 2766 facto,
743 2659 809 2745 sibi
832 2658 1036 2745 maximum
1061 2688 1204 2744 nomen
1231 2661 1468 2776 Imperatoris
1498 2679 1576 2749 esse

133 2787 289 2895 dixisse,
320 2817 402 2904 quo
427 2815 466 2873 se
496 2783 628 2870 milites
653 2781 708 2866 sui
729 2777 1011 2893 appellassent,
1042 2779 1190 2895 regium
1215 2808 1359 2865 nomen
1386 2779 1475 2864 alibi
1497 2811 1576 2890 ma·

131 2935 282 3023 gnum,
314 2909 466 2992 Romae
482 2899 714 2988 intolerabile
745 2925 851 3002 esset
885 2896 1048 3013 regalem
1079 2900 1250 2983 animum
1275 2899 1313 2982 in
1341 2926 1480 2984 seesse
1511 2929 1521 2982 z
1548 2898 1578 2986 sl
1681 2908 1683 2913 ’

130 3023 171 3108 id
197 3023 357 3108 hominis
379 3021 530 3139 ingenio
551 3019 817 3133 amplissimum
850 3015 1058 3118 ducerent,
1092 3016 1195 3101 taciti
1216 3088 1219 3091 .
1225 3016 1434 3130 judicarent
1465 3077 1477 3120 ,
1506 3047 1577 3103 vo-

129 3140 180 3224 cis
208 3139 450 3256 usurpatione
474 3139 723 3224 abstinerent.
741 3134 929 3219 Eamdem
951 3133 1137 3219 rationem
1166 3160 1294 3222 secuta
1322 3135 1398 3223 esse
1427 3135 1577 3223 videtur

127 3259 307 3373 scriptura
334 3286 436 3343 sacra
469 3257 509 3340 in
536 3257 615 3371 jure
633 3255 750 3371 regio
779 3253 1160 3358 commemorando,
1193 3281 1286 3348 cum
1315 3255 1407 3340 ait:
1447 3256 1576 3363 Agros
1594 3295 1726 3361 uncam
1744 3293 1774 3350 a.

129 3403 269 3484 quoque
292 3393 482 3482 vestros,
507 3390 545 3459 et
568 3383 704 3458 vineas
732 3388 769 3457 et
794 3378 934 3456 olmera
955 3376 1060 3456 totta
1074 3377 1101 3477 ',
1125 3379 1168 3456 ‘aa
1188 3375 1295 3459 aaut
1317 3369 1446 3459 servis
1471 3383 1576 3482 suis,

131 3500 200 3578 sed
225 3512 263 3578 et
289 3498 435 3604 segetes
464 3509 621 3578 vestras
650 3510 688 3576 et
706 3499 906 3576 ,vitrearum
934 3495 1081 3575 reditus
1124 3496 1375 3578 addecimabit
1403 3552 1417 3598 ,
1446 3509 1489 3575 ut
1515 3498 1580 3577 dea

131 3616 306 3696 eunuchis
333 3629 372 3697 et
395 3612 560 3719 fhnnulis
592 3618 701 3695 suis:
725 3638 860 3695 servos
895 3620 1009 3693 etiam
1030 3612 1193 3696 'vestros
1217 3670 1232 3718 ,
1260 3628 1298 3694 et
1324 3616 1515 3712 ancillas,
1540 3624 1580 3695 et

110 3733 287 3839 juvenes
314 3741 500 3840 optimos,
524 3747 564 3813 et
593 3737 720 3813 asinos
751 3729 929 3836 auferet,
957 3745 995 3812 et
1021 3746 1138 3841 ponet
1164 3737 1204 3812 in
1233 3749 1343 3839 opere
1369 3756 1467 3839 suot
1489 3755 1579 3836 gre·

127 3875 211 3959 ges
225 3875 361 3957 quaque
385 3866 536 3938 vestras
566 3850 817 3935 addecimabit
850 3907 866 3956 ,
898 3875 1037 3957 vasque
1069 3857 1183 3934 eritis
1215 3856 1251 3932 ei
1282 3856 1425 3932 sani.
1468 3849 1578 3932 Haec

170 4003 174 4017 ¹
313 4005 316 4016 ·
485 3973 488 3979 ’
600 3971 601 3975 '
671 4004 675 4016 ¹
936 3970 1020 4051 02
1456 4022 1460 4028 -
1514 3964 1585 4082 igi·

130 4126 179 4172 een
192 4111 441 4252 demnatiugdel
452 4112 568 4172 Estudo
583 4113 654 4188 yde
675 4108 707 4168 la
727 4107 829 4185 publi-
880 4107 1070 4171 Constanaa'a.
1103 4113 1159 4173 111.
1182 4108 1251 4193 Quae
1272 4128 1307 4171 en
1325 4129 1359 4170 su
1377 4111 1584 4189 consequentia

131 4210 168 4249 ca
182 4193 363 4270 tranquilida
395 4235 406 4268 ,
417 4193 536 4272 fuimus
548 4193 669 4250 serua'da
689 4193 827 4250 mundar:
881 4209 916 4250 na
929 4192 1018 4265 iran,
1032 4196 1064 4250 na'
1074 4193 1256 4265 emenardn,
1272 4196 1303 4250 nt·
1312 4212 1367 4265 aun
1381 4211 1434 4251 can
1448 4191 1537 4250 titula
1546 4194 1583 4253 de

132 4271 158 4327 1.
180 4289 233 4343 que
248 4276 379 4333 carriese
394 4274 426 4332 la
443 4284 564 4350 ventay
584 4271 726 4346 despuebu
739 4273 775 4330 de
787 4273 833 4328 di·
881 4270 1107 4348 probabilidad,
1127 4272 1160 4329 la
1176 4271 1225 4330 del
1244 4274 1387 4330 Reotcmto
1399 4293 1421 4351 y
1436 4273 1586 4332 Ts-asnrct·

132 4351 190 4409 cha
209 4349 279 4408 abra
298 4356 445 4427 (loquitur
457 4355 494 4412 de
512 4354 587 4411 libro
602 4353 759 4426 inscripto:
778 4353 831 4409 In·
884 4373 928 4408 nto
943 4363 1046 4410 cantra
1068 4349 1116 4408 las
1138 4351 1291 4432 legita'mas
1305 4354 1486 4413 Potestades.
1506 4352 1585 4414 eum

130 4430 277 4510 cammada
293 4434 498 4506 probantium·
506 4473 517 4506 ,
538 4447 655 4491 auctore
669 4433 829 4490 Ludvin-
882 4449 951 4490 vero
969 4432 1133 4490 inlaudata
1153 4433 1409 4493 senatusconsulto
1427 4437 1585 4509 probentur

133 4509 233 4568 centio
257 4511 354 4568 Masio
374 4515 409 4573 de
426 4513 628 4573 Casavallibus
648 4513 843 4570 Dominlca-
882 4530 954 4585 quae
981 4512 1115 4570 adversus
1139 4512 1329 4593 Regict‘dt‘um
1348 4533 1382 4573 ac
1405 4515 1586 4591 Tyrannici-

132 4591 201 4662 no.)
228 4590 268 4648 11.
283 4587 354 4671 ,ραι
372 4590 417 4648 las
438 4591 638 4664 Graduados,
657 4590 830 4649 Catedratt'-
882 4594 960 4649 dauns
980 4591 1089 4664 scripta
1110 4608 1177 4651 sunt
1196 4600 1214 4650 'a
1230 4595 1328 4652 Masio
1350 4599 1484 4670 (quaest.
1500 4616 1536 4653 vr.
1550 4594 1587 4654 de

132 4687 213 4748 easy
222 4671 377 4731 Mnesteus
390 4672 426 4729 de
440 4670 487 4730 las
499 4672 731 4732 Universn‘dudes
739 4689 762 4746 y
775 4669 834 4728 Es·
885 4672 1042 4729 homicidia
1058 4711 1069 4744 ,
1090 4685 1150 4732 art.
1164 4696 1190 4733 v.
1212 4676 1223 4745 )
1248 4676 1405 4733 secundum
1422 4674 1588 4734 doctrinam

133 4753 231 4809 audias
247 4753 282 4811 de
297 4761 376 4810 estas
391 4750 438 4810 Re
457 4768 505 4808 nas
521 4753 618 4834 hagan
628 4752 789 4822 juramento
802 4746 835 4807 al
886 4750 927 4808 D.
938 4749 1252 4829 ThomaeAqulnatit,
1268 4756 1337 4813 illuc
1354 4759 1477 4813 lectores
1491 4773 1590 4814 aman·

132 4832 253 4912 ingrata
273 4847 308 4892 en
326 4850 375 4892 sus
402 4848 418 4891 a
441 4831 539 4908 ct'osy
556 4832 670 4911 grados
688 4830 724 4887 de
746 4830 834 4889 bacen·
887 4830 987 4889 damus
1003 4872 1013 4904 ,
1028 4851 1083 4906 quo
1096 4834 1164 4908 quid
1188 4848 1251 4894 tuto
1270 4834 1476 4892 anostratibus
1494 4837 1591 4892 inhac

133 4911 277 4970 obseram
334 4914 455 4973 arsenar
477 4910 509 4969 la
529 4911 664 4970 doctrina
687 4912 835 4969 comenda
888 4910 1057 4987 perdifficili
1073 4917 1240 4988 quaestlone
1257 4915 1433 4993 sequendum
1451 4914 1512 4992 tlt,
1528 4917 1590 4993 pla·
1693 4984 1697 4990 ,

134 5009 167 5050 an
188 4992 220 5050 la
242 4932 381 5070 relinitis
406 4993 501 5053 sesian
521 5013 565 5051 κν.
586 4988 635 5052 del
652 4988 781 5050 Cunct‘lt'a
801 4993 837 5053 de
889 5011 927 5052 ae
951 4995 1130 5073 intelligant.
