4140 5872
412 401 514 494 ιρι
658 399 792 473 ιιι
834 395 1348 473 connectione
1397 393 1587 470 imni

421 524 569 642 gesimo
592 550 734 611 octavo
755 520 866 610 altius
890 545 1018 608 aerum
1044 519 1207 626 deduci,
1222 550 1269 607 ex
1294 521 1480 655 plerisque
1507 513 1694 636 scripturis
1709 574 1722 625 ,
1709 515 1889 635 quibus

427 669 482 731 est
509 665 713 760 utrumque
737 663 886 755 tempus
910 639 1137 755 ascriptum,
1154 668 1235 727 non
1249 664 1376 756 potest
1390 637 1574 726 dubitati.
1660 713 1662 715 ,
2020 661 2021 667 ¹

484 762 629 848 XXIV.
687 759 762 844 Sed
788 759 887 844 hanc
903 758 1186 896 discrepantiam
1208 757 1367 875 quidam
1394 763 1614 844 nostrorum
1637 751 1888 845 animadver-

430 903 552 966 tentes
566 938 579 984 ,
592 906 681 966 ctam
705 879 755 962 ab
778 876 909 965 Isidori
938 877 1135 964 sententia·
1142 906 1293 993 ριοιειιε
1325 874 1543 980 dissentire,
1566 873 1784 990 praesertim
1816 875 1885 960 ni·

431 996 483 1082 lril
495 993 733 1082 commodius
746 995 958 1113 excogitate
979 994 1243 1085 valentibus
1206 1055 1219 1101 ,
1234 1019 1348 1082 instar
1371 993 1512 1081 sceleris
1528 991 1746 1079 videretur·
1736 1049 1749 1096 ,
1767 1019 1881 1078 com·

304 1128 306 1130 ’
341 1125 344 1131 ’
433 1140 604 1202 mentum
628 1111 730 1198 aliud
752 1112 1007 1219 induxerunt,
1023 1141 1069 1198 ac
1088 1112 1243 1227 posteris
1262 1112 1526 1216 tradiderunt,
1540 1109 1642 1195 illam
1655 1109 1882 1225 descriptio-

435 1260 524 1318 nem
561 1232 750 1348 trigesimo
786 1254 928 1318 octavo
959 1259 1063 1317 anno
1088 1255 1177 1316 ante
1199 1232 1392 1318 Christum
1422 1252 1557 1315 natum
1583 1227 1747 1342 primum
1774 1227 1882 1314 habi·

435 1372 514 1435 tam
528 1349 808 1463 ,eamdemque
821 1346 972 1465 singulis
986 1350 1092 1434 annis
1107 1349 1237 1435 haberi
1259 1349 1407 1436 solitam
1430 1344 1576 1448 fiisse,
1572 1369 1622 1430 ut
1648 1373 1880 1460 anno,quo

437 1467 607 1551 Christus
628 1490 834 1572 natusest,
850 1493 981 1552 census
1005 1467 1105 1554 orbis
1121 1494 1227 1553 more
1249 1465 1484 1582 superiorum
1511 1491 1700 1549 annorum
1724 1462 1886 1549 habitus

437 1612 515 1704 esse
538 1582 784 1719 intelligatur.
815 1575 944 1670 Cuifi
1011 1609 1104 1671 ento
1133 1585 1245 1700 plane
1279 1580 1488 1700 refragamur
1499 1580 1696 1715 Evangelii
1725 1579 1883 1666 iirdubi·
2016 1592 2017 1595 ‘

435 1723 518 1788 rata
534 1700 668 1788 veritas
682 1761 695 1805 ,
700 1729 789 1834 ‘qua
810 1701 911 1789 orbis
940 1614 1138 1817 devicnptio
1165 1700 1304 1788 eodem
1335 1729 1469 1805 anno,
1498 1727 1582 1814 quo
1603 1697 1769 1783 Christus
1797 1725 1883 1782 na·

426 1843 498 1906 tus
526 1842 582 1906 εει
597 1818 775 1933 ,Syriam
808 1842 1033 1933 procurante
1049 1819 1222 1935 Cyrino,
1238 1815 1340 1904 facta
1362 1818 1542 1949 primum
1556 1812 1667 1901 fuisse
1687 1841 1884 1900 memora·

435 1960 523 2022 ιιι.
552 1940 656 2021 Nam
685 1933 776 2020 illud
799 1935 939 2072 puerile
964 1961 1048 2041 est,
1077 1934 1263 2022 affirmare
1289 1934 1427 2022 multas
1459 1930 1562 2020 orbis
1582 1931 1879 2067 descriptiones,

437 2081 601 2188 quarum
615 2052 676 2138 illa
689 2048 800 2139 fuerit
815 2054 964 2168 prima,
984 1997 1102 2141 facim
1115 2053 1394 2169 esseCyrinop
1395 2073 1595 2138 rocutantc
1608 2049 1777 2166 Syriam.
1792 2052 1878 2135 Cu·

436 2167 608 2283 jusenim
634 2168 791 2256 levitatis
817 2195 873 2257 est
888 2172 1038 2257 credere
1055 2229 1071 2279 ,
1086 2172 1226 2259 eodem
1253 2169 1400 2256 hune
1383 2199 1529 2275 annum
1542 2167 1606 2256 vel
1625 2169 1788 2256 duorum
1802 2195 1882 2253 an-

426 2314 577 2374 norum
593 2285 851 2424 magistratum
869 2312 1047 2406 gerente,
1065 2318 1176 2405 saepe
1192 2289 1326 2376 orbem
1343 2284 1456 2378 luisse
1483 2295 1667 2393 censum,
1682 2313 1769 2371 cum
1791 2287 1880 2371 Ro-

437 2422 552 2490 mana
572 2405 700 2494 civitas
730 2404 846 2492 semel
877 2404 1072 2493 dumtaxat
1129 2406 1363 2522 uinquennio
1391 2412 1633 2511 temeretur,
1662 2401 1880 2517 praesertim

425 2521 606 2636 .Josepho
630 2545 784 2608 auctore
807 2522 1023 2641 gravissimo
1038 2523 1077 2608 in
1097 2435 1278 2638 §amus
1306 2526 1597 2632 antiquitatibus
1621 2520 1709 2606 huic
1735 2519 1880 2607 levitati

437 2638 665 2752 apertissime
682 2634 914 2754 refragante?
940 2645 1106 2729 Fuerunt
1127 2665 1169 2728 et
1189 2641 1515 2728 aliaenostrorum
1528 2639 1730 2726 hominum
1745 2638 1883 2724 dehac

428 2784 626 2843 annorum
653 2755 797 2845 ratione
819 2758 1052 2867 sententiae,
1067 2788 1161 2875 quas
1177 2786 1260 2846 rum
1285 2765 1441 2874 propter
1461 2786 1665 2844 auctorum
1677 2754 1880 2842 obsctuira·

435 2897 515 2960 tem
540 2875 664 2960 missas
678 2871 806 2979 facio,
829 2899 915 2961 tum
929 2877 1021 2992 quia
1042 2902 1123 2963 tam
1138 2877 1217 2964 sine
1219 2873 1513 2982 findamento,
1535 2873 1707 3007 nequid
1726 2873 1882 2990 gravius

436 2991 587 3095 dicam,
612 3014 699 3077 sunt
726 2985 954 3107 fabricatae,
981 3019 1025 3081 ut
1052 2994 1153 3110 ipsae
1179 3002 1266 3130 ρει
1274 3023 1314 3082 se
1339 3019 1558 3100 corruant,
1581 2991 1612 3077 si
1640 2988 1727 3106 quis
1757 2989 1884 3077 inodo

423 3108 590 3221 paulo
579 3106 769 3194 intentius
779 3109 943 3223 ipsarum
964 3112 1167 3198 ruditatem
1187 3139 1229 3200 et
1255 3111 1546 3200 inconstantiam
1570 3109 1787 3194 intuetur.

493 3226 625 3336 XXV.
678 3224 804 3323 Quod
821 3241 918 3316 vero
940 3230 1147 3366 superiores
1163 3229 1215 3315 illi
1240 3230 1347 3345 ajunt
1369 3255 1500 3316 troam
1524 3257 1566 3312 a
1573 3226 1752 3330 ιιίιιιιιο,
1779 3253 1881 3341 qua-

340 3371 344 3382 ’
434 3355 599 3458 uimque
620 3341 661 3428 id
680 3342 826 3430 ratione
849 3371 1043 3452 asserant,
1061 3373 1210 3433 imnum
1222 3375 1420 3433 sumsisse
1406 3405 1442 3455 ,
1439 3344 1570 3460 quis,
1579 3352 1649 3479 qut
1633 3342 1795 3429 modo
1818 3341 1883 3430 lir-

229 3509 238 3518 ·
286 3523 289 3528 -
338 3578 344 3592 ·
433 3475 531 3547 teras
556 3460 749 3577 attigerit,
765 3485 845 3547 tam
868 3492 1000 3550 caecus
1020 3489 1114 3571 εει,
1134 3489 1175 3551 et
1201 3465 1340 3551 omnis
1348 3464 1556 3552 doctrinae
1570 3472 1618 3546 a'c
1637 3459 1886 3547 humanitatis

434 3593 593 3694 expers,
612 3602 656 3664 ut
671 3577 746 3664 hoc
766 3594 844 3665 esse
868 3606 1015 3695 praeter
1038 3589 1195 3669 omnem
1216 3590 1257 3669 ei
1278 3581 1394 3681 fidem
1421 3605 1463 3667 et
1492 3589 1641 3666 morem
1671 3577 1879 3667 hominum

361 3762 369 3763 f
433 3723 515 3784 non
537 3697 694 3785 videat?
719 3694 832 3782 Viros
847 3727 980 3813 graves
1002 3725 1044 3786 et
1067 3700 1306 3816 ingeniosos,
1330 3698 1469 3815 qualis
1464 3698 1571 3785 natio
1596 3696 1769 3813 Hispana
1783 3724 1882 3783 sem·
2007 3741 2008 3744 κ

433 3839 502 3946 ρει
524 3841 582 3902 est
607 3811 766 3943 habita,
786 3815 940 3933 publico
960 3816 1119 3903 comilio
1128 3817 1326 3924 statuisse,
1348 3841 1406 3903 ur
1412 3817 1496 3902 ab
1486 3816 1594 3903 mitio
1607 3814 1773 3902 molesto
1790 3842 1885 3949 gra·

348 3965 350 3968 ’
421 3930 576 4045 -uique,
592 3956 632 4028 et
657 3928 763 4042 cujus
784 3934 1043 4022 recordatio
1017 3959 1068 4022 sit
1085 3934 1364 4071 ingratissima,
1372 3933 1500 4051 quale
1514 3922 1710 4022 tributum
1720 3955 1777 4016 est
1799 3932 1887 4039 iis,

311 4049 599 4162 qubus
579 4071 830 4168 impetatur,
846 4078 1035 4139 annorum
1057 4052 1161 4140 ratio
1201 4053 1405 4189 trotidia'rla
1394 4044 1759 4200 enlitiqu'errrissima
1782 4075 1884 4135 con·

420 4168 630 4257 suetudine
650 4178 901 4281 ιεριιειειιιι
860 4170 1226 4256 rl'raesertim
1265 4156 1500 4286 temporibus
1514 4178 1611 4255 cum
1623 4197 1691 4254 res
1704 4167 1883 4281 Hispana

419 4297 509 4368 non
530 4285 666 4395 solum
677 4284 923 4421 indigenum,
950 4289 1017 4375 sed
1033 4288 1155 4374 multo
1179 4289 1293 4374 etiam
1321 4289 1440 4423 magis
1454 4294 1721 4376 Ronianorum
1737 4284 1883 4369 huma-

415 4399 594 4491 uissimae
617 4400 804 4506 nationis,
829 4402 897 4517 qui
925 4404 1073 4518 plurimi
1100 4386 1271 4492 deductis
1291 4405 1449 4492 coloniis
1482 4404 1721 4519 Hispaniam
1737 4401 1885 4488 incole⁴

425 4504 548 4624 bant,
574 4515 729 4612 consilio
758 4541 797 4603 et
826 4524 1049 4610 auctoritate
1079 4521 1426 4610 administraretur?
1457 4528 1555 4608 Rem
1584 4521 1686 4606 enim
1714 4518 1880 4656 gratissi·

411 4649 544 4770 :triam
544 4632 592 4723 e't
607 4629 779 4770 populis
776 4631 959 4748 felicem,
972 4667 1012 4728 et
1023 4637 1139 4764 cujus
1155 4641 1337 4763 memoria
1352 4664 1392 4727 et
1386 4634 1623 4763 recordatio
1627 4633 1881 4774 jucundissi-

420 4756 483 4838 ma
503 4741 578 4861 sit,
604 4742 815 4842 hotriiiies'
801 4756 990 4847 ιιιιιιιιιιιι
1020 4735 1330 4880 temporumque
1339 4784 1466 4886 caput
1477 4755 1533 4852 ac
1542 4754 1707 4849 initium
1723 4755 1880 4846 comti-
2006 4799 2007 4802 κ

1792 4900 1890 4966 nte·
