4020 5864
535 431 605 515 '572
889 392 1244 486 nutxrorocrn
1272 391 1369 484 rad
1386 392 1500 490 Tana.
1527 411 1609 485 rto
1739 385 1741 387 ’

369 563 371 567 ⁴
490 571 634 631 tamen
663 561 839 644 constet,
863 535 954 621 nihil
983 535 1033 624 ad
1064 534 1313 621 monachatus
1336 521 1716 650 commendationem
1825 539 1960 652 tinere,

507 665 574 748 sed
589 662 637 746 ad
660 659 797 776 ingenii
812 656 964 741 laudem
986 680 1025 740 et
1039 651 1210 742 favorem
1226 653 1465 761 litterarum,
1490 656 1629 770 quibus
1651 657 1725 771 qui
1782 657 1859 743 etit
1873 688 1960 774 prat·

490 781 636 884 iditus,
664 780 777 864 etiam
807 776 845 860 in
871 775 1101 859 monachatu
1118 771 1267 888 probari
1285 800 1394 886 posse
1423 771 1617 890 significas.
1650 776 1713 859 Ut
1729 773 1760 859 si
1785 776 1883 889 quid
1896 778 1962 865 lau·

510 898 565 984 dis
592 896 745 984 tulerint
765 891 980 1010 hujusmodi
996 891 1201 997 monachi,
1223 888 1617 979 doctrinaercferatut
1632 918 1871 1006 acceptum,
1885 924 1958 982 non

495 1015 780 1102 monachatui:
803 1042 918 1129 quem
937 1036 980 1096 tu
996 1038 1134 1129 negare
1152 1008 1246 1095 soles
1272 1009 1450 1122 pietatem
1475 1039 1582 1118 esse,
1615 1010 1683 1095 sed
1712 1011 1824 1098 vitae
1850 1034 1955 1129 genus

511 1163 584 1248 pto
607 1135 660 1219 sui
674 1134 809 1249 cuique
832 1130 974 1247 ¹ingenii
997 1127 1237 1244 corporisque
1252 1126 1384 1215 habitu
1411 1127 1472 1216 vel
1487 1126 1606 1234 utile,
1636 1127 1703 1216 vel
1719 1126 1872 1216 inutile.
1896 1136 1954 1217 Ge-

494 1274 637 1336 ·terum
653 1252 728 1337 hoc
742 1277 973 1367 quamquam
989 1247 1064 1352 sit,
1096 1270 1141 1331 ut
1158 1269 1243 1351 est,
1272 1270 1406 1330 contra
1441 1246 1690 1331 monachatus
1720 1246 1952 1363 dignitatem,

512 1369 738 1454 tolerabilius
767 1392 893 1452 tamen
920 1361 1072 1468 fuerit,
1110 1392 1229 1479 quam
1244 1363 1353 1477 quod
1383 1364 1560 1450 eumdem
1588 1363 1761 1477 appellas
1786 1390 1954 1452 nassum:

497 1487 619 1573 ‘uelut
634 1485 786 1601 perinde
801 1487 846 1570 sit
860 1483 1137 1569 adolescentem
1166 1480 1218 1565 ad
1233 1481 1503 1567 monachatum
1521 1481 1666 1567 allicere
1686 1542 1699 1588 ,
1718 1507 1843 1597 atque
1856 1485 1958 1601 pisce

505 1595 564 1688 ad
582 1633 738 1689 nassam.
766 1602 803 1687 Si
818 1605 894 1688 hoc
909 1602 1010 1686 enim
1026 1624 1082 1686 est
1105 1599 1354 1685 monachatus
1370 1599 1670 1685 adolescentibus
1688 1661 1704 1707 ,
1730 1602 1847 1716 quod
1860 1604 1959 1718 pisci·

515 1720 587 1806 bus
603 1750 732 1827 nassa,
755 1747 855 1807 certe
878 1748 1021 1804 nassam
1038 1746 1153 1804 nemo
1175 1716 1352 1834 ignorat,
1372 1716 1579 1834 decipulam
1597 1746 1678 1804 esse
1691 1718 1851 1836 piscibus
1864 1740 1959 1811 mor·

513 1835 659 1924 tiferam
678 1901 690 1943 ,
711 1864 749 1924 et
764 1838 909 1924 insidias
925 1836 1157 1952 perniciosas.
1386 1908 1388 1915 s
1476 1884 1477 1890 Ν
1517 1853 1520 1858 ’
1638 1865 1643 1872 ·

504 1973 508 1978 “
571 1955 711 2042 XLIV.
770 1958 949 2049 Quorum
966 1955 1152 2041 dictorum
1177 1983 1257 2040 non
1272 1955 1485 2041 immemori
1505 1955 1606 2061 Pio,
1629 1979 1673 2042 te
1691 1958 1956 2045 monachatum

514 2102 745 2191 magnopere
763 2074 950 2165 sublatum
967 2073 1061 2159 velle
1088 2073 1375 2185 ,suspicionem
1401 2073 1545 2159 addidit
1569 2073 1675 2180 hoc,
1705 2077 1817 2190 quod
1842 2077 1957 2161 scribis

503 2191 571 2276 in
582 2194 762 2300 Principe
778 2178 1019 2276 Christiano:
1052 2190 1108 2272 Er
1122 2187 1296 2296 forsitan
1313 2196 1510 2300 expediret
1526 2195 1756 2301 reipublicae
1783 2209 1957 2277 monam·

512 2317 657 2396 ‘rimam
673 2336 753 2394 esse
772 2313 923 2394 modum.
954 2313 1058 2393 Nam
1075 2324 1191 2422 quem
1217 2308 1329 2393 semel
1348 2333 1386 2394 et
1408 2334 1561 2423 repente
1575 2309 1659 2394 tolli
1681 2339 1766 2396 non
1785 2312 1956 2424 possein·

507 2427 732 2544 ,telligebas,
759 2428 890 2514 sensim
916 2425 1170 2541 paulatimque
1188 2425 1438 2512 decrescendo
1459 2454 1475 2531 ',
1496 2427 1649 2542 penitus
1674 2428 1821 2514 aboleri
1841 2458 1953 2543 posse,

502 2541 743 2636 lorsitanilli
760 2545 955 2632 *videbaris
985 2571 1163 2659 sperare·
1187 2543 1260 2628 Sed
1286 2568 1337 2628 tu·
1364 2542 1506 2630 dictum
1534 2572 1685 2631 excusas
1719 2551 1866 2650 ,Deus
1897 2549 1955 2632 im

506 2663 706 2749 mortalis!
736 2691 852 2778 quam
868 2661 1114 2778 negligenter.
1139 2665 1242 2743 Nam
1258 2663 1419 2774 primum
1437 2661 1487 2747 sic
1503 2660 1581 2768 ais,
1607 2671 1674 2769 qui
1690 2668 1793 2747 dicit
1806 2661 1953 2770 fomur·

505 2805 587 2884 ase,
618 2807 686 2867 non
702 2796 911 2867 attendat.
944 2779 1067 2871 Quod
1082 2805 1214 2867 verum
1238 2807 1315 2863 esse
1329 2776 1444 2864 ,facile
1470 2779 1539 2864 tibi
1564 2779 1730 2866 dedisset
1754 2783 1869 2888 Pius,
1893 2783 1952 2898 qu'

503 2896 595 2982 *uim
610 2956 623 3004 ,
640 2923 766 3012 puto,
792 2897 922 2983 talium
936 2898 1139 2983 verborum
1166 2906 1245 2981 non
1261 2896 1470 3013 ignorabat·
1499 2895 1573 2982 Sed
1594 2898 1688 3013 quid
1713 2896 1869 3013 prodest
1891 2902 1952 2987 ad

516 3015 687 3102 verbium
704 3016 878 3122 sbtrasse
906 3043 986 3099 non
1016 3013 1182 3100 adhiberi
1210 3014 1425 3100 testimoniis
1442 3013 1614 3129 ,quibus
1641 3043 1748 3131 quae
1773 3018 1951 3123 viderint,

503 3129 808 3242 iuratihomines
825 3156 1037 3238 testantur,
1066 3158 1136 3217 nec
1153 3160 1248 3216 cum
1273 3132 1413 3247 aliquid
1437 3132 1633 3237 asseritur,
1664 3135 1719 3219 de
1753 3165 1837 3250 quo
1858 3135 1951 3220 dubi

500 3271 598 3336 *tare
625 3250 762 3336 nemini
794 3253 926 3357 liceat,
955 3250 1084 3366 quales
1107 3276 1194 3335 sunt
1218 3248 1359 3365 articuli
1375 3248 1506 3355 lidei,
1534 3275 1573 3335 et
1599 3251 1950 3369 mathematiconrm

502 3367 730 3471 zaxiomata3
755 3368 782 3454 si
804 3393 980 3474 constet,
1004 3368 1042 3453 id
1069 3368 1203 3482 passim
1226 3368 1393 3482 usurpati
1420 3371 1470 3454 ab
1493 3367 1543 3452 eis
1562 3429 1574 3472 ,
1595 3367 1722 3482 quiin
1742 3400 1784 3457 re
1811 3397 1949 3456 contro-

517 3513 623 3571 versa
644 3517 748 3572 suam
766 3485 966 3601 proferunt·
985 3485 1236 3591 sententiam,
1260 3485 1405 3601 etquid
1433 3485 1591 3570 maxime
1614 3488 1816 3600 probent,
1847 3517 1952 3576 enun-

500 3603 642 3689 tianti
670 3606 792 3696 Quod
809 3607 859 3689 ab
877 3604 1071 3689 Aristotele
1093 3634 1242 3689 summo
1253 3604 1485 3718 philosopho
1500 3600 1608 3688 luisse
1627 3602 1667 3686 in
1703 3607 1837 3720 primis
1861 3605 1951 3692 facti·

502 3739 673 3825 fratum,
697 3750 783 3806 cum
801 3723 859 3807 alii
875 3722 956 3834 eius
973 3722 1150 3837 cujusque
1176 3721 1318 3838 generis
1342 3723 1422 3807 libri
1452 3743 1634 3807 testantur
1658 3780 1672 3826 ,
1700 3748 1787 3807 tum
1812 3725 1953 3810 irmaxi

507 3866 609 3943 me,
636 3869 734 3953 quos
759 3841 808 3924 de
833 3839 998 3924 moribus
1025 3840 1192 3953 scripsit,
1215 3869 1381 3953 quotum
1400 3839 1571 3938 doctrina
1594 3867 1674 3923 non
1704 3842 1880 3954 proxime
1899 3845 1952 3927 ab

502 3976 574 4039 ³est
590 3986 613 4040 a
633 3957 852 4042 certitudine
868 3957 1156 4043 mathematica:
1184 3957 1248 4040 ubi
1264 3957 1364 4042 nulla
1388 3959 1502 4042 abeo
1525 3953 1759 4071 frequentius
1784 3989 1952 4076 usurpata

500 4095 577 4156 itur
593 4075 806 4181 vocabula,
837 4104 954 4189 quam
962 4073 1154 4179 fortassis
1169 4099 1208 4159 et
1223 4069 1390 4160 videtur.
1412 4075 1535 4180 ¹Quae
1563 4074 1751 4190 quoniam
1771 4107 1858 4163 non
1887 4104 1952 4163 tan

504 4191 791 4296 cunctationis,
820 4223 936 4308 quam
956 4193 1160 4279 modestiae
1174 4217 1287 4278 notae
1303 4219 1422 4299 sunt,
1451 4190 1729 4308 idcircovulgo
1761 4197 1815 4278 ab
1845 4198 1951 4282 erudi

516 4309 560 4392 tis
578 4335 873 4424 temperamenta
897 4310 1154 4425 philosophica
1180 4304 1458 4424 nuncupantur.
1487 4310 1635 4395 Deinde
1658 4339 1784 4426 negas
1813 4340 1853 4399 te
1880 4315 1949 4398 sim

503 4425 653 4539 ‘pliciter
669 4424 795 4515 dixisse
812 4429 1008 4543 expedire,
1036 4455 1079 4514 ut
1096 4429 1141 4514 sit
1163 4430 1476 4514 monasteriorum
1493 4427 1654 4529 modus,
1683 4430 1764 4513 sed»
1779 4438 1947 4542 expedire

502 4550 768 4652 reipublicae,
798 4546 1009 4661 addisque,
1040 4575 1079 4631 te
1102 4545 1261 4660 Principi
1276 4547 1458 4650 scribere,
1484 4574 1572 4630 non
1598 4548 1815 4661 Episcopo.
1845 4547 1944 4647 Quasi

512 4691 605 4748 veto
618 4663 835 4775 reipublicae
852 4665 965 4778 possit
979 4665 1195 4779 quidquam
1216 4664 1387 4778 expedire
1411 4722 1425 4768 ,
1449 4664 1557 4779 quod
1572 4663 1630 4747 sit
1646 4689 1792 4752 contra
1809 4669 1941 4782 religio·

499 4806 620 4883 nem,
638 4778 762 4877 eiusne
777 4811 938 4896 quoquo
955 4783 1074 4866 modo
1091 4781 1320 4893 majestatem
1335 4783 1396 4867 vel
1411 4782 1674 4870 auctoritatem
1695 4784 1863 4887 minuat,
1880 4806 1939 4868 aut

492 4898 681 5011 .÷Principis
704 4899 900 4984 Christiani
925 4898 1106 5016 religionis
1127 4930 1226 4988 cura
1244 4897 1730 5015 nondebeatesseprima
1759 4930 1874 5025 atque
1898 4933 1936 4985 o·

491 5017 650 5101 *mnium
666 5016 778 5133 longe
803 5018 974 5115 maxima,
1447 5050 1450 5054 ·
1871 5015 1930 5113 Sed
