4140 5872
464 404 467 410 ¹
536 423 586 499 94
695 350 1250 499 ano.a1.nonnortr
1282 347 1779 491 Tns'EAMbNTUM.

526 598 528 601 ,
567 530 666 613 LIV.
697 531 779 622 ¹De
811 530 958 608 residuo
979 551 1102 609 autern
1136 531 1325 609 bonorum
1347 544 1513 613 meorum
1535 536 1697 626 ordino,
1716 537 1916 638 quod-nat
1938 543 1976 623 in

512 637 665 719 civitate
675 635 906 714 Bononiensi
919 659 1035 714 unum
1049 637 1257 737 Collegium
1271 637 1491 718 scholarium
1509 634 1552 717 itt
1572 642 1657 720 luco
1677 644 1846 742 decenn,
1864 650 1968 726 sctlr·

512 767 575 822 cet
594 765 714 845 prope
735 741 906 831 scholas,
922 762 960 819 et
987 762 1224 818 construatur
1244 743 1384 819 decens
1396 743 1597 845 hospitium
1619 770 1707 823 cum
1728 753 1905 830 nitidario
1932 773 1971 833 et

514 850 607 926 aulis
629 870 668 926 et
691 848 840 922 cantetis
857 866 920 934 ,et
932 858 1169 922 construatur
1183 846 1234 922 ibi
1268 848 1405 948 capella
1431 850 1565 926 decens
1592 875 1629 927 et
1648 852 1747 927 bona
1767 855 1815 930 ad
1847 857 1972 937 bono·

511 975 589 1030 rem
603 952 703 1027 beati
723 948 929 1026 Clementis
955 952 1127 1051 martyris
1140 970 1204 1040 ‚et
1218 965 1386 1028 emantur
1403 953 1790 1036 reditussufticientes
1803 960 1851 1036 ad
1868 985 1969 1060 ,pro-

511 1060 691 1133 visionem
719 1056 855 1158 viginti
887 1070 1050 1157 quatuor
1075 1054 1301 1130 scholarium
1316 1079 1385 1146 ,ret
1409 1057 1875 1158 duorumacapellanotutn
1897 1089 1968 1168 pro

510 1163 574 1237 illa
588 1161 694 1236 bursa
716 1181 753 1235 et
769 1162 847 1236 vita
861 1159 906 1235 de
922 1183 996 1260 qua
1018 1158 1226 1248 ordinabo,¹
1242 1184 1355 1262 quam
1369 1161 1531 1238 donnum
1551 1154 1863 1270 seu'Collegium
1883 1171 1972 1249 volo

511 1267 653 1343 domum
667 1266 926 1361 Hispanicum
940 1265 1140 1338 nominati:
1157 1285 1195 1341 et
1214 1265 1442 1362 praedictum
1459 1266 1669 1370 Collegium
1680 1271 1743 1346 nel
1757 1278 1905 1351 domum
1922 1279 1974 1350 in·

510 1374 627 1446 stituo
647 1367 892 1444 universalem
918 1367 1092 1443 heredem
1112 1364 1151 1441 in
1177 1371 1352 1444 omnibus
1378 1372 1542 1469 pecuniis
1558 1426 1570 1460 ‚
1587 1367 1757 1461 banella,
1779 1376 1881 1452 libris
1896 1399 1974 1455 tam

510 1468 602 1572 juris
619 1475 809 1561 canonici,
831 1497 939 1572 quam
961 1473 1080 1547 civilis
1097 1528 1108 1565 ,
1125 1493 1163 1547 et
1186 1495 1506 1573 quatumcumque
1536 1470 1690 1552 aliarum
1721 1474 1967 1572 facultatum,

407 1650 409 1655 Α
510 1585 549 1656 'et
579 1575 839 1654 omnibusatns
868 1575 976 1652 bonis
998 1577 1112 1669 meis,
1132 1597 1176 1651 et
1198 1580 1284 1652 alias
1310 1594 1548 1678 quocumque
1577 1581 1693 1659 modu
1712 1583 1800 1663 mihi
1822 1584 1970 1664 debitis

513 1703 589 1760 tam
613 1706 677 1780 per
703 1681 1043 1775 administratores,
1063 1680 1129 1779 qui
1142 1678 1486 1757 administraretu'ut
1501 1707 1571 1780 pro
1597 1702 1654 1760 me
1672 1685 1900 1771 ,Toletanae
1921 1706 1968 1769 et

510 1784 744 1892 Segoviensis
770 1786 1005 1862 ecclesiarum
1022 1790 1085 1870 ,et
1101 1806 1232 1859 eorum
1255 1782 1432 1878 heredes,
1445 1810 1555 1886 quam
1580 1810 1648 1885 per.
1663 1791 1800 1889 Regem
1812 1788 1964 1875 Castelf

513 1893 650 1981 lae,et
679 1889 770 1964 alios
797 1911 1037 1990 occupatores
1065 1888 1246 1963 bonorum
1270 1892 1843 1988 meorumzpatrlmonialium,et
1864 1895 1971 1979 redi-

509 2013 619 2070 tuum
641 1992 1081 2071 omniumbeneficiotum
1105 2015 1269 2069 meorum
1283 2001 1417 2091 {quae
1435 1993 1571 2070 babeo·
1589 2018 1627 2072 et
1657 1998 1809 2074 obtineo
1836 2000 1886 2073 in*
1905 2021 1971 2074 te·

514 2103 597 2204 gnis
625 2096 812 2174 Castaliae·
832 2119 871 2175 et
888 2099 1090 2199 Legionis,
1106 2119 1217 2194 quam
1244 2100 1356 2172 etiam·
1382 2120 1445 2197 per
1473 2102 1846 2200 procuratoteu‚=qui
1860 2120 1968 2181 sunt

510 2205 555 2281 e't
579 2201 736 2281 fuerunt·
754 2228 825 2303 prn
841 2228 898 2278 nte
936 2202 984 2277 ltu
1001 2197 1191 2276 beneficiis
1209 2203 1302 2276 meis
1318 2205 1525 2304 {regnorum
1548 2202 1744 2282 *canetur
1771 2205 1968 2306 rotegia-

514 2312 569 2385 nis
581 2361 592 2396 ,
606 2305 774 2383 Franciae
791 2366 803 2403 ,
818 2328 857 2384 rt
871 2301 1113 2408 portugalliae
1128 2306 1424 2406 ‚etAragoniae
1438 2359 1450 2397 ‚
1466 2306 1618 2381 'aeolias-
1629 2296 1886 2389 universaliter
1896 2329 1968 2408 per

508 2404 1211 2516 quoscumqoeu'exeeptoquadrifluo
1227 2410 1359 2508 ,squod
1388 2411 1570 2490 debeatur
1601 2409 1691 2488 milti
1717 2411 1763 2492 de
1788 2411 1967 2512 capello,

507 2542 579 2618 per
594 2539 828 2593 exsecutores
848 2532 951 2592 meos
973 2513 1222 2613 infrascriptos
1236 2514 1427 2591 mandetur
1449 2510 1622 2591 distribui
1634 2517 1856 2618 pauperibus
1866 2518 1965 2620 *Jcsu

514 2621 656 2697 Christi
677 2622 715 2694 in
738 2622 888 2695 civitate
904 2620 1133 2693 dunione«
1289 2670 1291 2677 ν
1407 2678 1411 2688 .
1529 2636 1534 2654 ··
1574 2692 1577 2695 ,
1649 2691 1653 2697 ,
1700 2692 1716 2695 ,,
1949 2692 1953 2700 ,

563 2723 645 2799 LV.
701 2722 1129 2809 ltem'voloetordino,
1145 2719 1477 2820 quodsupradictt
1495 2719 1845 2801 FetnandusAlvari
1879 2722 1968 2800 Ab·

506 2828 575 2905 bas
588 2828 797 2905 vallisoleti
813 2882 823 2915 ,
841 2849 878 2903 et
894 2824 1070 2902 Alfonsus
1085 2823 1262 2914 Eernaudi
1283 2825 1523 2902 Camerarius·
1539 2829 1769 2927 singulariter
1794 2827 1961 2911 habeant

511 2956 636 3010 curam
661 2954 699 3008 et
714 2929 1491 3008 administrationumconstruendidomum
1505 2930 1734 3028 praedictam
1747 2943 1766 3019 ’,
1780 2928 1967 3010 seuCol·

514 3039 653 3139 legium
678 3059 722 3111 et
743 3039 921 3135 capellam
939 3038 949 3123 3
966 3052 1007 3110 et
1027 3033 1170 3109 emendi
1189 3037 1435 3133 possessiones
1468 3043 1506 3108 'et
1534 3035 1674 3110 reditus
1704 3047 1772 3134 p'ro
1797 3038 1872 3109 vita
1904 3036 1963 3112 di·

502 3158 661 3216 crorum
686 3137 1231 3244 vigintiquatuor'scholarium
1255 3141 1295 3211 e't
1316 3137 1480 3213 duorum
1496 3140 1844 3237 capellattotu1n‚ct
1871 3135 1964 3235 ipsu

502 3245 653 3321 mando
665 3303 678 3341 ,
692 3267 735 3322 ac
762 3248 872 3319 etiarn
886 3268 980 3346 rogo
996 3295 1007 3329 ‚
1022 3245 1199 3344 quantum
1215 3262 1372 3338 possum
1388 3293 1399 3329 ‚
1417 3240 1627 3345 quodpast
1650 3265 1810 3321 mortem
1843 3260 1967 3319 meant

513 3367 732 3428 remaneant
744 3348 930 3422 Bononiae
958 3345 1005 3420 ad
1029 3349 1152 3418 minus
1174 3366 1242 3443 per
1264 3343 1361 3418 duos
1384 3342 1584 3421 continuos
1606 3368 1720 3422 annos
1739 3397 1750 3434 ,
1768 3343 1822 3422 ,ad
1855 3365 1966 3420 corn·

512 3452 692 3556 plendum
714 3451 898 3553 praedicta
915 3502 926 3538 ‚
941 3471 979 3524 et
1001 3449 1086 3550 lego
1099 3450 1150 3523 eis
1178 3469 1247 3548 pto
1265 3451 1428 3545 expensis
1447 3469 1486 3523 et
1507 3449 1635 3526 labore
1650 3448 1744 3524 ultra
1772 3446 1968 3550 praedicta

513 3559 672 3636 cuilibet
690 3555 891 3632 ‘sexcentos'
906 3553 1080 3630 florenos.
1111 3551 1162 3626 Et
1170 3550 1217 3625 ad
1230 3554 1412 3626 omnia'et
1435 3552 1579 3652 singula
1599 3551 1834 3654 supradicta
1852 3545 1968 3645 iuxta

513 3663 747 3739 voluntatem
777 3680 816 3735 et
848 3656 1103 3734 ordinationes
1133 3676 1230 3730 meas
1269 3654 1537 3754 exsequenda,
1571 3658 1892 3739 reverendissimos
1915 3656 1965 3732 lit

514 3760 667 3841 Christo
690 3761 809 3863 patres
833 3783 870 3837 et
885 3760 1053 3836 dominos
1081 3780 1181 3845 meos
1204 3757 1328 3833 divina
1343 3757 1577 3857 providentia
1592 3761 1790 3836 Nicolaum
1805 3758 1965 3858 Episco-

498 3891 604 3970 pum
625 3866 907 3953 Tusculanum,
923 3863 1118 3940 etPettum
1143 3862 1368 3964 apostolicae
1386 3860 1482 3939 sedis
1498 3861 1847 3939 Vlcecancellarium
1873 3879 1967 3938 tunc

498 3991 664 4051 ‘sanctae
681 3972 916 4048 -Anastasiae
937 3967 1193 4065 presbyterum
1211 4016 1222 4052 ,
1237 4004 1238 4007 κ
1253 3964 1469 4041 aelurum
1498 3982 1646 4043 sanctae
1675 3967 1809 4042 Mariae
1842 3987 1965 4040 novae

516 4079 731 4165 diatonum,
746 4087 890 4149 sanctae
905 4073 1090 4146 Romanae
1116 4069 1287 4144 ecclesiae
1305 4065 1517 4144 Cardinales
1540 4069 1705 4169 superius
1720 4070 1970 4145 nominatosr

515 4204 555 4259 et
577 4181 647 4257 sub
662 4180 781 4255 eis'et
806 4180 951 4252 eorumv
967 4174 1140 4248 mandato
1162 4173 1210 4248 ad
1231 4171 1496 4271 complendum
1505 4198 1552 4248 ea
1566 4215 1584 4259 s
1598 4197 1691 4274 quae
1721 4172 1781 4249 bic
1807 4175 1844 4248 in
1863 4172 1971 4252 ltalia

515 4305 603 4361 sunt
630 4281 751 4359 fienda
767 4333 778 4369 ,
794 4279 1020 4358 venerabiles
1045 4297 1166 4377 patres
1194 4276 1367 4353 dominos
1395 4276 1594 4353 Henricunt
1618 4274 1972 4363 *BtiriensemsAl-

516 4386 666 4465 sonsum
679 4388 880 4463 Firmanum
896 4385 1097 4484 Episcopos
1107 4437 1119 4475 ,
1137 4400 1175 4455 et
1192 4380 1360 4457 nobilem
1376 4378 1529 4456 militem
1541 4379 1731 4457 dominum
1747 4375 1974 4459 Gometium

491 4529 493 4533 ·
513 4494 690 4580 Ousire,
707 4486 937 4566 Fernandum
950 4488 1081 4563 Aluati
1097 4485 1270 4582 abbatem
1281 4483 1488 4562 Vallisoleti
1504 4502 1664 4588 nepotes
1702 4500 1827 4570 meos,
1843 4497 1882 4553 et
1896 4482 1976 4559 At·

515 4596 665 4674 sonsum
678 4591 856 4671 Fernandi
874 4591 1135 4668 'thesaurarium
1153 4589 1385 4666 Toletanum
1398 4595 1642 4667 camerarium
1659 4612 1779 4667 meum
1796 4584 1972 4684 supradi-

490 4734 492 4739 ’
514 4718 620 4779 ctos:
641 4720 680 4776 et
694 4699 763 4774 sub
785 4697 920 4772 eisdem
937 4699 1048 4771 etiam
1064 4696 1220 4771 dominis
1237 4697 1326 4771 meis
1339 4696 1499 4770 dominis
1512 4688 1850 4779 Cardiualibuuad
1864 4710 1972 4769 com·

510 4806 686 4907 plendum
699 4826 742 4882 ea
758 4853 769 4890 ,
783 4824 878 4899 quae
900 4801 947 4874 wiu
964 4800 1139 4898 Hispania
1166 4819 1253 4885 sunt
1268 4796 1391 4874 fienda
1406 4855 1418 4889 ‚
1435 4798 1668 4875 reverendos.
1689 4818 1822 4898 patres·
1837 4807 1878 4871 et
1892 4792 1972 4872 do«.

512 4911 632 4987 minos
648 4907 821 5011 Luppum
847 4903 1228 5008 Caesaraugustanum
1243 4923 1310 5003 ,et
1337 4901 1560 4984 Gometium
1570 4901 1803 4983 Toletanuua
1826 4895 1972 5022 Arcisi-

490 5037 493 5043 ’
1887 5025 1976 5109 epia
