4020 5864
515 365 584 461 538
829 367 897 436 ιιι
923 365 1054 436 ιιιο
1076 364 1141 435 nr
1163 361 1341 438 ιιιιιο
1368 364 1609 439 ιιιιτιιο

495 501 632 582 Deum
650 487 776 580 littura
805 503 1121 630 praecognoscere
1136 488 1393 596 confitemur,
1421 489 1511 606 quia
1528 485 1723 575 ineffabilis
1742 511 1801 575 est
1819 488 1940 576 divina

498 612 696 729 potentia,
721 610 928 698 infinita
894 644 948 701 vrs
971 642 1048 724 ejus
1069 610 1302 718 intellectus,
1323 634 1365 694 ut
1382 609 1472 696 nihil
1498 606 1625 723 apud
1616 637 1745 722 rpsum
1774 607 1818 694 sir
1839 638 1942 746 prae·

500 732 680 839 teritum,
708 732 797 816 nihil
811 729 1010 836 futurum,
1037 730 1103 817 sed
1118 755 1254 817 cuncta
1270 730 1309 815 in
1326 727 1544 816 aeternitate
1559 725 1770 844 praesentia
1786 786 1800 832 ,
1819 729 1941 843 sitque

502 851 612 965 ipsius
634 851 801 984 cognitio
825 792 1013 967 quaedani
1030 849 1132 936 velur
1149 846 1395 963 praesentium
1413 877 1538 935 rerum
1550 845 1830 953 consideratio,
1859 876 1943 982 qua

503 998 561 1054 res
575 980 751 1085 quaeque
780 998 854 1106 pro
878 998 944 1056 sua
967 995 1099 1054 natura
1125 966 1390 1105 contingenter
1421 966 1483 1057 vel
1508 964 1720 1051 necessario
1753 964 1947 1100 proprium

501 1116 639 1173 munus
655 1090 791 1195 obire,
820 1089 887 1174 nist
876 1083 997 1174 lorte
1012 1115 1099 1172 cum
1116 1087 1170 1174 vis
1184 1087 1406 1173 extrinsecus
1421 1081 1604 1189 affertur,
1631 1108 1674 1169 ut
1693 1083 1844 1168 multis
1837 1114 1873 1167 ιι
1885 1112 1944 1169 te

501 1205 571 1292 bus
586 1206 774 1293 interdum
802 1204 880 1293 fieri
899 1231 1075 1293 notamus
1105 1230 1349 1320 ,tamquam
1380 1203 1495 1290 oculo
1531 1144 1677 1289 divino
1691 1202 1942 1318 perspiciatur,

341 1324 402 1376 ω’·
415 1336 457 1391 ²⁷·
500 1353 601 1458 quae
616 1326 866 1412 consideratio
888 1323 983 1439 (nisi
1006 1331 1139 1431 Deus,
1172 1323 1275 1437 cujus
1306 1325 1415 1411 nutui
1451 1321 1645 1407 universus
1677 1321 1880 1427 mundus,
1908 1347 1942 1406 et

501 1443 579 1557 ejus
594 1443 760 1561 singulae
771 1469 892 1559 partes
907 1446 1184 1559 obtemperant,
1197 1444 1406 1559 quidquam
1425 1440 1598 1556 privatim
1615 1439 1656 1523 in
1670 1463 1945 1545 naturam,stu

499 1591 581 1649 rem
605 1561 768 1677 aliquam
784 1561 953 1673 statuat)
979 1592 1059 1648 non
1076 1560 1192 1679 magis
1208 1561 1413 1648 motibus
1388 1588 1464 1650 srve
1481 1556 1751 1663 namralibus,
1779 1558 1858 1645 sive
1878 1588 1946 1645 vo·

498 1678 716 1767 luntariis
678 1712 758 1768 vrm
774 1678 859 1767 facit
877 1740 892 1787 ,
909 1710 1026 1796 quam
1048 1681 1211 1797 gestibus
1226 1680 1449 1769 histrionum
1465 1699 1727 1794 spectatorum
1746 1676 1784 1760 in
1800 1678 1943 1764 theatro

498 1799 780 1914 contemplatio
811 1802 907 1898 Quo
922 1799 994 1904 lit,
1017 1822 1059 1883 ut
1076 1804 1179 1884 Deus
1206 1800 1395 1886 neminem
1412 1800 1553 1912 absque
1569 1823 1638 1880 sua
1657 1793 1776 1911 culpa
1791 1795 1943 1881 damna·

498 1944 568 2024 re,
592 1919 779 2004 neminem
795 1919 873 2003 sine
901 1917 1029 2033 aliquo
1052 1947 1123 2003 suo
1147 1918 1282 2003 merito
1311 1915 1614 2053 (qualecumque
1627 1911 1665 1998 id
1694 1939 1776 2000 esse
1791 1913 1940 2029 potest)

497 2063 721 2124 conservare
744 2034 916 2149 exemplo
932 2034 1037 2122 Esau
1048 2060 1087 2122 et
1118 2037 1239 2150 Jacob
1266 2036 1372 2152 argui
1401 2035 1551 2168 possit,
1575 2056 1745 2148 excepto
1760 2061 1940 2147 quorum·

500 2153 590 2253 dam
618 2154 783 2270 gratuito
808 2153 1028 2271 privilegio,
1044 2153 1093 2241 de
1108 2181 1188 2270 quo
1204 2182 1316 2269 supra
1345 2151 1649 2241 memoravimus.
1690 2151 1772 2248 Qui
1788 2176 1831 2236 ut
1843 2156 1941 2236 Esau

501 2264 688 2406 Jacob
639 2272 773 2358 mrnori
789 2297 883 2358 natu
897 2273 1074 2379 serviret,
1088 2273 1142 2358 ob
1156 2302 1241 2358 eam
1257 2301 1336 2358 rem
1352 2271 1520 2359 statuisse
1534 2268 1653 2359 videri
1683 2293 1941 2406 potest,quo

500 2389 601 2479 niam
616 2395 717 2476 Esau
733 2415 915 2506 peccata,
930 2388 1106 2476 etollicia
1121 2391 1242 2504 Jacob
1263 2414 1343 2478 tam
1359 2388 1565 2506 praesentia
1580 2411 1695 2475 erant
1719 2388 1790 2504 ipsi
1812 2388 1942 2474 Deoin

500 2508 718 2596 aeternitate
733 2535 821 2625 post
835 2507 1004 2614 facttun,
1031 2537 1148 2624 quam
1165 2533 1370 2625 antequam
1399 2533 1557 2624 uterque
1585 2533 1817 2594 nasceretur
1852 2512 1942 2592 Nan

500 2653 588 2711 cum
604 2627 725 2714 homo
741 2656 813 2742 pro
829 2627 943 2713 libera
956 2656 1022 2714 sua
1044 2627 1244 2715 voluntate
1259 2629 1335 2714 hoc
1350 2626 1469 2734 velit,
1497 2623 1588 2711 illud
1607 2622 1750 2732 nolit,
1784 2627 1862 2712 hoc
1873 2622 1943 2711 effi

500 2744 600 2851 ciat,
628 2746 719 2832 illud
735 2746 913 2852 omittat,
941 2751 1046 2831 Deus
1074 2744 1285 2833 motibus
1254 2776 1331 2859 ιμιι
1360 2744 1503 2832 cunctis
1520 2742 1674 2832 simul
1662 2772 1706 2829 ιιι
1735 2745 1943 2833 aeternitate

501 2886 688 2976 spectator
712 2888 752 2952 et
778 2864 954 2981 cognitor
970 2865 1106 2971 adest,
1135 2886 1175 2951 et
1192 2893 1263 2981 pro
1287 2865 1359 2952 suis
1382 2890 1577 2999 quemque
1594 2861 1778 2978 operibus
1806 2862 1868 2950 vel
1882 2864 1945 2948 da·

502 2982 660 3067 mnatin
687 2983 862 3118 supplicia
877 2983 1126 3099 sempiterna,
1155 2982 1216 3071 vel
1229 3009 1339 3100 pacta
1364 3008 1403 3069 et
1430 2980 1611 3098 promissa
1626 2976 1945 3068 felicitatelibera·

500 3096 583 3192 liter
599 3102 860 3218 prosequitur:
889 3131 1136 3237 quamquam
1141 3100 1237 3188 male
1252 3131 1364 3219 agere
1378 3127 1505 3188 torum
1533 3099 1578 3186 sit
1602 3098 1862 3215 improbitatis
1879 3129 1944 3187 no·

500 3239 629 3326 strae,
662 3221 821 3305 honesta
848 3218 1023 3334 perficere
1043 3218 1183 3351 gratiae
1200 3221 1273 3306 Dei
1289 3219 1462 3336 peculiari
1485 3217 1653 3334 plurima
1675 3247 1725 3304 ex
1754 3243 1865 3334 parte
1889 3217 1943 3304 tri·

501 3334 664 3443 buatur,
684 3338 864 3423 nonnihil
882 3338 1008 3424 studio
1025 3363 1185 3444 nostro,
1239 3340 1319 3426 uod
1345 3362 1385 3426 et
1408 3338 1529 3453 ipsum
1545 3361 1679 3422 tamen
1709 3342 1807 3424 Deo
1831 3333 1943 3423 referi·

503 3483 587 3540 mus
601 3481 823 3570 acceptum,
848 3485 915 3573 qur
903 3457 1038 3542 nobis
1053 3479 1108 3541 est
1123 3480 1166 3542 ut
1172 3367 1415 3565 aduttum,
1443 3455 1495 3542 sic
1511 3455 1562 3542 ad
1592 3452 1782 3543 virtutem
1798 3455 1940 3544 liberam

500 3570 653 3690 largitus
674 3575 924 3662 voluntatem.

560 3694 705 3777 XXIX
765 3696 894 3827 Atque
928 3692 979 3778 ad
1009 3693 1113 3777 hunc
1143 3693 1298 3808 quidem
1329 3691 1492 3779 modum
1520 3688 1944 3809 paralogismum‚cui

500 3836 637 3922 praeco
667 3809 759 3897 nitio
774 3811 847 3895 Dei
863 3809 1097 3896 occasionem
1113 3811 1387 3925 suppeditavit,
1412 3811 1565 3898 abunde
1580 3835 1620 3898 et
1634 3836 1773 3925 aperte
1789 3812 1938 3898 arbitrtu

501 3953 641 4012 essere
683 3953 818 4015 tatum.
849 3931 1122 4063 Quamquam,
1138 3933 1243 4014 Deus
1265 3926 1509 4031 immortalis
1498 3940 1507 3992 ¹
1523 3954 1629 4016 estne
1644 3931 1852 4066 quisquam
1865 3953 1940 4061 tam

379 4156 381 4159 ι
500 4044 697 4160 stupidus,
727 4078 750 4132 a
780 4075 975 4133 communi
964 4046 1190 4132 hominum
1211 4046 1401 4134 intellectu
1422 4071 1502 4133 tam
1523 4047 1664 4134 alienus
1696 4108 1714 4155 ,
1718 4076 1790 4136 ιιι
1808 4043 1942 4136 etiamsi

499 4164 690 4278 captiones
710 4165 927 4280 hujusmodi
941 4161 1136 4251 confutare
1168 4165 1336 4272 nesciat,
1361 4169 1416 4253 ob
1442 4195 1505 4252 eas
1534 4191 1666 4253 tamen
1693 4164 1943 4254 manifest'usi·

503 4311 569 4368 mo
584 4313 708 4369 rerum
733 4313 817 4370 usur
804 4285 986 4370 inducat
1005 4284 1172 4369 animum
1188 4281 1388 4422 refragari?
1415 4311 1454 4371 et
1469 4284 1650 4400 majorem
1668 4283 1793 4372 fidem
1823 4284 1939 4402 sophi

502 4402 642 4484 starum
668 4403 869 4520 praestigiis
884 4464 896 4509 ,
912 4432 1029 4518 quam
1045 4403 1240 4490 communi
1255 4433 1376 4491 sensui
1364 4404 1597 4491 hominum
1613 4404 1939 4492 adhibereluo·
1850 4433 1939 4522 quo·

501 4518 708 4624 rumdam,
729 4521 934 4635 dequibus
959 4546 1014 4607 est
1029 4523 1132 4637 apud
1154 4522 1421 4629 Aristotelem,
1447 4522 1669 4610 stultitiam
1659 4523 1861 4632 imitatus,
1882 4519 1938 4639 qui

500 4665 589 4723 cum
605 4663 827 4755 argumenta
845 4639 1008 4724 Zenonis
1030 4640 1206 4727 acerrime
1233 4641 1273 4727 in
1299 4667 1447 4728 motum
1465 4644 1686 4758 disputantis
1712 4645 1935 4732 solverent·

363 4782 865 4893 „05„„sc1rent,motum,
894 4787 1010 4873 quem
1038 4760 1179 4847 cunctis
1208 4756 1285 4848 fere
1313 4761 1483 4852 sensibus
1502 4762 1800 4877 percipiebant,
1832 4760 1936 4848 ratio-

224 4984 225 4987 *
305 4871 485 4982 ffilflffi
496 4875 659 4965 ιιίιιιι
621 4875 710 4967 vrcti
733 4875 879 4968 ιιιι11ιιιιι
903 4906 980 4967 esse
996 4879 1294 4975 confitebantur.
1319 4885 1363 4969 In
1390 4910 1473 5000 quo
1505 4881 1694 5000 Diogenis
1690 4876 1938 5085 philosogl
