4140 5872
533 402 597 471 1¹82
783 400 913 478 .‘DE
945 391 1417 475 CORRECTIONE
1442 392 1669 469 'AJNNIJJ

490 545 740 628 monumenta
763 520 1196 628 revolverem',tandem
1212 522 1771 638 commodissimam-rationein
1790 523 1957 618 mvestia

489 647 711 769 gassctmihi
734 647 944 737 visussum
960 703 974 748 ,
988 669 1077 758 a'qua
1101 641 1298 759 negotium
1314 641 1501 758 expediri,
1518 653 1689 758 'totaque
1706 672 1765 729 res
1778 644 1953 736 illustra..

489 767 520 864 jri
546 796 652 883 posse
675 765 861 854 videretur
876 795 886 848 t
904 790 1023 878 qaum
1039 758 1165 874 paucis
1181 759 1302 846 verbis
1316 760 1534 876 explicabo.
1564 759 1739 846 Sic'enim
1752 762 1948 877 cristiano,

426 901 428 906 '
490 913 531 974 et
560 916 617 975 res
647 885 725 999 ipsa
754 885 899 985 docet,
930 903 1086 966 veteres·
1104 878 1295 994 Hispanos
1324 879 1364 964 in
1393 878 1467 964 hac
1498 876 1644 963 tatione
1675 881 1947 974 constituenda

492 1003 645 1117 ejusque
676 1000 859 1116 principio
892 997 1089 1111 jaciendo,
1121 1025 1203 1083 non
1237 996 1360 1112 ipsum
1385 995 1659 1083 Triumuirants
1672 996 1831 1085 *isinum
1857 1034 1947 1120 spe-j

490 1145 606 1217 crasse
623 1133 753 1224 ‚zatum
773 1124 993 1235 Augustus,
1010 1114 1200 1201 Antonius
1229 1140 1268 1201 et
1290 1114 1687 1230 lapidustommuni
1705 1118 1871 1207 consilio
1900 1151 1945 1210 et

490 1239 711 1329 auctoritate
730 1262 804 1325 aut
822 1234 904 1323 xalia
933 1231 1032 1320 lacta
1067 1232 1248 1336 divisimre
1281 1257 1491 1349 coeperunt
1520 1260 1601 1318 rem
1627 1235 1843 1323 Romanam
1871 1241 1945 1327 ad.

382 1373 384 1379 '
491 1354 809 1459 ministrate3sed
825 1350 974 1440 initium
1003 1349 1054 1436 ab
1077 1379 1126 1436 eo
1154 1358 1326 1466 tempore
1349 1351 1517 1438 sumsisse
1534 1411 1547 1457 ,
1563 1378 1653 1436 curn
1674 1353 1769 1438 orbe
1784 1356 1946 1470 partito,

489 1473 670 1591 Hispania
692 1497 734 1559 et
754 1471 857 1561 Italia
883 1495 923 1556 et
947 1466 1112 1584 reliquae
1139 1467 1322 1555 occiduae
1345 1469 1435 1555 citra
1457 1468 1614 1583 Jonium
1641 1498 1744 1556 mate
1767 1472 1948 1597 regiones

336 1666 341 1675 .
489 1591 528 1678 in
551 1591 712 1708 Augusti
737 1591 849 1702 solius
875 1587 1071 1701 imperium
1099 1614 1313 1673 concessere
1327 1646 1341 1691 ‚
1355 1613 1409 1690 ut
1428 1587 1721 1704 reliquus-orbis
1744 1591 1794 1676 ad
1810 1599 1945 1679 onen÷

487 1735 566 1800 tem
595 1708 772 1802 Antonio
803 1705 1001 1825 permissus,
1027 1728 1115 1809 est,
1137 1702 1385 1821 Africa-uero
1414 1706 1595 1793 attributa
1610 1705 1764 1820 Lepido
1779 1737 1793 1791 t
1806 1736 1946 1824 *quant

458 1820 459 1824 ‘
488 1827 727 1945 partitionem
749 1823 1006 1943 postsbe‘llum
1035 1823 1256 1934 Pertuinnm
1287 1823 1413 1910 statim
1443 1848 1532 1940 post
1551 1826 1598 1907 L.
1612 1824 1773 1910 Antonii
1798 1832 1948 1914 consu-2

490 1947 610 2033 latum
626 2005 639 2049 ,
656 1945 732 2032 hoc
753 1968 809 2032 est
825 2005 838 2049 ,
854 1964 992 2057 quarto
1017 1937 1271 2050 triumvirltms
1294 1970 1400 2028 anno
1420 1944 1505 2028 Cn.
1526 1940 1703 2028 Domitio
1736 1968 1775 2029 et
1789 1946 1838 2029 C.
1855 1947 1946 2032 Asi·

488 2064 554 2152 nio
575 2067 684 2150 Coss.
713 2057 851 2149 ladam
877 2086 954 2145 esse
970 2117 984 2164 ,
1000 2057 1219 2147 Plutarchus
1244 2057 1285 2143 in
1311 2061 1477 2147 Antonw
1503 2057 1750 2166 testificatur,
1769 2087 1810 2148 et
1832 2063 1945 2152 Dion

489 2181 542 2275 in.
565 2183 756 2291 Augusto.
788 2183 899 2266 ‚Nam
928 2175 1029 2292 prius
1043 2279 1045 2282 .
1061 2174 1154 2261 illud
1182 2175 1465 2264 triumvirorum
1494 2173 1629 2265 foedus
1666 2178 1800 2289 initum
1827 2178 1946 2267 fiune

489 2316 591 2398 anno
608 2360 621 2414 ‚
636 2298 704 2415 qui
726 2292 798 2381 fuit
820 2292 1004 2383 Hirtinet
1018 2298 1139 2379 Pansa
1168 2293 1409 2404 consulibus,
1425 2319 1467 2382 et
1488 2296 1601 2384 tertio
1625 2321 1714 2414 post
1731 2326 1948 2385 annocum

489 2417 629 2515 Publio
652 2414 813 2512 ‚Servilio
841 2412 1000 2500 Lucium
1027 2411 1241 2498 Antonium
1275 2409 1386 2501 fauisse
1402 2452 1406 2492 s
1421 2414 1647 2523 consulem,
1677 2440 1817 2532 quarto
1846 2445 1950 2504 vero

487 2537 563 2622 Cn.
586 2533 805 2621 Domitium
830 2529 1033 2616 Calvinum
1064 2553 1104 2614 et
1120 2533 1169 2616 Q
1187 2530 1358 2617 Asinium
1386 2531 1628 2639 Pollionem,
1655 2533 1827 2620 Aurelius
1851 2539 1950 2622 Cas-

490 2653 662 2748 siodorus
687 2673 742 2735 est
771 2673 934 2733 auctor.
964 2645 1110 2732 Placuit
1140 2646 1251 2763 igitur
1271 2649 1460 2736 veteribus
1483 2649 1552 2738 illis
1578 2650 1781 2766 Hispanis,
1798 2677 1838 2738 et
1862 2651 1950 2770 qui·

491 2769 580 2857 dem
605 2767 834 2870 rectissime,
860 2788 904 2851 ut
936 2763 1168 2877 temporibus
1192 2766 1369 2852 notandis
1399 2768 1542 2854 nomen
1557 2769 1720 2885 Augusti
1743 2768 1950 2856 celebrum

490 2886 752 2995 ti,rationem
786 2882 839 2968 ab
859 2910 920 2968 eo
933 2880 1167 2998 potissimum
1193 2911 1325 2989 mmo,
1351 2883 1455 2971 velut
1483 2915 1508 2969 a
1535 2886 1684 3002 capite,
1701 2915 1796 2993 suae
1819 2888 1954 2975 natio·

490 3003 532 3094 ni
562 3002 668 3099 felice
705 3025 745 3088 et
775 2997 936 3086 salutari·
967 3022 1216 3112 repeterent,
1249 3027 1338 3085 cum
1362 3002 1433 3087 His
1459 3000 1629 3090 anianum
1643 3002 1865 3117 imperium
1899 3006 1954 3093 ad

353 3125 356 3131 ⁴
491 3129 710 3240 Augustum
741 3113 965 3205 nonumtim
995 3116 1195 3230 solumque
1223 3116 1391 3204 delatum
1466 3143 1581 3215 erat:
1613 3122 1954 3234 quemadmodum

493 3237 674 3357 Aegyptii
688 3298 700 3342 ,
716 3253 761 3322 ut
786 3258 921 3322 auctor
946 3256 1002 3319 est
1016 3234 1244 3323 Censorinus
1263 3296 1276 3341 ,
1292 3235 1478 3321 rationem
1493 3260 1714 3350 temporum
1728 3238 1778 3322 ab
1805 3269 1914 3326 anno
1937 3302 1956 3348 ‚

495 3388 578 3474 quo
603 3376 785 3445 venerant
810 3353 1089 3465 inpotcstatcm
1114 3379 1162 3436 ac
1174 3350 1359 3437 ditionem
1389 3352 1522 3466 populi
1544 3353 1710 3454 Romani
1731 3377 1771 3439 et
1785 3358 1957 3474 Augusti

497 3473 663 3570 Caesaris
680 3532 692 3577 ‚
708 3469 958 3585 repetebant,
987 3466 1054 3584 qui
1077 3463 1151 3553 fuit
1175 3467 1341 3580 ejusdem
1359 3468 1587 3585 principams
1603 3531 1620 3578 ‚
1636 3497 1681 3558 ut
1701 3471 1821 3561 docet
1833 3479 1955 3560 Euse-

494 3591 613 3697 hius,
645 3589 1017 3701 decimusquartus.
1070 3598 1073 3602 ’
1175 3663 1186 3715 l,
1236 3596 1255 3669 j
1670 3694 1673 3698 ἱ

498 3785 500 3789 ,
557 3710 689 3805 XXX.
745 3703 915 3797 Diu'mus
929 3703 980 3792 de
994 3702 1099 3793 initio
1111 3727 1157 3791 et·
1165 3706 1286 3823 capite
1304 3706 1579 3823 supputationis
1597 3706 1707 3820 hujus
1724 3737 1852 3826 ,quae
1866 3709 1956 3799 bar·

498 3827 592 3915 bate
604 3880 620 3934 ,
638 3848 682 3911 ut
711 3851 802 3910 mox
825 3821 1071 3930 docebimus,
1089 3825 1199 3909 Aeta
1227 3853 1293 3940 per
1319 3825 1578 3940 quorumdam
1607 3825 1809 3914 hominurn
1841 3828 1958 3944 igno·

499 3945 664 4032 tantiam
685 3939 813 4030 vocati
834 3939 979 4056 coepit.
1000 3941 1180 4059 Sequitur.
1200 3966 1246 4028 ut
1277 3941 1357 4029 vim
1384 3941 1551 4053 ejusdem
1573 3943 1677 4028 vocis
1704 3945 1957 4060 explicemus5

506 4295 677 4414 poan
704 4205 979 4395 madida
1007 4239 1162 4402 anien,
1194 4296 1223 4382 a
1251 4238 1332 4384 iem
1363 4294 1574 4414 urgeam
1602 4241 1878 4405 aalma,
1909 4328 1961 4386 ex

508 4416 588 4531 ipsa
611 4435 783 4517 veterum
813 4415 991 4528 temporis
1019 4414 1248 4504 adscribendi
1278 4415 1551 4503 consuetudine
1577 4416 1762 4533 quiddam
1788 4416 1889 4503 aliud
1917 4416 1962 4502 in

511 4562 557 4624 ca
572 4529 800 4637 vocelatere
817 4531 1012 4621 admoneo
1026 4556 1222 4650 poterant.
1236 4535 1393 4621 Veteres
1416 4535 1518 4621 enim
1531 4596 1544 4643 ‚
1559 4559 1606 4621 ut
1632 4564 1680 4622 ex
1703 4532 1839 4623 ooruin
1857 4534 1964 4621 libris

498 4673 1712 4892 stammam
1727 4655 1964 4884 uttan

1049 4891 1054 4894 ’
1544 4887 1546 4895 ’
1870 4889 1969 4979 ntal-
