4192 5880
422 319 470 446 7'0
825 348 1415 426 nexumoesrxnun
1497 352 1500 355 ·

396 472 567 562 steritatis
585 485 700 590 spem
723 472 764 558 in
790 471 864 558 hoc
894 501 1064 562 summae
1094 471 1227 560 indolis
1253 474 1489 564 adolescente
1512 472 1753 582 collocassem
1771 502 1853 568 non

395 616 546 706 poterat
562 621 642 679 non
665 621 780 711 aegro
795 590 924 676 animo
947 589 1041 679 ferre
1058 659 1069 694 ,
1087 592 1158 677 hac
1184 621 1222 676 se
1237 622 1394 708 quoque
1411 625 1475 709 spe
1498 595 1691 713 iniquitate
1725 593 1852 684 fortu-

394 737 467 795 nae
503 707 611 797 fuissc
642 709 905 797 defraudatum
924 770 936 815 ,
953 734 992 796 et
1022 710 1059 794 in
1086 707 1161 796 hoc
1179 709 1257 794 ictu
1281 706 1454 796 fortunae
1483 711 1573 800 illud
1593 744 1751 831 quoque
1767 715 1850 802 vul·

394 855 466 913 nus
482 827 784 914 recrudescebat.
817 831 926 912 Haec
944 826 1008 912 ubi
1024 851 1112 913 sunt
1136 829 1185 914 ad
1203 826 1423 915 Pontificem
1439 830 1588 935 delata,
1604 861 1731 919 casum
1756 835 1848 920 ami-

392 944 426 1029 ci
453 945 642 1033 miseratus
660 1007 672 1052 ,
688 944 903 1057 huiusmodi
918 972 1075 1061 quoque
1103 944 1229 1034 litteris
1244 975 1333 1032 eum
1348 949 1536 1034 consolati
1564 945 1674 1035 officii
1689 949 1807 1038 duxit.

196 1146 216 1195 p
244 1081 378 1193 desidipsi
452 1065 581 1148 XXV.
642 1062 836 1170 „Victum
848 1063 920 1149 tuis
942 1063 1108 1179 auspiciis
1126 1124 1138 1168 ,
1157 1060 1388 1179 tuorumque
1411 1066 1549 1154 virtute
1575 1095 1620 1152 ac
1643 1068 1846 1175 industria,

195 1157 271 1314 pii}
283 1157 378 1255 {llll
391 1241 418 1289 „
433 1175 702 1298 fugatumque,
727 1210 866 1298 magna
881 1205 1033 1296 accepta
1054 1180 1173 1287 clade,
1192 1211 1279 1266 cum
1293 1181 1453 1268 exercitu
1471 1214 1540 1268 suo
1557 1188 1845 1294 Barnabovem,

207 1275 271 1315 ’Μ’
391 1360 418 1407 „
433 1328 512 1385 non
526 1298 606 1399 sine,
620 1327 759 1415 magna
774 1299 971 1412 voluptate
991 1299 1223 1413 accepimus,
1240 1324 1278 1388 et
1295 1325 1450 1386 tuorum
1466 1302 1505 1384 in
1529 1303 1717 1389 ecclesiam
1738 1307 1847 1391 meri·

389 1478 418 1527 „
431 1441 557 1502 torum
584 1442 802 1533 perpetuam
819 1417 948 1502 seriem
964 1447 1044 1502 non
1062 1417 1212 1533 ingrato
1242 1418 1371 1503 animo
1398 1419 1642 1505 recoluimus.
1675 1423 1849 1520 Verum-

388 1535 626 1645 „enimvero
655 1535 745 1622 illud
762 1535 868 1621 nobis
885 1531 955 1621 fuit
979 1534 1272 1650 permolestum,
1291 1564 1335 1620 ac
1352 1535 1527 1623 victoriae
1552 1537 1729 1625 laetitiam
1746 1571 1845 1657 quo·

396 1712 426 1768 „
439 1652 647 1740 dammodo
661 1653 871 1771 suppressit,
884 1653 997 1768 quod
1013 1652 1120 1738 simul
1137 1651 1380 1739 intelleximus
1388 1654 1559 1740 Garsiam
1577 1656 1848 1750 Albornotium·

387 1831 417 1881 „
428 1767 665 1857 fortissimum
685 1774 959 1859 adolescentem
974 1801 1020 1857 ne
1048 1795 1153 1856 orem
1169 1798 1279 1857 tuum
1298 1801 1346 1858 eo
1363 1772 1500 1886 praelio
1516 1774 1730 1861 concidisse.
1765 1783 1845 1864 Cu·

386 1949 414 2000 „
429 1885 485 2001 jus
505 1893 666 1976 mortem
683 1917 721 1977 te
734 1920 850 2007 aegro
875 1889 1003 1974 animo
1018 1803 1113 1975 iirre
1131 1917 1212 1976 non
1236 1887 1432 1975 miramur:
1450 1921 1596 1975 summa
1611 1892 1710 1977 enirn
1727 1893 1845 1983 virtus

300 2039 302 2043 ’
387 2069 415 2118 ,,
428 2034 515 2092 cum
530 2006 689 2095 florente
705 2009 899 2123 juventute
914 2007 1094 2092 exstincta
1110 2000 1249 2092 affectis
1267 2007 1397 2093 animis
1414 2010 1546 2094 merito
1567 2009 1772 2097 miseranda
1788 2014 1844 2100 vi·

386 2187 414 2236 „
431 2125 560 2213 denir.
592 2125 664 2212 Sed
682 2152 719 2214 te
734 2123 972 2212 fortissimum
998 2122 1377 2240 sapientissimumque
1401 2127 1524 2213 virum
1552 2127 1703 2215 minime
1735 2129 1872 2223 decet,

386 2244 551 2354 „dolori
568 2246 827 2350 succumbere,
845 2274 927 2360 quo
943 2268 1098 2359 accepta
1113 2242 1252 2330 damna
1271 2243 1420 2361 gliscere
1436 2244 1578 2348 solent,
1597 2274 1677 2330 non
1696 2250 1846 2336 resarci-v

386 2424 416 2472 „
426 2361 478 2446 ri.
511 2363 625 2451 Adde
640 2363 749 2479 quod
766 2363 805 2447 in
833 2364 909 2448 hoc
936 2389 1025 2446 casu
1041 2359 1159 2445 multa
1176 2386 1263 2447 sunt
1281 2421 1293 2465 ,
1311 2389 1379 2447 nec
1400 2391 1445 2448 ea
1470 2361 1669 2447 mediocria
1687 2365 1846 2475 solatia,

384 2509 523 2595 „quae
539 2479 671 2567 metito
687 2482 827 2596 possint
842 2508 996 2564 omnem
1023 2476 1229 2565 molestiam
1251 2478 1422 2565 abolete.
1455 2479 1622 2564 Primum
1638 2482 1745 2596 quod
1769 2514 1841 2598 pro

388 2659 415 2707 „
428 2598 591 2703 ecclesia,
606 2628 705 2716 quae
728 2598 855 2703 nobis,
871 2595 911 2681 id
925 2622 1004 2701 est,
1022 2594 1250 2700 Christianis,
1268 2596 1386 2710 patria
1401 2597 1589 2713 antiquior
1604 2626 1680 2686 esse
1702 2601 1842 2708 debet,

384 2712 621 2824 „fortissime
646 2716 850 2822 dimicans,
874 2738 914 2799 et
943 2737 987 2800 ut
1013 2712 1158 2817 audi0,
1181 2717 1328 2830 egregie
1344 2714 1443 2799 ultus
1460 2716 1659 2800 occubuit.
1690 2717 1869 2809 Deinde·

384 2834 534 2949 „quod
553 2833 672 2922 victor
694 2864 764 2920 suo
796 2831 976 2949 sanguine
1006 2828 1201 2919 victoriam
1228 2831 1300 2917 suis
1329 2833 1510 2948 peperisse
1534 2832 1652 2919 videri
1683 2853 1843 2947 potest.-

383 2952 506 3059 „Qui
524 3013 536 3056 ,
553 2976 596 3037 ut
621 2982 718 3038 unus
731 2951 902 3038 omnium
914 2947 1119 3036 trucidatus
1133 2975 1190 3037 est
1206 3008 1219 3053 ,
1233 2947 1286 3032 ita
1304 2949 1474 3036 omnium
1499 2951 1658 3041 maxime
1687 2950 1840 3040 hostem

385 3128 413 3176 „
427 3068 629 3184 propulisse
648 3068 833 3155 constanti
848 3094 943 3156 voce
957 3066 1160 3151 nuntiatur.
1192 3070 1390 3153 Postremo
1408 3066 1517 3183 quod
1544 3067 1838 3157 honestissimam

385 3244 413 3294 „
427 3183 545 3271 vitam
560 3215 726 3272 summae
742 3186 818 3302 spei
832 3184 982 3301 plenam
999 3244 1011 3289 ,
1026 3211 1143 3299 quam
1164 3183 1267 3269 nulla
1282 3181 1443 3271 deformi
1460 3208 1555 3270 nora
1568 3185 1844 3301 coinquinave··

387 3364 415 3412 „
428 3321 507 3409 rat,
525 3304 769 3420 pulcherrima
785 3327 929 3408 morte,
944 3300 1051 3389 velut
1072 3298 1281 3388 firmissimo
1303 3304 1475 3417 quodam
1492 3300 1636 3420 sigillo,
1655 3304 1840 3396 conclusit

385 3480 413 3527 „
426 3422 723 3538 obsignavitque.
749 3427 844 3508 Sunt
859 3420 958 3506 enirn
976 3446 1020 3506 ut
1036 3447 1182 3527 rerum,
1199 3419 1250 3505 ita
1265 3449 1416 3506 morum
1432 3450 1589 3535 quoque
1615 3420 1829 3508 vicissitudi-

385 3599 413 3647 „
426 3566 515 3644 nes,
532 3570 576 3624 ac
590 3540 779 3627 interdum
793 3540 858 3656 qui
875 3537 1017 3652 optime
1042 3535 1197 3642 vixerit,
1214 3566 1294 3622 uno
1307 3537 1400 3625 vitio
1428 3564 1551 3623 totam
1581 3536 1754 3626 obfuscat
1773 3537 1837 3625 de-

385 3717 413 3765 „
426 3656 676 3773 honestatque
707 3658 851 3761 vitam,
882 3685 1056 3771 prorsus,
1077 3679 1121 3741 ut
1153 3654 1220 3768 qui
1246 3655 1362 3742 vitam
1389 3685 1478 3741 cunt
1508 3655 1620 3743 laude
1647 3656 1846 3765 clausere,

385 3772 536 3881 „iisoli
555 3777 703 3863 valeant
718 3775 795 3859 sine
810 3770 884 3857 fuci
908 3772 1114 3887 suspicione
1129 3769 1283 3856 laudari.
1300 3779 1340 3863 “y
1843 3862 1845 3866 Α

226 3917 370 3970 antonus
446 3893 593 3978 XXVI.
653 3892 813 3977 Duobus
844 3889 984 4006 praeliis
1019 3886 1178 3975 fractum
1204 3890 1469 3977 Barnabovem
1502 3886 1606 3977 facile
1631 3891 1682 3978 ad
1709 3919 1841 4006 pacem

191 3981 273 4031 nuno
310 3979 370 4029 Clu·

54 4102 60 4109 ,
190 4039 337 4112 nerana,
387 4007 524 4094 adduci
540 4038 647 4123 posse
663 4005 833 4096 Pontifex
858 4032 984 4113 ratus,
1003 4007 1239 4094 Androinum
1266 4006 1338 4119 jam
1362 4009 1599 4094 Cardinalem
1631 4006 1770 4094 factum
1788 4010 1841 4097 ad

190 4102 370 4272 {iiiinssistss
386 4123 533 4238 ipsum,
566 4149 657 4211 tunc
685 4154 842 4242 quoque
866 4124 1005 4211 bellum
1039 4149 1293 4238 reparantem,
1311 4125 1478 4243 legatum
1514 4126 1647 4211 mittit.
1690 4130 1727 4211 A
1755 4156 1840 4240 quo

191 4283 285 4330 ravam
301 4309 322 4344 ,,
342 4288 370 4324 ut
386 4271 507 4355 parvo
535 4247 693 4360 negotio
716 4272 909 4359 persuasus
933 4265 1014 4348 est,
1029 4265 1073 4330 ut
1088 4242 1165 4354 jure
1191 4241 1340 4329 cederet
1369 4244 1468 4328 urbis
1489 4243 1684 4329 Bononiae
1701 4244 1839 4357 ,quod

191 4342 370 4469 iil'l‘nradf're
385 4387 424 4444 se
451 4359 588 4446 habere
613 4358 793 4472 jactabat.
827 4364 914 4445 Hac
948 4359 996 4445 ab
1025 4358 1105 4474 ipso
1134 4385 1287 4474 excepta
1314 4361 1559 4465 conditione,
1576 4387 1620 4446 ut
1649 4361 1839 4478 legatione

191 4460 368 4590 ,ιὲοῗὲἒὲῖιὲἶ
385 4477 614 4563 Bononiensi
636 4507 676 4563 se
691 4476 869 4596 Aegidius
894 4474 1109 4583 abdicaret,
1126 4476 1259 4564 scilicet
1280 4479 1464 4595 ingratam
1493 4508 1571 4564 rem
1604 4478 1692 4564 huic
1721 4507 1759 4564 se
1779 4474 1837 4562 fa·
1943 4564 1948 4571 „

191 4593 249 4713 '¹32
293 4581 369 4698 ’ἱέἕί
384 4620 534 4682 ctutum
556 4596 776 4700 arbitratus,
791 4592 832 4698 si,
850 4625 965 4709 quarn
979 4593 1167 4682 civitatem
1184 4594 1348 4711 impense
1363 4617 1513 4703 amare,
1529 4625 1569 4683 er
1586 4596 1707 4684 multis
1722 4597 1833 4681 bene·

210 4714 258 4752 ¹¹²⁸·
383 4711 472 4799 ficiis
496 4713 715 4800 demeruisse
732 4736 919 4800 constaret
935 4773 946 4816 ,
964 4741 1008 4798 ea
1026 4741 1064 4797 se
1092 4738 1245 4800 auctore
1271 4740 1468 4831 cogeretur
1491 4716 1688 4801 excedere·
1711 4712 1835 4808 Quod

384 4860 472 4919 cunr
488 4856 582 4918 esset
598 4830 760 4950 Aegidio
781 4819 863 4918 non
894 4829 970 4917 sine
995 4827 1226 4944 praelatione
1256 4832 1546 4940 denuntiatum,
1562 4832 1638 4919 hoc
1666 4832 1835 5037 adjecpp,

1800 4979 1839 5036 a·
