4006 5850
506 359 577 452 418
848 355 1532 433 DERITUNUPT.ETD181>ENS.

481 496 580 587 tua,
609 506 652 566 rte
681 482 794 566 cadat
815 488 855 564 t'rt
877 490 1025 568 ruinam
1040 483 1311 598 flagitiorum,
1340 491 1555 593 excipiatur
1580 485 1768 571 harenata
1785 493 1931 595 nuptia·

484 627 589 684 rum:
621 630 700 685 non
728 626 856 686 tamen
879 602 908 687 si
934 602 993 686 illa
1023 597 1205 688 diviniora
1232 629 1319 688 sunt
1347 627 1387 688 et
1408 602 1624 709 sanctiora,
1654 604 1828 717 protinus
1854 634 1931 689 non

482 719 551 802 etit
578 746 633 803 res
658 719 800 832 optima
823 745 862 805 et
889 748 1081 835 persancta
1102 722 1409 808 matrimonium:
1443 721 1553 835 quod
1583 750 1671 806 non
1704 723 1829 807 modo
1845 751 1933 836 qua·

475 833 512 940 ni
541 861 670 950 portus
695 864 750 923 est
774 837 1041 924 incontinentia
1073 840 1353 946 laborantium,
1384 838 1449 924 sed
1481 864 1760 925 sacrosanctum
1787 870 1811 922 a
1833 845 1928 924 Deo·

475 959 560 1066 ’que
590 955 799 1041 institutum
822 961 1135 1063 Sacramentum,
1164 959 1340 1072 idemque
1356 957 1654 1044 honestissimum
1669 956 1862 1043 officium:
1879 958 1926 1042 si·

484 1098 633 1187 nequo
658 1102 728 1159 nec
754 1074 881 1161 civitas
908 1100 1072 1189 potest,
1112 1105 1182 1162 nec
1211 1076 1342 1192 religio
1373 1100 1587 1182 constare,
1615 1106 1706 1162 cum
1740 1076 1925 1188 utriusque

290 1181 374 1289 θ’·
393 1183 470 1233 ¹·¹’“
482 1212 678 1307 tamquam
693 1193 927 1278 seminarium
948 1194 1157 1279 habeatur:
1185 1197 1367 1309 quoniam
1397 1195 1569 1300 domus,
1599 1219 1642 1279 ut
1659 1194 1808 1280 docent
1823 1193 1926 1307 philo

482 1309 619 1422 sophi,
654 1315 769 1426 quam
785 1307 897 1396 efficit
923 1311 992 1399 viri
1019 1313 1254 1428 mulierisque
1278 1313 1524 1429 generationis
1566 1313 1657 1397 ratia
1681 1309 1923 1425 conjunctio,

442 1430 448 1436 ’
483 1428 704 1543 principium
733 1454 788 1515 cst
811 1429 914 1534 vici,
939 1429 1044 1516 vicus
1066 1430 1232 1519 civitatis.
1250 1433 1352 1515 Cum
1365 1455 1493 1515 autem
1509 1341 1709 1534 officium,
1733 1428 1847 1544 quod
1861 1429 1921 1512 sin·

485 1545 579 1661 gulis
610 1546 823 1632 hominibus
853 1543 1073 1652 confertur,
1103 1548 1250 1634 bonum
1281 1548 1394 1634 sitae
1427 1546 1651 1652 laudabile,
1683 1547 1779 1632 illud
1805 1572 1925 1632 tamen

323 1656 392 1710 “ll
406 1671 429 1713 ¹·
485 1687 579 1749 teste
602 1665 797 1752 Aristotele
812 1663 926 1782 longe
943 1667 1073 1753 melius
1087 1691 1142 1752 est
1157 1693 1195 1755 et
1212 1665 1401 1772 divinius,
1431 1667 1539 1782 quod
1569 1664 1796 1780 reipublicae
1826 1692 1920 1778 prae·

487 1806 626 1868 statur:
644 1812 725 1899 quo
750 1783 789 1867 in
813 1811 950 1899 genere
979 1784 1093 1871 velin
1123 1784 1246 1899 primis
1276 1813 1354 1868 esse
1378 1778 1545 1871 officium
1573 1812 1709 1870 eorum
1727 1844 1741 1888 ,
1761 1783 1832 1897 qui
1845 1783 1924 1867 libe·

491 1908 553 1988 r'os
580 1899 742 2018 legitime
770 1900 1026 2015 procrearint,
1052 1903 1242 1991 declarant
1269 1900 1370 2018 leges
1390 1927 1428 1988 et
1458 1900 1625 1988 instituta
1661 1900 1812 2015 optime
1837 1899 1928 1985 insti·

486 2042 655 2104 tutatum
682 2020 903 2125 civitatum,
929 2048 973 2104 ac
1002 2048 1126 2106 rerum
1160 2017 1420 2136 publicarum,
1449 2019 1654 2136 inquibus
1681 2019 1848 2134 praemia
1866 2047 1926 2132 pu·

486 2135 581 2221 blice
605 2165 693 2222 cum
724 2137 835 2223 laude
872 2138 1062 2253 proposita
1089 2166 1196 2224 erant
1224 2136 1430 2222 multotum
1453 2136 1655 2224 liberorum
1688 2137 1921 2250 parentibus,

376 2304 378 2308 ·
486 2279 533 2339 ut
556 2254 865 2353 interRomanos
890 2255 945 2369 jus
975 2257 1089 2343 trium
1113 2255 1313 2342 liberorum
1344 2284 1357 2359 3
1396 2278 1436 2340 et
1461 2280 1593 2341 contra
1618 2255 1826 2371 ignominia
1848 2253 1918 2355 iis,

488 2371 555 2487 qui
584 2373 729 2458 nullum
757 2401 1033 2489 procreassent:
1065 2399 1110 2460 ut
1134 2376 1173 2459 in
1199 2371 1345 2490 populo
1378 2372 1612 2485 Judaeotum
1640 2372 1839 2458 maledicta
1855 2392 1928 2454 erat

488 2512 528 2575 et
550 2488 694 2577 infamis
710 2492 834 2578 sterilis
851 2551 865 2598 ,
896 2520 994 2608 quae
1019 2490 1163 2579 nullum
1180 2490 1222 2578 fo
1229 2517 1333 2577 etum
1350 2490 1554 2604 posteritati
1570 2490 1810 2605 relinqueret.
1827 2487 1927 2581 Quin

486 2610 598 2694 etiam
619 2610 723 2726 apud
752 2615 976 2719 Romanos,
1005 2636 1048 2697 ut
1077 2636 1209 2697 auctor
1233 2612 1480 2695 est'Socrates
1510 2609 1549 2693 in
1578 2638 1644 2694 sua
1670 2607 1825 2694 historia
1854 2610 1926 2690 ur·

486 2726 713 2833 clesiastica,
741 2728 808 2843 qui
835 2752 945 2813 natus
972 2728 1146 2843 quintum
1169 2753 1209 2814 et
1235 2726 1455 2843 vigesimum
1483 2754 1625 2812 annum
1659 2755 1821 2811 uxorem
1852 2751 1928 2808 non

488 2846 674 2953 duxisset,
692 2847 720 2931 is
735 2845 975 2933 hereditatem
994 2847 1094 2933 adire
1110 2848 1308 2935 vetabatur
1324 2845 1441 2931 veteri
1455 2843 1609 2960 quidem
1624 2843 1729 2960 lege:
1749 2843 1815 2930 sed
1833 2866 1923 2956 quae

487 2955 597 3049 fuerit
625 2993 649 3049 a
673 2965 926 3050 Constantino
950 2965 1113 3080 principe
1141 2966 1195 3051 in<
1211 2962 1428 3081 virginitatis
1448 2964 1633 3048 honorem
1651 2984 1871 3076 temperata

546 3085 595 3166 111
652 3082 727 3168 Sed
753 3113 987 3198 quamquam
1012 3082 1141 3171 viriet
1169 3083 1327 3168 mulieris
1345 3077 1691 3283 ‘generandiffiitia
1716 3078 1931 3196 qualiscum-

486 3225 564 3310 que
588 3202 865 3313 propemodum
890 3202 1106 3314 conjunctio
1128 3201 1218 3286 olim
1249 3199 1529 3285 matrimonium
1637 3221 1754 3302 eret,
1791 3220 1831 3280 et
1845 3195 1931 3278 inter

484 3312 587 3402 initia
609 3317 754 3434 generis
782 3319 940 3403 humani
968 3316 1059 3404 nihil
1083 3344 1273 3433 praeterea
1296 3319 1543 3431 requireretur
1569 3313 1687 3427 (cum
1718 3314 1834 3400 etiam
1859 3308 1930 3396 fra·

484 3434 602 3520 tribus
623 3431 706 3520 suas
729 3433 880 3522 sorores
906 3437 1044 3522 ducere
1072 3465 1152 3522 non
1183 3435 1285 3520 licuit
1312 3435 1459 3539 modo,
1483 3460 1616 3521 verum
1641 3431 1760 3518 etiam
1785 3427 1856 3514 fuit
1870 3455 1932 3512 ne·

485 3578 617 3658 cesse,
644 3554 734 3667 ipsa
747 3552 964 3640 necessitate
990 3553 1179 3640 delectum
1203 3580 1446 3669 personarum
1475 3548 1695 3666 auferente)
1730 3573 1863 3666 postea
1877 3571 1931 3630 ta·

368 3675 378 3682 ‘'
485 3697 575 3756 men
587 3700 725 3788 genere
741 3672 914 3756 humano
929 3671 1202 3786 multiplicato,
1231 3698 1319 3755 eum
1338 3670 1377 3754 in
1389 3669 1532 3775 veteri,
1560 3694 1643 3754 tum
1666 3666 1712 3750 'in
1739 3695 1850 3754 novo
1873 3688 1929 3748 te·

325 3788 329 3797 ’
486 3812 673 3876 stamento
689 3851 702 3894 ,
718 3790 853 3904 partim
881 3788 1042 3896 divina,
1060 3789 1194 3905 partim
1209 3785 1399 3903 pontificia
1425 3788 1509 3903 lege
1525 3810 1681 3872 cautum
1695 3809 1784 3890 est,
1818 3811 1864 3868 ne
1879 3805 1931 3867 te·

486 3933 590 3990 mere
620 3907 900 3994 matrimonium
929 3907 1026 3993 inter
1063 3935 1321 4023 quascumque
1351 3933 1527 4020 personas
1559 3904 1712 4007 coiret,
1744 3902 1811 3987 sed
1831 3896 1928 3983 certis

486 4023 762 4110 conditionibus
797 4024 984 4110 servatis:
1025 4054 1126 4140 quae
1165 4026 1195 4110 si
1236 4020 1373 4110 fuerint
1406 4023 1596 4138 neglectae
1621 4020 1683 4109 vel
1709 4020 1930 4137 ignoratae,

487 4143 766 4228 matrimonium
790 4173 870 4229 non
886 4142 1077 4228 consistet.
1093 4148 1197 4227 Nam
1213 4169 1301 4227 cum
1327 4141 1398 4225 sint
1425 4169 1482 4226 res
1497 4139 1701 4231 nonnullae
1717 4199 1731 4243 ,
1748 4165 1847 4253 quae
1863 4134 1932 4219 ob-

312 4311 350 4361 n,
364 4320 441 4371 ΡΜ,
451 4323 476 4362 0,
486 4285 587 4345 stant
614 4262 770 4378 quidem
791 4261 1065 4366 matrimonio,
1090 4291 1172 4375 quo
1208 4260 1330 4345 minus
1365 4259 1443 4344 sine
1475 4257 1625 4343 crimine
1657 4256 1929 4353 contrahatur,

299 4371 476 4490 {3,}¹;¹{,¹{,[⁰{j
486 4403 612 4462 tamen
645 4405 882 4465 contractum
908 4408 988 4463 non
1014 4379 1250 4464 distrahunt:
1285 4406 1384 4492 quae
1417 4373 1493 4462 fere
1521 4399 1637 4479 sunt,
1661 4375 1689 4459 si
1712 4374 1798 4490 quis
1825 4396 1930 4458 sacer·

299 4502 474 4608 lillssllmqfdf
486 4497 618 4582 dotem
643 4498 834 4599 sustelerit,
866 4526 1022 4582 uxorem
1053 4527 1157 4582 suam
1185 4496 1399 4599 necaverit,
1435 4520 1563 4608 raptor
1578 4488 1688 4576 fuerit
1715 4519 1878 4605 sponsae
1898 4516 1931 4569 a·

298 4611 631 4729 ujeqtgilssssqlienae,
659 4640 725 4700 aut
755 4615 941 4717 incestus,
973 4612 1090 4697 filium
1117 4643 1227 4723 suum
1258 4613 1303 4694 in‘
1326 4608 1496 4697 fraudem
1524 4609 1752 4694 matrimonii
1777 4607 1932 4723 baptiza·

296 4681 473 4804 3²⁶‘'·³³·l·⁹⁶
486 4735 616 4839 vetit,
655 4758 720 4817 aut
754 4761 800 4817 ex
839 4726 947 4816 fonte
978 4731 1203 4843 baptismatis
1230 4730 1406 4843 receperit
1436 4791 1448 4834 ,
1480 4729 1508 4812 si
1546 4727 1825 4842 poenitentiam
1850 4724 1934 4811 sole·

294 4790 325 4837 ‘¹⁶
340 4791 378 4841 ¹¹¹⁸
394 4803 610 4942 ‘²⁰⁸¹q‘mnem
641 4849 792 4939 subierit
816 4881 834 4943 ¹:
876 4872 963 4945 sunt
997 4848 1088 4937 aliae
1118 4851 1360 4965 complures,
1388 4875 1486 4964 quae
1515 4873 1594 4934 non
1634 4847 1760 4935 modo
1789 4871 1936 4934 contra·

1761 4955 1936 5082 „u
