4034 5858
481 383 709 466 rucnusas
736 381 946 454 occurr.
975 382 1163 458 emunt.
1452 400 1517 478 37,
1610 344 1612 346 ’

87 508 184 595 renti
201 510 239 595 in
266 504 415 596 occulta
439 508 621 612 crimina,
644 507 710 622 qui
737 530 869 620 paret,
894 504 1055 592 hicnon
1082 503 1247 620 sequitur
1276 502 1349 590 Dei
1378 504 1533 592 ordina·

85 627 230 714 tionem
248 691 259 735 ,
289 629 354 714 sed
371 657 500 715 comes
517 623 675 712 efficitur
692 624 887 740 peccantis.

143 751 195 832 V.
256 753 425 832 Turoni.
449 745 514 832 llla
542 745 699 862 quidem
732 742 883 829 oracula
906 765 994 829 sunt
1024 743 1226 857 scripturae
1240 770 1393 846 sacrae,
1413 769 1451 830 et
1466 774 1530 842 nef

81 863 172 950 mini
197 866 412 952 Christiano
426 864 661 950 dubitanda:
691 891 761 948 nec
776 889 831 948 est
846 863 913 977 qui
939 859 1146 980 refragetur
1173 861 1226 946 his
1255 859 1343 946 Sixti
1372 864 1529 968 Urbani,

82 1009 159 1096 que
190 983 417 1070 Pontificum
453 984 631 1088 decretis,
664 981 800 1097 quibus
825 981 1062 1087 declaratur,
1090 980 1201 1066 unius
1217 1009 1294 1066 esse
1311 979 1383 1063 Dei
1408 980 1529 1087 homi·

78 1127 173 1185 num
193 1103 440 1219 cogitationes
465 1103 691 1217 perspicere,
723 1125 762 1184 et
778 1100 923 1185 nullum
939 1101 1078 1185 crimen
1108 1099 1316 1215 quamlibet
1336 1098 1529 1188 occultum

76 1248 188 1333 posse
212 1222 382 1308 divinum
400 1221 575 1334 judicium
593 1216 786 1336 effugere:
811 1219 886 1303 huc
914 1221 1013 1305 enim
1038 1220 1221 1334 pertinere
1245 1218 1345 1305 dicta
1370 1217 1529 1306 Pontifi-

74 1364 196 1443 cum,
228 1339 419 1427 declarant
447 1340 616 1456 proxima
646 1340 761 1425 verba
786 1337 874 1423 Sixti
906 1339 944 1421 in
971 1341 1107 1425 eodem
1125 1339 1240 1443 loco,
1266 1366 1366 1452 quae
1397 1360 1527 1426 tamen

77 1449 420 1573 fuitaZephyrino
433 1483 649 1544 mutuatus:
681 1459 845 1539 Nande
863 1462 1050 1562 occultis,
1082 1456 1230 1572 inquit,
1258 1461 1385 1540 cordis
1412 1465 1527 1560 alieni

76 1589 216 1658 temere
236 1581 415 1685 judicare
432 1593 631 1688 pecodum
647 1592 731 1660 est:
760 1590 798 1658 et
813 1578 921 1685 cujus
938 1603 1006 1661 non
1030 1581 1208 1659 videntur
1233 1594 1345 1684 opero
1363 1583 1439 1658 nisi
1464 1579 1525 1662 bn

75 1718 125 1775 na
145 1702 338 1801 ,iniquum
363 1714 422 1780 est
438 1725 487 1780 ex
508 1702 717 1804 suspicione
747 1696 1028 1803 reprehendere.
1062 1698 1183 1779 ltem:
1209 1695 1401 1802 ,Quamvis
1426 1720 1525 1778 vera

75 1820 154 1894 sint
173 1871 186 1917 ,
203 1813 353 1929 inquit,
377 1841 445 1900 non
465 1831 588 1897 tanuen
604 1817 786 1897 credendo
809 1829 894 1895 sunt
907 1876 919 1919 ,
931 1821 1007 1897 uisi
1018 1837 1113 1919 quae
1128 1821 1242 1899 certis
1257 1817 1412 1897 indiciis
1427 1820 1523 1898 com-

69 1932 313 2037 probantur:
343 1943 420 2017 nisi
435 1960 529 2041 quae
548 1929 748 2036 manifhtto
764 1934 910 2040 judicio
927 1941 1221 2015 convincuntur:
1251 1939 1330 2015 nisi
1345 1956 1439 2037 quoe
1458 1936 1523 2042 ju·

73 2051 238 2135 dietario
262 2056 392 2136 ordine
424 2054 680 2161 publicantur.
723 2051 819 2145 Quo
843 2047 886 2133 fit
908 2073 974 2155 ut,
1003 2049 1146 2135 etiamsi
1173 2049 1239 2166 qui
1267 2074 1376 2136 testes
1398 2049 1522 2162 jurati,
1634 2050 1638 2057 ’

73 2164 168 2251 dum
185 2167 381 2283 inquiritur
396 2171 434 2254 in
452 2169 638 2286 aliquem,
655 2195 694 2252 se
710 2167 923 2276 videntibus
939 2167 1163 2254 confirment
1192 2168 1333 2254 crimen
1365 2168 1522 2284 aliquod

71 2282 122 2367 ab
152 2285 290 2371 eodem
310 2289 540 2375 admissum:
564 2315 646 2371 non
672 2310 800 2370 tamen
826 2284 932 2370 liceat
956 2316 1021 2402 per
1054 2285 1153 2403 leges
1187 2286 1393 2402 pontificias
1423 2287 1461 2371 in
1492 2288 1522 2370 i-

70 2431 183 2514 psum
215 2405 513 2493 animadvertere
548 2465 563 2511 ‚
597 2403 625 2487 si
649 2402 790 2488 crimen
809 2403 910 2488 nulla
936 2432 1006 2489 nec
1029 2404 1216 2518 popularis
1251 2405 1402 2519 querela
1420 2466 1431 2507 ,
1451 2433 1522 2490 nec

69 2514 172 2608 fama
205 2526 450 2636 praecesserit.
483 2524 549 2610 Ad
570 2551 783 2628 summam,
803 2549 851 2605 ne
874 2520 962 2606 talia
981 2523 1193 2608 testimonia
1216 2523 1351 2634 judices
1385 2523 1520 2610 admit·

69 2661 183 2743 tant,
212 2669 311 2728 neve
341 2670 494 2758 propter
515 2639 681 2727 famosos
697 2638 836 2725 libellos
855 2639 953 2724 clam
981 2640 1193 2728 summissos
1220 2641 1258 2725 in
1283 2670 1516 2758 quemquam
1529 2639 1712 2753 ,33524‘22‘2

72 2754 121 2841 de
138 2759 354 2846 criminibus
377 2758 531 2848 occultis
554 2758 744 2875 inquirant
776 2817 790 2866 ,
821 2784 975 2861 cautum
994 2760 1077 2877 lege
1106 2785 1161 2846 est
1184 2761 1392 2846 Innocentii
1420 2760 1710 2883 tertiiffif‘ffl‘lll‘·

68 2874 257 2964 Pontificis
273 2880 444 2966 Maximi.
478 2880 549 2964 His
564 2902 693 2964 tamen
718 2906 797 2965 non
825 2873 1010 2982 efficitur,
1041 2903 1088 2985 ut
1107 2908 1250 2993 praeses
1272 2903 1416 2993 praeter
1432 2875 1516 2966 offi-

68 2991 170 3080 cium
185 3025 295 3082 suum
312 2995 448 3103 faciat,
473 3027 562 3084 cum
589 2996 805 3083 admonitus
829 2996 1018 3083 homicidii
1042 2996 1223 3083 manifesti
1246 2998 1428 3113 quidem,
1459 3022 1517 3083 ta·

68 3139 159 3197 men
191 3114 338 3203 occulte
369 3117 593 3221 commissi,
621 3139 815 3202 auctorem
838 3115 917 3229 ejus
938 3115 1080 3200 cunctis
1112 3115 1314 3201 rationibus
1340 3115 1514 3231 inquirite

68 3228 137 3315 nisi
154 3226 251 3319 forte
275 3233 452 3323 volumus
472 3236 652 3323 damnare
679 3234 733 3347 jus
749 3233 919 3352 gentium
939 3259 979 3320 et
996 3234 1124 3350 leges,
1150 3257 1232 3320 tum
1258 3232 1405 3339 civiles,
1430 3260 1515 3321 tum

69 3348 181 3434 etiam
198 3352 432 3465 pontificias:
466 3355 602 3472 quibus
618 3378 804 3460 cavetur,
828 3377 871 3440 ut
894 3353 1076 3467 praesides
1100 3378 1144 3436 ac
1167 3350 1304 3461 judices
1333 3380 1515 3465 quorum·

69 3462 294 3556 demetiam
321 3473 470 3559 occulte
495 3471 779 3558 commissorum
805 3472 1001 3558 criminum
1028 3496 1198 3567 auctores
1227 3471 1418 3587 diligenter
1447 3500 1515 3585 per

67 3584 298 3696 conjecturas
323 3619 481 3707 quoque
498 3615 538 3677 et
562 3589 697 3681 indicia
721 3589 962 3707 perquirant,
988 3613 1027 3676 et
1041 3589 1097 3679 his
1113 3588 1258 3708 magnis
1286 3587 1512 3706 suppetenti-

68 3699 139 3788 bus
159 3729 347 3797 tormenta
365 3710 479 3798 etiam
494 3710 669 3827 suspectis
685 3707 904 3805 adhibeant.
1202 3716 1204 3720 ’

610 3950 853 4038 CAPUT
911 3952 973 4036 11.

672 4144 935 4236 Summarium.

149 4268 177 4329 1.
218 4274 254 4331 ln
271 4270 397 4330 crimino
415 4266 552 4343 occultu,
571 4268 624 4328 red
638 4285 690 4325 non
701 4271 840 4344 penitus,
857 4265 957 4340 judici
970 4265 1045 4327 iicet
1058 4265 1215 4343 inquirere.

150 4350 196 4407 11.
218 4353 381 4410 Parendum
397 4362 443 4411 ert
456 4352 553 4422 judici
565 4367 617 4407 non
636 4348 726 4407 solum
739 4368 801 4407 cum
819 4359 934 4408 conetur
944 4350 1037 4424 iprum
1047 4349 1197 4423 imperare
1206 4346 1309 4420 justa,
1321 4345 1376 4406 ted
1384 4347 1474 4408 etiam

232 4449 295 4490 cum
308 4433 343 4490 de
352 4433 475 4503 justitia
488 4433 652 4505 imperatae
666 4432 714 4489 rei
730 4430 890 4488 dubitetur.
1507 4503 1508 4506 Ἴ

149 4509 214 4568 111.
236 4511 276 4572 Si
291 4514 400 4570 crimen
413 4522 459 4571 err
473 4508 681 4586 manifestum,
698 4509 772 4568 licet
787 4511 884 4580 judici
896 4507 1037 4569 occuitum
1047 4518 1192 4567 auctorem
1206 4501 1356 4585 inquirere
1365 4552 1377 4587 ,
1386 4512 1494 4570 etiarn·

230 4593 260 4649 si
273 4589 354 4649 nuile
367 4603 539 4672 antegressa
543 4586 637 4668 famo
649 4598 700 4649 aut
713 4592 876 4666 suspicione
888 4593 1037 4669 quisquam
1046 4599 1206 4671 gravetur.
1238 4600 1239 4605 ’

68 4778 130 4860 .1.
163 4696 338 4880 NON
370 4798 426 4864 est
451 4803 543 4895 ergo
572 4774 627 4893 jus
648 4772 776 4864 omnia
792 4772 945 4861 crimina
975 4771 1124 4864 occulta
1157 4777 1412 4896 investigare:
1447 4779 1514 4863 sed

64 4890 189 4980 multa
204 4919 402 5011 patrantur
423 4897 600 5007 occulte,
626 4925 726 5014 quae
742 4895 1224 5103 elamoribuslpppularibus
1236 4899 1287 4984 ad
1303 4920 1514 5100 practorqm

1068 5047 1094 5102 2
1484 5042 1518 5100 e·
