<?xml version="1.0" encoding="UTF-8"?>
<!DOCTYPE html PUBLIC "-//W3C//DTD XHTML 1.0 Transitional//EN"
    "http://www.w3.org/TR/xhtml1/DTD/xhtml1-transitional.dtd">
<html xmlns="http://www.w3.org/1999/xhtml" xml:lang="en" lang="en">
 <head>
  <title>
</title>
<meta http-equiv="Content-Type" content="text/html;charset=utf-8" />
  <meta name='ocr-system' content='tesseract 3.04.00' />
  <meta name='ocr-capabilities' content='ocr_page ocr_carea ocr_par ocr_line ocrx_word'/>
</head>
<body>
  <div class='ocr_page' id='page_1' title='image "./joannisgenesiis01sepgoog/joannisgenesiis01sepgoog_0170.png"; bbox 0 0 4140 5872; ppageno 0'>
   <div class='ocr_carea' id='block_1_1' title="bbox 371 355 1556 488">
    <p class='ocr_par' dir='ltr' id='par_1_1' title="bbox 371 355 1556 488">
     <span class='ocr_line' id='line_1_1' title="bbox 371 355 1556 488; baseline -0.001 -23"><span class='ocrx_word' id='word_1_1' title='bbox 371 384 840 476; x_wconf 77' lang='lat' dir='ltr'><strong>MENSIUMQUE</strong></span> <span class='ocrx_word' id='word_1_2' title='bbox 880 370 1342 462; x_wconf 78' lang='lat' dir='ltr'><strong>nousuouun.</strong></span> <span class='ocrx_word' id='word_1_3' title='bbox 1397 355 1404 371; x_wconf 76' lang='grc'>’</span> <span class='ocrx_word' id='word_1_4' title='bbox 1495 417 1556 488; x_wconf 77' lang='lat'><strong>175</strong></span> 
     </span>
    </p>
   </div>
   <div class='ocr_carea' id='block_1_2' title="bbox 122 504 1783 1101">
    <p class='ocr_par' dir='ltr' id='par_1_2' title="bbox 122 504 1783 1101">
     <span class='ocr_line' id='line_1_2' title="bbox 122 504 1587 637; baseline -0.001 -34"><span class='ocrx_word' id='word_1_5' title='bbox 122 516 290 637; x_wconf 29' lang='lat' dir='ltr'><strong>‘Junium</strong></span> <span class='ocrx_word' id='word_1_6' title='bbox 320 540 345 598; x_wconf 85' lang='lat' dir='ltr'><strong>a</strong></span> <span class='ocrx_word' id='word_1_7' title='bbox 372 511 553 597; x_wconf 84' lang='lat' dir='ltr'><strong>Romanis</strong></span> <span class='ocrx_word' id='word_1_8' title='bbox 582 506 788 625; x_wconf 86' lang='lat' dir='ltr'><strong>appellari,</strong></span> <span class='ocrx_word' id='word_1_9' title='bbox 814 529 855 591; x_wconf 92' lang='lat' dir='ltr'><strong>et</strong></span> <span class='ocrx_word' id='word_1_10' title='bbox 881 504 932 591; x_wconf 91' lang='lat' dir='ltr'><strong>sic</strong></span> <span class='ocrx_word' id='word_1_11' title='bbox 958 535 1035 594; x_wconf 87' lang='lat' dir='ltr'><strong>esse</strong></span> <span class='ocrx_word' id='word_1_12' title='bbox 1064 507 1196 594; x_wconf 85' lang='lat' dir='ltr'>Latine</span> <span class='ocrx_word' id='word_1_13' title='bbox 1224 509 1587 628; x_wconf 86' lang='lat' dir='ltr'><strong>interpretandum,</strong></span> 
     </span>
     <span class='ocr_line' id='line_1_3' title="bbox 128 619 1588 752; baseline 0.001 -33"><span class='ocrx_word' id='word_1_14' title='bbox 128 627 412 743; x_wconf 66' lang='grc' dir='ltr'><strong>,μεταγειτνιῧνω</strong></span> <span class='ocrx_word' id='word_1_15' title='bbox 435 629 602 745; x_wconf 88' lang='lat' dir='ltr'><strong>Jullum,</strong></span> <span class='ocrx_word' id='word_1_16' title='bbox 624 619 863 730; x_wconf 65' lang='lat' dir='ltr'><strong>Aorlpoptiva</strong></span> <span class='ocrx_word' id='word_1_17' title='bbox 894 629 1145 743; x_wconf 83' lang='lat' dir='ltr'><strong>Augustum,</strong></span> <span class='ocrx_word' id='word_1_18' title='bbox 1169 642 1216 712; x_wconf 75' lang='lat' dir='ltr'><strong>et&#39;</strong></span> <span class='ocrx_word' id='word_1_19' title='bbox 1236 653 1381 718; x_wconf 89' lang='lat' dir='ltr'><strong>ceteros</strong></span> <span class='ocrx_word' id='word_1_20' title='bbox 1410 631 1588 752; x_wconf 77' lang='lat' dir='ltr'>deinceps</span> 
     </span>
     <span class='ocr_line' id='line_1_4' title="bbox 138 744 1587 860; baseline 0.001 -21"><span class='ocrx_word' id='word_1_21' title='bbox 138 754 274 844; x_wconf 89' lang='lat' dir='ltr'><strong>eodem</strong></span> <span class='ocrx_word' id='word_1_22' title='bbox 298 751 421 837; x_wconf 93' lang='lat' dir='ltr'><strong>modo</strong></span> <span class='ocrx_word' id='word_1_23' title='bbox 437 779 450 853; x_wconf 93' lang='lat'><strong>·,</strong></span> <span class='ocrx_word' id='word_1_24' title='bbox 466 772 507 834; x_wconf 92' lang='lat' dir='ltr'><strong>et</strong></span> <span class='ocrx_word' id='word_1_25' title='bbox 531 747 581 832; x_wconf 89' lang='lat' dir='ltr'><strong>sic</strong></span> <span class='ocrx_word' id='word_1_26' title='bbox 603 744 680 860; x_wconf 86' lang='lat' dir='ltr'><strong>ipse</strong></span> <span class='ocrx_word' id='word_1_27' title='bbox 700 745 964 858; x_wconf 84' lang='lat' dir='ltr'><strong>interpretatus</strong></span> <span class='ocrx_word' id='word_1_28' title='bbox 980 770 1036 831; x_wconf 90' lang='lat' dir='ltr'><strong>est</strong></span> <span class='ocrx_word' id='word_1_29' title='bbox 1052 806 1065 850; x_wconf 95' lang='lat'><strong>,</strong></span> <span class='ocrx_word' id='word_1_30' title='bbox 1083 768 1128 829; x_wconf 93' lang='lat' dir='ltr'><strong>ut</strong></span> <span class='ocrx_word' id='word_1_31' title='bbox 1142 773 1253 860; x_wconf 90' lang='lat' dir='ltr'><strong>supra</strong></span> <span class='ocrx_word' id='word_1_32' title='bbox 1269 747 1344 834; x_wconf 84' lang='lat' dir='ltr'>dixi</span> <span class='ocrx_word' id='word_1_33' title='bbox 1362 811 1375 857; x_wconf 92' lang='lat'><strong>,</strong></span> <span class='ocrx_word' id='word_1_34' title='bbox 1401 752 1587 841; x_wconf 86' lang='lat' dir='ltr'><strong>Aristote-</strong></span> 
     </span>
     <span class='ocr_line' id='line_1_5' title="bbox 132 859 1588 982; baseline -0.008 -24"><span class='ocrx_word' id='word_1_35' title='bbox 132 874 211 958; x_wconf 85' lang='lat' dir='ltr'><strong>lem</strong></span> <span class='ocrx_word' id='word_1_36' title='bbox 229 894 268 956; x_wconf 93' lang='lat' dir='ltr'><strong>et</strong></span> <span class='ocrx_word' id='word_1_37' title='bbox 283 869 618 982; x_wconf 53' lang='lat' dir='ltr'><strong>Theophrastum,</strong></span> <span class='ocrx_word' id='word_1_38' title='bbox 652 863 728 951; x_wconf 86' lang='lat' dir='ltr'><strong>Sed</strong></span> <span class='ocrx_word' id='word_1_39' title='bbox 742 859 926 977; x_wconf 86' lang='lat' dir='ltr'><strong>quoniam</strong></span> <span class='ocrx_word' id='word_1_40' title='bbox 941 861 1031 947; x_wconf 90' lang='lat' dir='ltr'><strong>huic</strong></span> <span class='ocrx_word' id='word_1_41' title='bbox 1050 862 1268 978; x_wconf 81' lang='lat' dir='ltr'><strong>ingeniosae</strong></span> <span class='ocrx_word' id='word_1_42' title='bbox 1282 890 1322 952; x_wconf 88' lang='lat' dir='ltr'><strong>et</strong></span> <span class='ocrx_word' id='word_1_43' title='bbox 1335 866 1446 981; x_wconf 85' lang='lat' dir='ltr'><strong>ipsius</strong></span> <span class='ocrx_word' id='word_1_44' title='bbox 1458 872 1588 959; x_wconf 72' lang='lat' dir='ltr'><strong>Theo.</strong></span> 
     </span>
     <span class='ocr_line' id='line_1_6' title="bbox 131 978 1783 1101; baseline 0.001 -28"><span class='ocrx_word' id='word_1_45' title='bbox 131 989 222 1088; x_wconf 81' lang='lat' dir='ltr'><strong>dori</strong></span> <span class='ocrx_word' id='word_1_46' title='bbox 250 988 461 1101; x_wconf 76' lang='lat' dir='ltr'>nostrisque</span> <span class='ocrx_word' id='word_1_47' title='bbox 486 982 718 1097; x_wconf 82' lang='lat' dir='ltr'>temporibus</span> <span class='ocrx_word' id='word_1_48' title='bbox 749 978 867 1096; x_wconf 88' lang='lat' dir='ltr'><strong>magis</strong></span> <span class='ocrx_word' id='word_1_49' title='bbox 898 979 1139 1068; x_wconf 89' lang='lat' dir='ltr'><strong>convenienti</strong></span> <span class='ocrx_word' id='word_1_50' title='bbox 1166 982 1329 1091; x_wconf 86' lang='lat' dir='ltr'><strong>rationi,</strong></span> <span class='ocrx_word' id='word_1_51' title='bbox 1347 1009 1519 1073; x_wconf 90' lang='lat' dir='ltr'><strong>veterum</strong></span> <span class='ocrx_word' id='word_1_52' title='bbox 1550 986 1686 1076; x_wconf 66' lang='lat' dir='ltr'><strong>et·‘²¹²ae</strong></span> <span class='ocrx_word' id='word_1_53' title='bbox 1711 998 1783 1037; x_wconf 73' lang='lat'><strong>‘¹¹⁰‘</strong></span> 
     </span>
    </p>
   </div>
   <div class='ocr_carea' id='block_1_3' title="bbox 1602 1060 1784 1096">
    <p class='ocr_par' dir='ltr' id='par_1_3' title="bbox 1602 1060 1784 1096">
     <span class='ocr_line' id='line_1_7' title="bbox 1602 1060 1784 1096; baseline -0.011 0"><span class='ocrx_word' id='word_1_54' title='bbox 1602 1060 1628 1096; x_wconf 84' lang='lat' dir='ltr'><strong>tn</strong></span> <span class='ocrx_word' id='word_1_55' title='bbox 1672 1060 1784 1096; x_wconf 72' lang='lat' dir='ltr'><strong>conver·</strong></span> 
     </span>
    </p>
   </div>
   <div class='ocr_carea' id='block_1_4' title="bbox 4 1095 1868 4278">
    <p class='ocr_par' dir='ltr' id='par_1_4' title="bbox 57 1095 1868 2748">
     <span class='ocr_line' id='line_1_8' title="bbox 136 1095 1783 1225; baseline 0.002 -34"><span class='ocrx_word' id='word_1_56' title='bbox 136 1106 313 1225; x_wconf 77' lang='lat' dir='ltr'><strong>grauium</strong></span> <span class='ocrx_word' id='word_1_57' title='bbox 330 1128 529 1198; x_wconf 89' lang='lat' dir='ltr'><strong>auctorum</strong></span> <span class='ocrx_word' id='word_1_58' title='bbox 545 1098 683 1195; x_wconf 65' lang='lat' dir='ltr'><strong>colem</strong></span> <span class='ocrx_word' id='word_1_59' title='bbox 707 1121 748 1186; x_wconf 91' lang='lat' dir='ltr'><strong>et</strong></span> <span class='ocrx_word' id='word_1_60' title='bbox 762 1095 867 1183; x_wconf 83' lang='lat' dir='ltr'><strong>Plinii</strong></span> <span class='ocrx_word' id='word_1_61' title='bbox 885 1099 1070 1184; x_wconf 88' lang='lat' dir='ltr'><strong>mensium</strong></span> <span class='ocrx_word' id='word_1_62' title='bbox 1091 1097 1310 1186; x_wconf 81' lang='lat' dir='ltr'><strong>collationes</strong></span> <span class='ocrx_word' id='word_1_63' title='bbox 1332 1127 1372 1188; x_wconf 91' lang='lat' dir='ltr'><strong>et</strong></span> <span class='ocrx_word' id='word_1_64' title='bbox 1389 1105 1590 1219; x_wconf 81' lang='lat' dir='ltr'><strong>expositio</strong></span> <span class='ocrx_word' id='word_1_65' title='bbox 1602 1106 1783 1216; x_wconf 54' lang='lat' dir='ltr'><strong>‘gfflgssffgm</strong></span> 
     </span>
     <span class='ocr_line' id='line_1_9' title="bbox 131 1213 1741 1336; baseline 0.001 -25"><span class='ocrx_word' id='word_1_66' title='bbox 131 1253 205 1314; x_wconf 87' lang='lat' dir='ltr'><strong>nes</strong></span> <span class='ocrx_word' id='word_1_67' title='bbox 220 1225 270 1309; x_wconf 86' lang='lat' dir='ltr'><strong>ab</strong></span> <span class='ocrx_word' id='word_1_68' title='bbox 293 1248 339 1308; x_wconf 88' lang='lat' dir='ltr'><strong>ea</strong></span> <span class='ocrx_word' id='word_1_69' title='bbox 365 1220 611 1336; x_wconf 84' lang='lat' dir='ltr'><strong>discrepantes</strong></span> <span class='ocrx_word' id='word_1_70' title='bbox 627 1219 759 1305; x_wconf 84' lang='lat' dir='ltr'><strong>obesse</strong></span> <span class='ocrx_word' id='word_1_71' title='bbox 788 1213 1013 1303; x_wconf 86' lang='lat' dir='ltr'><strong>videbannu</strong></span> <span class='ocrx_word' id='word_1_72' title='bbox 1033 1213 1209 1320; x_wconf 76' lang='lat' dir='ltr'><strong>,illorum</strong></span> <span class='ocrx_word' id='word_1_73' title='bbox 1225 1217 1351 1304; x_wconf 92' lang='lat' dir='ltr'><strong>bacin</strong></span> <span class='ocrx_word' id='word_1_74' title='bbox 1367 1246 1473 1333; x_wconf 85' lang='lat' dir='ltr'><strong>parte</strong></span> <span class='ocrx_word' id='word_1_75' title='bbox 1489 1225 1741 1312; x_wconf 50' lang='grc' dir='ltr'><strong>τεαὶ-ΜΝ*</strong></span> 
     </span>
     <span class='ocr_line' id='line_1_10' title="bbox 132 1332 1868 1456; baseline 0 -30"><span class='ocrx_word' id='word_1_76' title='bbox 132 1339 270 1434; x_wconf 84' lang='lat' dir='ltr'><strong>monia</strong></span> <span class='ocrx_word' id='word_1_77' title='bbox 295 1368 459 1456; x_wconf 81' lang='lat' dir='ltr'><strong>magna,</strong></span> <span class='ocrx_word' id='word_1_78' title='bbox 477 1361 522 1425; x_wconf 92' lang='lat' dir='ltr'><strong>ut</strong></span> <span class='ocrx_word' id='word_1_79' title='bbox 545 1336 725 1453; x_wconf 86' lang='lat' dir='ltr'><strong>equidem</strong></span> <span class='ocrx_word' id='word_1_80' title='bbox 751 1333 936 1443; x_wconf 87' lang='lat' dir='ltr'><strong>arbitror,</strong></span> <span class='ocrx_word' id='word_1_81' title='bbox 952 1359 992 1420; x_wconf 86' lang='lat' dir='ltr'><strong>et</strong></span> <span class='ocrx_word' id='word_1_82' title='bbox 1016 1332 1249 1424; x_wconf 86' lang='lat' dir='ltr'><strong>solicitudine</strong></span> <span class='ocrx_word' id='word_1_83' title='bbox 1264 1418 1266 1421; x_wconf 81' lang='grc'><em>,</em></span> <span class='ocrx_word' id='word_1_84' title='bbox 1279 1332 1445 1425; x_wconf 77' lang='lat' dir='ltr'><strong>refellere</strong></span> <span class='ocrx_word' id='word_1_85' title='bbox 1476 1344 1591 1429; x_wconf 79' lang='lat' dir='ltr'><strong>cona·</strong></span> <span class='ocrx_word' id='word_1_86' title='bbox 1733 1372 1734 1375; x_wconf 59' lang='lat'>‘</span> <span class='ocrx_word' id='word_1_87' title='bbox 1866 1343 1868 1350; x_wconf 82' lang='grc'><strong>’</strong></span> 
     </span>
     <span class='ocr_line' id='line_1_11' title="bbox 133 1451 1592 1563; baseline 0.004 -21"><span class='ocrx_word' id='word_1_88' title='bbox 133 1484 202 1559; x_wconf 76' lang='lat' dir='ltr'><strong>tus</strong></span> <span class='ocrx_word' id='word_1_89' title='bbox 223 1478 372 1563; x_wconf 48' lang='lat' dir='ltr'><strong>¹sst,‡et</strong></span> <span class='ocrx_word' id='word_1_90' title='bbox 386 1456 647 1551; x_wconf 80' lang='lat' dir='ltr'><strong>auctoritatem</strong></span> <span class='ocrx_word' id='word_1_91' title='bbox 673 1452 905 1540; x_wconf 87' lang='lat' dir='ltr'><strong>imminuere.</strong></span> <span class='ocrx_word' id='word_1_92' title='bbox 938 1451 1110 1545; x_wconf 88' lang='lat' dir='ltr'><strong>Galenus</strong></span> <span class='ocrx_word' id='word_1_93' title='bbox 1124 1452 1293 1550; x_wconf 80' lang='lat' dir='ltr'><strong>¹‘enimin</strong></span> <span class='ocrx_word' id='word_1_94' title='bbox 1326 1457 1521 1546; x_wconf 88' lang='lat' dir='ltr'><strong>mentione</strong></span> <span class='ocrx_word' id='word_1_95' title='bbox 1536 1491 1592 1548; x_wconf 86' lang='lat' dir='ltr'><strong>se·</strong></span> 
     </span>
     <span class='ocr_line' id='line_1_12' title="bbox 139 1568 1591 1688; baseline -0.012 -23"><span class='ocrx_word' id='word_1_96' title='bbox 139 1575 248 1665; x_wconf 84' lang='lat' dir='ltr'><strong>mittis</strong></span> <span class='ocrx_word' id='word_1_97' title='bbox 266 1573 376 1688; x_wconf 77' lang='lat' dir='ltr'><strong>abieti</strong></span> <span class='ocrx_word' id='word_1_98' title='bbox 403 1605 452 1662; x_wconf 91' lang='lat' dir='ltr'><strong>eo</strong></span> <span class='ocrx_word' id='word_1_99' title='bbox 480 1603 609 1667; x_wconf 87' lang='lat' dir='ltr'><strong>mense</strong></span> <span class='ocrx_word' id='word_1_100' title='bbox 630 1570 899 1684; x_wconf 83' lang='lat' dir='ltr'><strong>tempestivum</strong></span> <span class='ocrx_word' id='word_1_101' title='bbox 926 1568 966 1658; x_wconf 92' lang='lat' dir='ltr'><strong>id</strong></span> <span class='ocrx_word' id='word_1_102' title='bbox 989 1599 1067 1661; x_wconf 87' lang='lat' dir='ltr'><strong>esse</strong></span> <span class='ocrx_word' id='word_1_103' title='bbox 1090 1571 1228 1677; x_wconf 83' lang='lat' dir='ltr'><strong>tradit,</strong></span> <span class='ocrx_word' id='word_1_104' title='bbox 1254 1600 1337 1686; x_wconf 92' lang='lat' dir='ltr'><strong>quo</strong></span> <span class='ocrx_word' id='word_1_105' title='bbox 1362 1577 1519 1688; x_wconf 77' lang='lat' dir='ltr'><strong>mystica</strong></span> <span class='ocrx_word' id='word_1_106' title='bbox 1541 1582 1591 1666; x_wconf 63' lang='lat'><strong>32.</strong></span> 
     </span>
     <span class='ocr_line' id='line_1_13' title="bbox 137 1681 1594 1795; baseline 0.003 -17"><span class='ocrx_word' id='word_1_107' title='bbox 137 1722 202 1795; x_wconf 76' lang='lat' dir='ltr'><strong>cra</strong></span> <span class='ocrx_word' id='word_1_108' title='bbox 218 1689 402 1782; x_wconf 85' lang='lat' dir='ltr'><strong>faciebant</strong></span> <span class='ocrx_word' id='word_1_109' title='bbox 417 1692 694 1793; x_wconf 73' lang='lat' dir='ltr'><strong>Athenienses,</strong></span> <span class='ocrx_word' id='word_1_110' title='bbox 709 1687 787 1778; x_wconf 87' lang='lat' dir='ltr'><strong>hoc</strong></span> <span class='ocrx_word' id='word_1_111' title='bbox 810 1712 891 1790; x_wconf 89' lang='lat' dir='ltr'><strong>est,</strong></span> <span class='ocrx_word' id='word_1_112' title='bbox 907 1681 1127 1793; x_wconf 65' lang='lat' dir='ltr'><strong>Colporotin</strong></span> <span class='ocrx_word' id='word_1_113' title='bbox 1142 1748 1155 1794; x_wconf 92' lang='lat'><strong>,</strong></span> <span class='ocrx_word' id='word_1_114' title='bbox 1172 1712 1212 1773; x_wconf 86' lang='lat' dir='ltr'><strong>et</strong></span> <span class='ocrx_word' id='word_1_115' title='bbox 1226 1689 1328 1774; x_wconf 90' lang='lat' dir='ltr'><strong>idem</strong></span> <span class='ocrx_word' id='word_1_116' title='bbox 1342 1691 1458 1778; x_wconf 16' lang='lat' dir='ltr'><strong>,bunc</strong></span> <span class='ocrx_word' id='word_1_117' title='bbox 1486 1700 1594 1782; x_wconf 89' lang='lat' dir='ltr'><strong>men·</strong></span> 
     </span>
     <span class='ocr_line' id='line_1_14' title="bbox 136 1802 1596 1923; baseline 0.001 -23"><span class='ocrx_word' id='word_1_118' title='bbox 136 1839 220 1900; x_wconf 88' lang='lat' dir='ltr'><strong>scm</strong></span> <span class='ocrx_word' id='word_1_119' title='bbox 233 1840 257 1895; x_wconf 90' lang='lat' dir='ltr'><strong>a</strong></span> <span class='ocrx_word' id='word_1_120' title='bbox 270 1808 456 1896; x_wconf 87' lang='lat' dir='ltr'><strong>Romanis</strong></span> <span class='ocrx_word' id='word_1_121' title='bbox 468 1808 726 1923; x_wconf 90' lang='lat' dir='ltr'><strong>Septembrem</strong></span> <span class='ocrx_word' id='word_1_122' title='bbox 740 1802 917 1920; x_wconf 88' lang='lat' dir='ltr'><strong>appellati</strong></span> <span class='ocrx_word' id='word_1_123' title='bbox 934 1827 1092 1894; x_wconf 85' lang='lat' dir='ltr'><strong>testatur</strong></span> <span class='ocrx_word' id='word_1_124' title='bbox 1110 1866 1123 1913; x_wconf 95' lang='lat'><strong>,</strong></span> <span class='ocrx_word' id='word_1_125' title='bbox 1140 1832 1258 1922; x_wconf 91' lang='lat' dir='ltr'><strong>quem</strong></span> <span class='ocrx_word' id='word_1_126' title='bbox 1274 1808 1505 1899; x_wconf 87' lang='lat' dir='ltr'><strong>Theodorus</strong></span> <span class='ocrx_word' id='word_1_127' title='bbox 1518 1821 1596 1902; x_wconf 91' lang='lat' dir='ltr'><strong>Au·</strong></span> 
     </span>
     <span class='ocr_line' id='line_1_15' title="bbox 314 1920 1268 2042; baseline -0.01 -29"><span class='ocrx_word' id='word_1_128' title='bbox 314 1926 441 2042; x_wconf 89' lang='lat' dir='ltr'><strong>potius</strong></span> <span class='ocrx_word' id='word_1_129' title='bbox 463 1922 767 2013; x_wconf 88' lang='lat' dir='ltr'><strong>convertendum</strong></span> <span class='ocrx_word' id='word_1_130' title='bbox 783 1920 931 2038; x_wconf 90' lang='lat' dir='ltr'><strong>putavit</strong></span> <span class='ocrx_word' id='word_1_131' title='bbox 945 1981 961 2017; x_wconf 12' lang='grc' dir='ltr'><strong>Α.</strong></span> <span class='ocrx_word' id='word_1_132' title='bbox 988 1940 991 1947; x_wconf 85' lang='grc'><strong>’</strong></span> <span class='ocrx_word' id='word_1_133' title='bbox 1267 1936 1268 1941; x_wconf 68' lang='lat'>&#39;</span> 
     </span>
     <span class='ocr_line' id='line_1_16' title="bbox 142 2039 1596 2162; baseline 0.008 -39"><span class='ocrx_word' id='word_1_134' title='bbox 142 2102 160 2144; x_wconf 58' lang='lat'><strong>.,</strong></span> <span class='ocrx_word' id='word_1_135' title='bbox 185 2046 290 2141; x_wconf 81' lang='lat' dir='ltr'><strong>XX,</strong></span> <span class='ocrx_word' id='word_1_136' title='bbox 350 2043 490 2137; x_wconf 86' lang='lat' dir='ltr'><strong>Plinius</strong></span> <span class='ocrx_word' id='word_1_137' title='bbox 517 2066 674 2147; x_wconf 90' lang='lat' dir='ltr'><strong>aurem,</strong></span> <span class='ocrx_word' id='word_1_138' title='bbox 687 2042 781 2134; x_wconf 90' lang='lat' dir='ltr'><strong>dum</strong></span> <span class='ocrx_word' id='word_1_139' title='bbox 795 2039 1037 2137; x_wconf 82' lang='lat' dir='ltr'><strong>Aristotelem</strong></span> <span class='ocrx_word' id='word_1_140' title='bbox 1053 2042 1220 2156; x_wconf 90' lang='lat' dir='ltr'><strong>sequitur</strong></span> <span class='ocrx_word' id='word_1_141' title='bbox 1237 2044 1463 2158; x_wconf 84' lang='lat' dir='ltr'><strong>prodentem</strong></span> <span class='ocrx_word' id='word_1_142' title='bbox 1480 2047 1596 2162; x_wconf 86' lang='lat' dir='ltr'><strong>pisces</strong></span> 
     </span>
     <span class='ocr_line' id='line_1_17' title="bbox 135 2158 1597 2281; baseline -0.007 -33"><span class='ocrx_word' id='word_1_143' title='bbox 135 2190 279 2280; x_wconf 82' lang='lat' dir='ltr'><strong>magna</strong></span> <span class='ocrx_word' id='word_1_144' title='bbox 299 2190 346 2248; x_wconf 86' lang='lat' dir='ltr'><strong>ex</strong></span> <span class='ocrx_word' id='word_1_145' title='bbox 370 2184 475 2277; x_wconf 82' lang='lat' dir='ltr'><strong>parte</strong></span> <span class='ocrx_word' id='word_1_146' title='bbox 498 2161 616 2248; x_wconf 91' lang='lat' dir='ltr'><strong>tribus</strong></span> <span class='ocrx_word' id='word_1_147' title='bbox 630 2160 817 2251; x_wconf 88' lang='lat' dir='ltr'><strong>mensibus</strong></span> <span class='ocrx_word' id='word_1_148' title='bbox 831 2186 959 2276; x_wconf 84' lang='lat' dir='ltr'><strong>patere</strong></span> <span class='ocrx_word' id='word_1_149' title='bbox 975 2221 988 2267; x_wconf 89' lang='lat'><strong>,</strong></span> <span class='ocrx_word' id='word_1_150' title='bbox 1004 2158 1115 2274; x_wconf 92' lang='lat' dir='ltr'><strong>quod</strong></span> <span class='ocrx_word' id='word_1_151' title='bbox 1137 2160 1197 2246; x_wconf 86' lang='lat' dir='ltr'><strong>ille</strong></span> <span class='ocrx_word' id='word_1_152' title='bbox 1216 2159 1415 2281; x_wconf 71' lang='grc' dir='ltr'><strong>μουνυχιόη</strong></span> <span class='ocrx_word' id='word_1_153' title='bbox 1432 2224 1445 2268; x_wconf 85' lang='grc'><em>,</em></span> <span class='ocrx_word' id='word_1_154' title='bbox 1461 2162 1597 2273; x_wconf 61' lang='lat' dir='ltr'><strong>lum.</strong></span> 
     </span>
     <span class='ocr_line' id='line_1_18' title="bbox 136 2274 1597 2397; baseline 0.003 -34"><span class='ocrx_word' id='word_1_155' title='bbox 136 2277 231 2365; x_wconf 68' lang='lat' dir='ltr'><strong>alin</strong></span> <span class='ocrx_word' id='word_1_156' title='bbox 246 2274 262 2386; x_wconf 70' lang='lat'><strong>,&#39;</strong></span> <span class='ocrx_word' id='word_1_157' title='bbox 277 2274 504 2390; x_wconf 70' lang='lat' dir='ltr'><strong>oufopoftiiu</strong></span> <span class='ocrx_word' id='word_1_158' title='bbox 520 2279 731 2393; x_wconf 77' lang='lat' dir='ltr'><strong>scripserat,</strong></span> <span class='ocrx_word' id='word_1_159' title='bbox 750 2276 827 2392; x_wconf 91' lang='lat' dir='ltr'><strong>ipse</strong></span> <span class='ocrx_word' id='word_1_160' title='bbox 836 2277 953 2392; x_wconf 84' lang='lat' dir='ltr'><strong>Aprili</strong></span> <span class='ocrx_word' id='word_1_161' title='bbox 967 2340 981 2380; x_wconf 92' lang='lat'><strong>,</strong></span> <span class='ocrx_word' id='word_1_162' title='bbox 995 2277 1118 2389; x_wconf 78' lang='lat' dir='ltr'><strong>Maio,</strong></span> <span class='ocrx_word' id='word_1_163' title='bbox 1133 2278 1251 2390; x_wconf 89' lang='lat' dir='ltr'><strong>Junio</strong></span> <span class='ocrx_word' id='word_1_164' title='bbox 1264 2280 1481 2387; x_wconf 85' lang='lat' dir='ltr'><strong>convertit,</strong></span> <span class='ocrx_word' id='word_1_165' title='bbox 1496 2311 1597 2397; x_wconf 88' lang='lat' dir='ltr'><strong>quos</strong></span> 
     </span>
     <span class='ocr_line' id='line_1_19' title="bbox 137 2393 1596 2514; baseline -0.003 -32"><span class='ocrx_word' id='word_1_166' title='bbox 137 2396 368 2484; x_wconf 90' lang='lat' dir='ltr'><strong>Theodorus</strong></span> <span class='ocrx_word' id='word_1_167' title='bbox 385 2397 595 2502; x_wconf 85' lang='lat' dir='ltr'><strong>Martium,</strong></span> <span class='ocrx_word' id='word_1_168' title='bbox 610 2394 793 2510; x_wconf 86' lang='lat' dir='ltr'><strong>Aprilem,</strong></span> <span class='ocrx_word' id='word_1_169' title='bbox 812 2393 963 2505; x_wconf 74' lang='lat' dir='ltr'><strong>Maium</strong></span> <span class='ocrx_word' id='word_1_170' title='bbox 985 2395 1275 2509; x_wconf 86' lang='lat' dir='ltr'><strong>interpretantr.</strong></span> <span class='ocrx_word' id='word_1_171' title='bbox 1296 2397 1355 2482; x_wconf 89' lang='lat' dir='ltr'><strong>Sic</strong></span> <span class='ocrx_word' id='word_1_172' title='bbox 1378 2397 1491 2512; x_wconf 86' lang='lat' dir='ltr'><strong>igitur</strong></span> <span class='ocrx_word' id='word_1_173' title='bbox 1505 2401 1596 2514; x_wconf 53' lang='lat' dir='ltr'><strong>reje,</strong></span> 
     </span>
     <span class='ocr_line' id='line_1_20' title="bbox 138 2511 1597 2633; baseline 0.003 -33"><span class='ocrx_word' id='word_1_174' title='bbox 138 2514 192 2600; x_wconf 92' lang='lat' dir='ltr'><strong>cit</strong></span> <span class='ocrx_word' id='word_1_175' title='bbox 206 2515 353 2602; x_wconf 90' lang='lat' dir='ltr'><strong>illorum</strong></span> <span class='ocrx_word' id='word_1_176' title='bbox 370 2514 589 2602; x_wconf 89' lang='lat' dir='ltr'><strong>testimonia</strong></span> <span class='ocrx_word' id='word_1_177' title='bbox 605 2574 618 2620; x_wconf 89' lang='lat'><strong>,</strong></span> <span class='ocrx_word' id='word_1_178' title='bbox 633 2536 677 2598; x_wconf 94' lang='lat' dir='ltr'><strong>ut</strong></span> <span class='ocrx_word' id='word_1_179' title='bbox 691 2511 884 2597; x_wconf 90' lang='lat' dir='ltr'><strong>Galenum</strong></span> <span class='ocrx_word' id='word_1_180' title='bbox 905 2511 1043 2597; x_wconf 89' lang='lat' dir='ltr'><strong>diceret</strong></span> <span class='ocrx_word' id='word_1_181' title='bbox 1058 2542 1193 2627; x_wconf 90' lang='lat' dir='ltr'><strong>parum</strong></span> <span class='ocrx_word' id='word_1_182' title='bbox 1215 2513 1430 2629; x_wconf 91' lang='lat' dir='ltr'><strong>scrupulose</strong></span> <span class='ocrx_word' id='word_1_183' title='bbox 1448 2539 1597 2633; x_wconf 87' lang='lat' dir='ltr'><strong>tempus</strong></span> 
     </span>
     <span class='ocr_line' id='line_1_21' title="bbox 57 2627 1592 2748; baseline 0.001 -29"><span class='ocrx_word' id='word_1_184' title='bbox 57 2716 59 2719; x_wconf 85' lang='grc'>,</span> <span class='ocrx_word' id='word_1_185' title='bbox 139 2659 187 2734; x_wconf 72' lang='lat' dir='ltr'><strong>ac</strong></span> <span class='ocrx_word' id='word_1_186' title='bbox 202 2632 383 2727; x_wconf 87' lang='lat' dir='ltr'><strong>mensium</strong></span> <span class='ocrx_word' id='word_1_187' title='bbox 403 2631 553 2739; x_wconf 89' lang='lat' dir='ltr'><strong>illorum</strong></span> <span class='ocrx_word' id='word_1_188' title='bbox 577 2630 883 2727; x_wconf 88' lang='lat' dir='ltr'><strong>convenientiam</strong></span> <span class='ocrx_word' id='word_1_189' title='bbox 909 2627 1157 2720; x_wconf 86' lang='lat' dir='ltr'><strong>considerasse</strong></span> <span class='ocrx_word' id='word_1_190' title='bbox 1174 2661 1183 2715; x_wconf 92' lang='lat'>:</span> <span class='ocrx_word' id='word_1_191' title='bbox 1200 2631 1342 2746; x_wconf 88' lang='lat' dir='ltr'><strong>quippe</strong></span> <span class='ocrx_word' id='word_1_192' title='bbox 1358 2633 1463 2746; x_wconf 84' lang='lat' dir='ltr'><strong>cujus</strong></span> <span class='ocrx_word' id='word_1_193' title='bbox 1486 2637 1592 2748; x_wconf 86' lang='lat' dir='ltr'><strong>parui</strong></span> 
     </span>
    </p>

    <p class='ocr_par' dir='ltr' id='par_1_5' title="bbox 136 2746 1596 3456">
     <span class='ocr_line' id='line_1_22' title="bbox 137 2746 1596 2867; baseline -0.001 -24"><span class='ocrx_word' id='word_1_194' title='bbox 137 2748 344 2858; x_wconf 80' lang='lat' dir='ltr'><strong>interesset,</strong></span> <span class='ocrx_word' id='word_1_195' title='bbox 357 2748 685 2867; x_wconf 85' lang='lat' dir='ltr'><strong>tempestivitatem</strong></span> <span class='ocrx_word' id='word_1_196' title='bbox 699 2748 792 2832; x_wconf 89' lang='lat' dir='ltr'><strong>illius</strong></span> <span class='ocrx_word' id='word_1_197' title='bbox 807 2746 951 2833; x_wconf 83' lang='lat' dir='ltr'><strong>seminis</strong></span> <span class='ocrx_word' id='word_1_198' title='bbox 963 2751 1141 2864; x_wconf 85' lang='lat' dir='ltr'><strong>Augusto</strong></span> <span class='ocrx_word' id='word_1_199' title='bbox 1158 2748 1350 2854; x_wconf 87' lang='lat' dir='ltr'><strong>tribueret,</strong></span> <span class='ocrx_word' id='word_1_200' title='bbox 1366 2778 1416 2834; x_wconf 89' lang='lat' dir='ltr'><strong>an</strong></span> <span class='ocrx_word' id='word_1_201' title='bbox 1430 2754 1596 2865; x_wconf 87' lang='lat' dir='ltr'><strong>Septem·</strong></span> 
     </span>
     <span class='ocr_line' id='line_1_23' title="bbox 137 2863 1595 2981; baseline 0.003 -27"><span class='ocrx_word' id='word_1_202' title='bbox 137 2867 196 2963; x_wconf 86' lang='lat' dir='ltr'><strong>bri</strong></span> <span class='ocrx_word' id='word_1_203' title='bbox 212 2867 380 2981; x_wconf 77' lang='lat' dir='ltr'><strong>ejusdem</strong></span> <span class='ocrx_word' id='word_1_204' title='bbox 394 2866 472 2956; x_wconf 85' lang='lat' dir='ltr'><strong>lere</strong></span> <span class='ocrx_word' id='word_1_205' title='bbox 494 2893 649 2959; x_wconf 84' lang='lat' dir='ltr'><strong>nantrae</strong></span> <span class='ocrx_word' id='word_1_206' title='bbox 665 2865 803 2952; x_wconf 84' lang='lat' dir='ltr'><strong>mensi:</strong></span> <span class='ocrx_word' id='word_1_207' title='bbox 822 2863 981 2951; x_wconf 90' lang='lat' dir='ltr'><strong>Plinium</strong></span> <span class='ocrx_word' id='word_1_208' title='bbox 998 2893 1113 2970; x_wconf 86' lang='lat' dir='ltr'><strong>vero,</strong></span> <span class='ocrx_word' id='word_1_209' title='bbox 1129 2894 1210 2951; x_wconf 90' lang='lat' dir='ltr'><strong>non</strong></span> <span class='ocrx_word' id='word_1_210' title='bbox 1224 2867 1463 2953; x_wconf 83' lang='lat' dir='ltr'><strong>Aristotelem</strong></span> <span class='ocrx_word' id='word_1_211' title='bbox 1484 2869 1595 2958; x_wconf 91' lang='lat' dir='ltr'><strong>inter·</strong></span> 
     </span>
     <span class='ocr_line' id='line_1_24' title="bbox 146 2982 1594 3100; baseline 0 -29"><span class='ocrx_word' id='word_1_212' title='bbox 146 2987 335 3100; x_wconf 89' lang='lat' dir='ltr'><strong>pretando</strong></span> <span class='ocrx_word' id='word_1_213' title='bbox 357 2985 497 3099; x_wconf 77' lang='lat' dir='ltr'><strong>exejus</strong></span> <span class='ocrx_word' id='word_1_214' title='bbox 521 2984 724 3086; x_wconf 77' lang='lat' dir='ltr'><strong>senoemia,</strong></span> <span class='ocrx_word' id='word_1_215' title='bbox 739 2983 807 3070; x_wconf 89' lang='lat' dir='ltr'><strong>secl</strong></span> <span class='ocrx_word' id='word_1_216' title='bbox 822 3011 869 3067; x_wconf 89' lang='lat' dir='ltr'><strong>ex</strong></span> <span class='ocrx_word' id='word_1_217' title='bbox 891 3011 979 3087; x_wconf 90' lang='lat' dir='ltr'><strong>sua,</strong></span> <span class='ocrx_word' id='word_1_218' title='bbox 996 2983 1193 3092; x_wconf 88' lang='lat' dir='ltr'><strong>contendit</strong></span> <span class='ocrx_word' id='word_1_219' title='bbox 1217 2982 1311 3070; x_wconf 93' lang='lat' dir='ltr'><strong>illud</strong></span> <span class='ocrx_word' id='word_1_220' title='bbox 1325 2986 1594 3100; x_wconf 82' lang='lat' dir='ltr'><strong>corneripsisse,</strong></span> 
     </span>
     <span class='ocr_line' id='line_1_25' title="bbox 137 3101 1596 3218; baseline 0.004 -30"><span class='ocrx_word' id='word_1_221' title='bbox 137 3126 294 3218; x_wconf 90' lang='lat' dir='ltr'><strong>propter</strong></span> <span class='ocrx_word' id='word_1_222' title='bbox 324 3104 497 3190; x_wconf 89' lang='lat' dir='ltr'><strong>locorum</strong></span> <span class='ocrx_word' id='word_1_223' title='bbox 510 3102 685 3192; x_wconf 25' lang='lat' dir='ltr'><strong>*videlicet</strong></span> <span class='ocrx_word' id='word_1_224' title='bbox 701 3101 886 3188; x_wconf 90' lang='lat' dir='ltr'><strong>diversam</strong></span> <span class='ocrx_word' id='word_1_225' title='bbox 916 3122 1117 3188; x_wconf 84' lang='lat' dir='ltr'><strong>naturam:</strong></span> <span class='ocrx_word' id='word_1_226' title='bbox 1148 3128 1237 3187; x_wconf 87' lang='lat' dir='ltr'><strong>curn</strong></span> <span class='ocrx_word' id='word_1_227' title='bbox 1265 3126 1396 3188; x_wconf 87' lang='lat' dir='ltr'><strong>tamen</strong></span> <span class='ocrx_word' id='word_1_228' title='bbox 1425 3104 1596 3195; x_wconf 85' lang='lat' dir='ltr'><strong>Galenus</strong></span> 
     </span>
     <span class='ocr_line' id='line_1_26' title="bbox 136 3217 1596 3336; baseline 0.004 -29"><span class='ocrx_word' id='word_1_229' title='bbox 136 3243 312 3335; x_wconf 83' lang='lat' dir='ltr'><strong>tempora</strong></span> <span class='ocrx_word' id='word_1_230' title='bbox 327 3244 367 3308; x_wconf 89' lang='lat' dir='ltr'><strong>et</strong></span> <span class='ocrx_word' id='word_1_231' title='bbox 381 3240 527 3313; x_wconf 67' lang='lat' dir='ltr'><strong>nenses</strong></span> <span class='ocrx_word' id='word_1_232' title='bbox 543 3219 815 3336; x_wconf 83' lang='lat' dir='ltr'><strong>diligentissime</strong></span> <span class='ocrx_word' id='word_1_233' title='bbox 838 3217 1039 3304; x_wconf 85' lang='lat' dir='ltr'><strong>conntlerit</strong></span> <span class='ocrx_word' id='word_1_234' title='bbox 1056 3279 1069 3325; x_wconf 89' lang='lat'><strong>,</strong></span> <span class='ocrx_word' id='word_1_235' title='bbox 1084 3243 1128 3305; x_wconf 86' lang='lat' dir='ltr'><strong>et</strong></span> <span class='ocrx_word' id='word_1_236' title='bbox 1145 3218 1282 3305; x_wconf 89' lang='lat' dir='ltr'><strong>Plinius</strong></span> <span class='ocrx_word' id='word_1_237' title='bbox 1294 3219 1536 3310; x_wconf 81' lang='lat' dir='ltr'><strong>Aristotelem</strong></span> <span class='ocrx_word' id='word_1_238' title='bbox 1555 3250 1596 3313; x_wconf 92' lang='lat' dir='ltr'><strong>et</strong></span> 
     </span>
     <span class='ocr_line' id='line_1_27' title="bbox 139 3331 1595 3456; baseline 0.004 -33"><span class='ocrx_word' id='word_1_239' title='bbox 139 3338 296 3453; x_wconf 86' lang='lat' dir='ltr'><strong>quidem</strong></span> <span class='ocrx_word' id='word_1_240' title='bbox 322 3369 394 3456; x_wconf 87' lang='lat' dir='ltr'><strong>pto</strong></span> <span class='ocrx_word' id='word_1_241' title='bbox 419 3338 486 3426; x_wconf 90' lang='lat' dir='ltr'><strong>illis</strong></span> <span class='ocrx_word' id='word_1_242' title='bbox 514 3338 745 3454; x_wconf 81' lang='lat' dir='ltr'><strong>temporibus</strong></span> <span class='ocrx_word' id='word_1_243' title='bbox 774 3334 1076 3424; x_wconf 86' lang='lat' dir='ltr'><strong>commodissime</strong></span> <span class='ocrx_word' id='word_1_244' title='bbox 1103 3331 1214 3424; x_wconf 86' lang='lat' dir='ltr'><strong>fuerit</strong></span> <span class='ocrx_word' id='word_1_245' title='bbox 1239 3336 1528 3456; x_wconf 82' lang='lat' dir='ltr'><strong>interpretatus,</strong></span> <span class='ocrx_word' id='word_1_246' title='bbox 1550 3367 1595 3429; x_wconf 91' lang='lat' dir='ltr'><strong>ut</strong></span> 
     </span>
    </p>

    <p class='ocr_par' dir='ltr' id='par_1_6' title="bbox 4 3454 1596 4278">
     <span class='ocr_line' id='line_1_28' title="bbox 4 3454 1596 3571; baseline 0.002 -31"><span class='ocrx_word' id='word_1_247' title='bbox 4 3459 6 3464; x_wconf 76' lang='grc'><strong>’</strong></span> <span class='ocrx_word' id='word_1_248' title='bbox 142 3456 307 3543; x_wconf 86' lang='lat' dir='ltr'><strong>declarat</strong></span> <span class='ocrx_word' id='word_1_249' title='bbox 336 3455 558 3543; x_wconf 85' lang='lat' dir='ltr'><strong>Plutarchus</strong></span> <span class='ocrx_word' id='word_1_250' title='bbox 583 3458 685 3544; x_wconf 90' lang='lat' dir='ltr'><strong>testis</strong></span> <span class='ocrx_word' id='word_1_251' title='bbox 712 3454 1046 3571; x_wconf 90' lang='lat' dir='ltr'><strong>locupletissimus,</strong></span> <span class='ocrx_word' id='word_1_252' title='bbox 1062 3476 1101 3541; x_wconf 91' lang='lat' dir='ltr'><strong>et</strong></span> <span class='ocrx_word' id='word_1_253' title='bbox 1127 3456 1188 3541; x_wconf 93' lang='lat' dir='ltr'><strong>cui</strong></span> <span class='ocrx_word' id='word_1_254' title='bbox 1203 3456 1433 3544; x_wconf 91' lang='lat' dir='ltr'><strong>Theodorus</strong></span> <span class='ocrx_word' id='word_1_255' title='bbox 1460 3457 1500 3542; x_wconf 90' lang='lat' dir='ltr'><strong>in</strong></span> <span class='ocrx_word' id='word_1_256' title='bbox 1528 3487 1596 3543; x_wconf 82' lang='lat' dir='ltr'><strong>eo-</strong></span> 
     </span>
     <span class='ocr_line' id='line_1_29' title="bbox 143 3571 1594 3664; baseline 0.006 -8"><span class='ocrx_word' id='word_1_257' title='bbox 143 3571 234 3658; x_wconf 91' lang='lat' dir='ltr'><strong>dem</strong></span> <span class='ocrx_word' id='word_1_258' title='bbox 264 3573 361 3661; x_wconf 89' lang='lat' dir='ltr'><strong>libro</strong></span> <span class='ocrx_word' id='word_1_259' title='bbox 390 3595 594 3662; x_wconf 87' lang='lat' dir='ltr'><strong>summam</strong></span> <span class='ocrx_word' id='word_1_260' title='bbox 610 3573 874 3660; x_wconf 91' lang='lat' dir='ltr'><strong>auctoritatem</strong></span> <span class='ocrx_word' id='word_1_261' title='bbox 903 3573 1066 3659; x_wconf 88' lang='lat' dir='ltr'><strong>tribuere</strong></span> <span class='ocrx_word' id='word_1_262' title='bbox 1095 3599 1178 3658; x_wconf 93' lang='lat' dir='ltr'><strong>non</strong></span> <span class='ocrx_word' id='word_1_263' title='bbox 1210 3572 1396 3661; x_wconf 83' lang='lat' dir='ltr'><strong>dubitavit</strong></span> <span class='ocrx_word' id='word_1_264' title='bbox 1414 3604 1423 3659; x_wconf 72' lang='grc' dir='ltr'><em>τ</em></span> <span class='ocrx_word' id='word_1_265' title='bbox 1441 3574 1471 3658; x_wconf 90' lang='lat' dir='ltr'><strong>is</strong></span> <span class='ocrx_word' id='word_1_266' title='bbox 1494 3575 1594 3664; x_wconf 86' lang='lat' dir='ltr'><strong>euim</strong></span> 
     </span>
     <span class='ocr_line' id='line_1_30' title="bbox 143 3687 1594 3809; baseline 0.007 -37"><span class='ocrx_word' id='word_1_267' title='bbox 143 3687 196 3772; x_wconf 91' lang='lat' dir='ltr'><strong>sic</strong></span> <span class='ocrx_word' id='word_1_268' title='bbox 217 3690 255 3774; x_wconf 91' lang='lat' dir='ltr'><strong>in</strong></span> <span class='ocrx_word' id='word_1_269' title='bbox 274 3718 352 3798; x_wconf 87' lang='lat' dir='ltr'><strong>eo,</strong></span> <span class='ocrx_word' id='word_1_270' title='bbox 383 3722 500 3809; x_wconf 91' lang='lat' dir='ltr'><strong>quem</strong></span> <span class='ocrx_word' id='word_1_271' title='bbox 523 3691 681 3783; x_wconf 81' lang='lat' dir='ltr'><strong>disimtu</strong></span> <span class='ocrx_word' id='word_1_272' title='bbox 696 3754 709 3796; x_wconf 97' lang='lat'><strong>,</strong></span> <span class='ocrx_word' id='word_1_273' title='bbox 726 3690 813 3777; x_wconf 91' lang='lat' dir='ltr'><strong>loco</strong></span> <span class='ocrx_word' id='word_1_274' title='bbox 839 3688 1038 3803; x_wconf 77' lang='lat' dir='ltr'><strong>traiecmm</strong></span> <span class='ocrx_word' id='word_1_275' title='bbox 1061 3689 1227 3777; x_wconf 87' lang='lat' dir='ltr'><strong>Caesaris</strong></span> <span class='ocrx_word' id='word_1_276' title='bbox 1251 3690 1291 3776; x_wconf 90' lang='lat' dir='ltr'><strong>in</strong></span> <span class='ocrx_word' id='word_1_277' title='bbox 1320 3691 1594 3782; x_wconf 87' lang='lat' dir='ltr'><strong>Macedoniam</strong></span> 
     </span>
     <span class='ocr_line' id='line_1_31' title="bbox 132 3801 1593 3929; baseline 0.004 -41"><span class='ocrx_word' id='word_1_278' title='bbox 132 3807 364 3914; x_wconf 76' lang='lat' dir='ltr'><strong>conscribit,</strong></span> <span class='ocrx_word' id='word_1_279' title='bbox 378 3806 553 3929; x_wconf 62' lang='grc' dir='ltr'><strong>χιψᾶνος,</strong></span> <span class='ocrx_word' id='word_1_280' title='bbox 563 3809 594 3892; x_wconf 83' lang='lat' dir='ltr'><strong>ir</strong></span> <span class='ocrx_word' id='word_1_281' title='bbox 614 3847 642 3891; x_wconf 83' lang='grc' dir='ltr'><strong><em>τ</em></strong></span> <span class='ocrx_word' id='word_1_282' title='bbox 643 3804 779 3917; x_wconf 72' lang='lat' dir='ltr'><strong>ferreis</strong></span> <span class='ocrx_word' id='word_1_283' title='bbox 793 3802 908 3913; x_wconf 70' lang='lat' dir='ltr'><strong>irtus,</strong></span> <span class='ocrx_word' id='word_1_284' title='bbox 928 3801 1098 3910; x_wconf 54' lang='lat' dir='ltr'><strong>lacessitos</strong></span> <span class='ocrx_word' id='word_1_285' title='bbox 1112 3806 1298 3915; x_wconf 73' lang='lat' dir='ltr'><strong>ietouoflou</strong></span> <span class='ocrx_word' id='word_1_286' title='bbox 1312 3806 1535 3924; x_wconf 68' lang='lat' dir='ltr'><strong>ratrisli‘tiras</strong></span> <span class='ocrx_word' id='word_1_287' title='bbox 1550 3813 1593 3894; x_wconf 60' lang='grc' dir='ltr'><strong><em>Ν</em></strong></span> 
     </span>
     <span class='ocr_line' id='line_1_32' title="bbox 139 3914 1593 4041; baseline 0.009 -36"><span class='ocrx_word' id='word_1_288' title='bbox 139 3914 183 4008; x_wconf 70' lang='lat' dir='ltr'><strong>A</strong></span> <span class='ocrx_word' id='word_1_289' title='bbox 207 3917 254 4011; x_wconf 82' lang='lat' dir='ltr'><strong>&#39;lm</strong></span> <span class='ocrx_word' id='word_1_290' title='bbox 282 3926 472 4019; x_wconf 67' lang='lat' dir='ltr'><strong>amerinis</strong></span> <span class='ocrx_word' id='word_1_291' title='bbox 496 3924 676 4041; x_wconf 69' lang='lat' dir='ltr'><strong>Alalaiou)</strong></span> <span class='ocrx_word' id='word_1_292' title='bbox 692 3924 820 4036; x_wconf 63' lang='lat' dir='ltr'><strong>&amp;pitto</strong></span> <span class='ocrx_word' id='word_1_293' title='bbox 844 3923 890 4008; x_wconf 77' lang='lat' dir='ltr'><strong>&#39;ns</strong></span> <span class='ocrx_word' id='word_1_294' title='bbox 909 3928 961 4019; x_wconf 56' lang='grc' dir='ltr'><strong>τὸ,</strong></span> <span class='ocrx_word' id='word_1_295' title='bbox 981 3929 1148 4028; x_wconf 71' lang='grc' dir='ltr'><strong>πέλαγος</strong></span> <span class='ocrx_word' id='word_1_296' title='bbox 1165 3958 1174 4011; x_wconf 88' lang='lat'>:</span> <span class='ocrx_word' id='word_1_297' title='bbox 1192 3954 1292 4041; x_wconf 90' lang='lat' dir='ltr'><strong>quae</strong></span> <span class='ocrx_word' id='word_1_298' title='bbox 1320 3928 1349 4011; x_wconf 89' lang='lat' dir='ltr'><strong>si</strong></span> <span class='ocrx_word' id='word_1_299' title='bbox 1363 3929 1593 4018; x_wconf 89' lang='lat' dir='ltr'><strong>Theodotus</strong></span> 
     </span>
     <span class='ocr_line' id='line_1_33' title="bbox 139 4039 1591 4176; baseline 0.005 -48"><span class='ocrx_word' id='word_1_300' title='bbox 139 4039 310 4176; x_wconf 79' lang='lat' dir='ltr'><strong>legisset,</strong></span> <span class='ocrx_word' id='word_1_301' title='bbox 321 4069 390 4132; x_wconf 88' lang='lat' dir='ltr'><strong>aut</strong></span> <span class='ocrx_word' id='word_1_302' title='bbox 403 4044 501 4139; x_wconf 89' lang='lat' dir='ltr'><strong>lecta</strong></span> <span class='ocrx_word' id='word_1_303' title='bbox 514 4105 528 4151; x_wconf 92' lang='lat'><strong>,</strong></span> <span class='ocrx_word' id='word_1_304' title='bbox 542 4073 631 4130; x_wconf 92' lang='lat' dir='ltr'><strong>cum</strong></span> <span class='ocrx_word' id='word_1_305' title='bbox 646 4044 686 4131; x_wconf 89' lang='lat' dir='ltr'><strong>id</strong></span> <span class='ocrx_word' id='word_1_306' title='bbox 703 4043 880 4160; x_wconf 87' lang='lat' dir='ltr'><strong>proderet</strong></span> <span class='ocrx_word' id='word_1_307' title='bbox 894 4103 907 4150; x_wconf 93' lang='lat'><strong>,</strong></span> <span class='ocrx_word' id='word_1_308' title='bbox 921 4039 1145 4130; x_wconf 86' lang='lat' dir='ltr'><strong>meminisset</strong></span> <span class='ocrx_word' id='word_1_309' title='bbox 1163 4104 1177 4149; x_wconf 92' lang='lat'><strong>,</strong></span> <span class='ocrx_word' id='word_1_310' title='bbox 1195 4072 1333 4160; x_wconf 85' lang='lat' dir='ltr'><strong>magna</strong></span> <span class='ocrx_word' id='word_1_311' title='bbox 1359 4046 1591 4135; x_wconf 84' lang='lat' dir='ltr'><strong>solicitudine</strong></span> 
     </span>
     <span class='ocr_line' id='line_1_34' title="bbox 141 4154 1590 4278; baseline 0.003 -30"><span class='ocrx_word' id='word_1_312' title='bbox 141 4154 270 4248; x_wconf 77' lang='lat' dir='ltr'><strong>hsuset</strong></span> <span class='ocrx_word' id='word_1_313' title='bbox 294 4161 469 4252; x_wconf 77' lang='lat' dir='ltr'><strong>liberans</strong></span> <span class='ocrx_word' id='word_1_314' title='bbox 504 4192 626 4250; x_wconf 93' lang='lat' dir='ltr'><strong>unum</strong></span> <span class='ocrx_word' id='word_1_315' title='bbox 650 4162 755 4249; x_wconf 92' lang='lat' dir='ltr'><strong>illum</strong></span> <span class='ocrx_word' id='word_1_316' title='bbox 784 4189 949 4248; x_wconf 90' lang='lat' dir='ltr'><strong>mensem</strong></span> <span class='ocrx_word' id='word_1_317' title='bbox 978 4163 1338 4278; x_wconf 80' lang='lat' dir='ltr'><strong>ejusqueGraecum</strong></span> <span class='ocrx_word' id='word_1_318' title='bbox 1359 4188 1399 4248; x_wconf 88' lang='lat' dir='ltr'><strong>er</strong></span> <span class='ocrx_word' id='word_1_319' title='bbox 1413 4163 1590 4253; x_wconf 85' lang='lat' dir='ltr'><strong>Larinum</strong></span> 
     </span>
    </p>
   </div>
   <div class='ocr_carea' id='block_1_5' title="bbox 138 4278 1624 4955">
    <p class='ocr_par' dir='ltr' id='par_1_7' title="bbox 138 4278 1624 4955">
     <span class='ocr_line' id='line_1_35' title="bbox 141 4278 1592 4400; baseline 0.01 -42"><span class='ocrx_word' id='word_1_320' title='bbox 141 4302 285 4362; x_wconf 89' lang='lat' dir='ltr'><strong>nomen</strong></span> <span class='ocrx_word' id='word_1_321' title='bbox 307 4279 582 4400; x_wconf 70' lang='lat' dir='ltr'><strong>investigandi,</strong></span> <span class='ocrx_word' id='word_1_322' title='bbox 599 4309 670 4368; x_wconf 93' lang='lat' dir='ltr'><strong>nec</strong></span> <span class='ocrx_word' id='word_1_323' title='bbox 696 4280 897 4367; x_wconf 82' lang='lat' dir='ltr'><strong>induxisset</strong></span> <span class='ocrx_word' id='word_1_324' title='bbox 925 4280 1124 4385; x_wconf 90' lang='lat' dir='ltr'><strong>animum,</strong></span> <span class='ocrx_word' id='word_1_325' title='bbox 1152 4303 1196 4364; x_wconf 93' lang='lat' dir='ltr'><strong>ut</strong></span> <span class='ocrx_word' id='word_1_326' title='bbox 1225 4278 1433 4394; x_wconf 91' lang='lat' dir='ltr'><strong>quidquam</strong></span> <span class='ocrx_word' id='word_1_327' title='bbox 1450 4342 1463 4388; x_wconf 92' lang='lat'><strong>,</strong></span> <span class='ocrx_word' id='word_1_328' title='bbox 1480 4284 1592 4398; x_wconf 90' lang='lat' dir='ltr'><strong>quod</strong></span> 
     </span>
     <span class='ocr_line' id='line_1_36' title="bbox 138 4392 1592 4518; baseline 0.006 -41"><span class='ocrx_word' id='word_1_329' title='bbox 138 4392 282 4491; x_wconf 84' lang='lat' dir='ltr'><strong>horum</strong></span> <span class='ocrx_word' id='word_1_330' title='bbox 308 4397 419 4487; x_wconf 88' lang='lat' dir='ltr'><strong>trium</strong></span> <span class='ocrx_word' id='word_1_331' title='bbox 437 4426 628 4518; x_wconf 63' lang='lat' dir='ltr'><strong>magnae,</strong></span> <span class='ocrx_word' id='word_1_332' title='bbox 644 4397 876 4487; x_wconf 85' lang='lat' dir='ltr'><strong>auctoritatis</strong></span> <span class='ocrx_word' id='word_1_333' title='bbox 903 4398 1071 4489; x_wconf 89' lang='lat' dir='ltr'><strong>virorum</strong></span> <span class='ocrx_word' id='word_1_334' title='bbox 1102 4398 1299 4485; x_wconf 91' lang='lat' dir='ltr'><strong>consensui</strong></span> <span class='ocrx_word' id='word_1_335' title='bbox 1332 4423 1371 4485; x_wconf 91' lang='lat' dir='ltr'><strong>et</strong></span> <span class='ocrx_word' id='word_1_336' title='bbox 1405 4402 1592 4513; x_wconf 85' lang='lat' dir='ltr'><strong>apertissi-</strong></span> 
     </span>
     <span class='ocr_line' id='line_1_37' title="bbox 139 4517 1591 4633; baseline 0.005 -36"><span class='ocrx_word' id='word_1_337' title='bbox 139 4539 228 4598; x_wconf 88' lang='lat' dir='ltr'><strong>mae</strong></span> <span class='ocrx_word' id='word_1_338' title='bbox 253 4518 455 4604; x_wconf 85' lang='lat' dir='ltr'><strong>sententiae</strong></span> <span class='ocrx_word' id='word_1_339' title='bbox 477 4519 708 4612; x_wconf 82' lang='lat' dir='ltr'><strong>contrarium</strong></span> <span class='ocrx_word' id='word_1_340' title='bbox 725 4543 818 4604; x_wconf 88' lang='lat' dir='ltr'><strong>esset</strong></span> <span class='ocrx_word' id='word_1_341' title='bbox 835 4579 847 4622; x_wconf 95' lang='lat'><strong>,</strong></span> <span class='ocrx_word' id='word_1_342' title='bbox 863 4517 1134 4633; x_wconf 82' lang='lat' dir='ltr'><strong>constitueret:</strong></span> <span class='ocrx_word' id='word_1_343' title='bbox 1160 4545 1248 4602; x_wconf 85' lang='lat' dir='ltr'><strong>cum</strong></span> <span class='ocrx_word' id='word_1_344' title='bbox 1272 4517 1410 4603; x_wconf 90' lang='lat' dir='ltr'><strong>eodem</strong></span> <span class='ocrx_word' id='word_1_345' title='bbox 1438 4518 1478 4602; x_wconf 92' lang='lat' dir='ltr'><strong>in</strong></span> <span class='ocrx_word' id='word_1_346' title='bbox 1500 4520 1591 4604; x_wconf 92' lang='lat' dir='ltr'><strong>loco</strong></span> 
     </span>
     <span class='ocr_line' id='line_1_38' title="bbox 138 4628 1591 4744; baseline 0.003 -30"><span class='ocrx_word' id='word_1_347' title='bbox 138 4628 360 4718; x_wconf 87' lang='lat' dir='ltr'><strong>Plutarchus</strong></span> <span class='ocrx_word' id='word_1_348' title='bbox 384 4632 493 4719; x_wconf 90' lang='lat' dir='ltr'><strong>simul</strong></span> <span class='ocrx_word' id='word_1_349' title='bbox 515 4662 670 4725; x_wconf 89' lang='lat' dir='ltr'><strong>testetur</strong></span> <span class='ocrx_word' id='word_1_350' title='bbox 696 4637 872 4722; x_wconf 83' lang='lat' dir='ltr'><strong>brumam</strong></span> <span class='ocrx_word' id='word_1_351' title='bbox 896 4634 1059 4739; x_wconf 67' lang='lat' dir='ltr'><strong>incidere</strong></span> <span class='ocrx_word' id='word_1_352' title='bbox 1088 4636 1129 4718; x_wconf 90' lang='lat' dir='ltr'><strong>in</strong></span> <span class='ocrx_word' id='word_1_353' title='bbox 1160 4662 1325 4721; x_wconf 91' lang='lat' dir='ltr'><strong>mensem</strong></span> <span class='ocrx_word' id='word_1_354' title='bbox 1347 4632 1591 4744; x_wconf 65' lang='lat' dir='ltr'><strong>nostratim,</strong></span> 
     </span>
     <span class='ocr_line' id='line_1_39' title="bbox 139 4746 1624 4955; baseline 0.003 -121"><span class='ocrx_word' id='word_1_355' title='bbox 139 4746 249 4836; x_wconf 92' lang='lat' dir='ltr'><strong>simul</strong></span> <span class='ocrx_word' id='word_1_356' title='bbox 269 4749 372 4838; x_wconf 89' lang='lat' dir='ltr'><strong>hunc</strong></span> <span class='ocrx_word' id='word_1_357' title='bbox 398 4781 477 4839; x_wconf 89' lang='lat' dir='ltr'><strong>csse</strong></span> <span class='ocrx_word' id='word_1_358' title='bbox 494 4815 506 4859; x_wconf 95' lang='lat'><strong>,</strong></span> <span class='ocrx_word' id='word_1_359' title='bbox 521 4785 638 4871; x_wconf 89' lang='lat' dir='ltr'><strong>quem</strong></span> <span class='ocrx_word' id='word_1_360' title='bbox 652 4754 823 4842; x_wconf 88' lang='lat' dir='ltr'><strong>Romani</strong></span> <span class='ocrx_word' id='word_1_361' title='bbox 837 4746 1236 4864; x_wconf 69' lang='lat' dir='ltr'><strong>vocant&#39;Januarium.</strong></span> <span class='ocrx_word' id='word_1_362' title='bbox 1266 4754 1362 4847; x_wconf 93' lang='lat' dir='ltr'><strong>Quo</strong></span> <span class='ocrx_word' id='word_1_363' title='bbox 1379 4753 1535 4955; x_wconf 66' lang='lat' dir='ltr'><strong>copnito</strong></span> <span class='ocrx_word' id='word_1_364' title='bbox 1552 4780 1592 4839; x_wconf 89' lang='lat' dir='ltr'><strong>et</strong></span> <span class='ocrx_word' id='word_1_365' title='bbox 1622 4818 1624 4821; x_wconf 19' lang='lat' dir='ltr'><strong>a</strong></span> 
     </span>
    </p>
   </div>
   <div class='ocr_carea' id='block_1_6' title="bbox 1437 4895 1593 5097">
    <p class='ocr_par' dir='ltr' id='par_1_8' title="bbox 1437 4895 1593 5097">
     <span class='ocr_line' id='line_1_40' title="bbox 1437 4895 1591 4957; baseline 0.006 -1"><span class='ocrx_word' id='word_1_366' title='bbox 1437 4895 1518 4956; x_wconf 84' lang='lat' dir='ltr'><strong>ecta</strong></span> <span class='ocrx_word' id='word_1_367' title='bbox 1533 4899 1591 4957; x_wconf 88' lang='lat' dir='ltr'><strong>res</strong></span> 
     </span>
     <span class='ocr_line' id='line_1_41' title="bbox 1498 5012 1593 5097; baseline 0.032 -24"><span class='ocrx_word' id='word_1_368' title='bbox 1498 5012 1593 5097; x_wconf 88' lang='lat' dir='ltr'><strong>erat,</strong></span> 
     </span>
    </p>
   </div>
   <div class='ocr_carea' id='block_1_7' title="bbox 137 4865 1420 4992">
    <p class='ocr_par' dir='ltr' id='par_1_9' title="bbox 137 4865 1420 4992">
     <span class='ocr_line' id='line_1_42' title="bbox 137 4865 1420 4992; baseline -0.001 -35"><span class='ocrx_word' id='word_1_369' title='bbox 137 4868 246 4982; x_wconf 90' lang='lat' dir='ltr'><strong>quasi</strong></span> <span class='ocrx_word' id='word_1_370' title='bbox 269 4865 522 4965; x_wconf 74' lang='lat' dir='ltr'><strong>laudamento</strong></span> <span class='ocrx_word' id='word_1_371' title='bbox 537 4873 637 4992; x_wconf 80' lang='lat' dir='ltr'><strong>jacto</strong></span> <span class='ocrx_word' id='word_1_372' title='bbox 654 4936 668 4984; x_wconf 90' lang='lat'><strong>,</strong></span> <span class='ocrx_word' id='word_1_373' title='bbox 685 4871 949 4989; x_wconf 86' lang='lat' dir='ltr'><strong>mensibusque</strong></span> <span class='ocrx_word' id='word_1_374' title='bbox 964 4871 1098 4961; x_wconf 87' lang='lat' dir='ltr'><strong>ordine</strong></span> <span class='ocrx_word' id='word_1_375' title='bbox 1112 4870 1326 4981; x_wconf 86' lang='lat' dir='ltr'><strong>collocatis,</strong></span> <span class='ocrx_word' id='word_1_376' title='bbox 1346 4898 1420 4957; x_wconf 92' lang='lat' dir='ltr'><strong>con</strong></span> 
     </span>
    </p>
   </div>
   <div class='ocr_carea' id='block_1_8' title="bbox 0 0 2074 5872">
    <p class='ocr_par' dir='ltr' id='par_1_10' title="bbox 0 0 2074 5872">
     <span class='ocr_line' id='line_1_43' title="bbox 0 0 2074 5872; baseline 0 0"><span class='ocrx_word' id='word_1_377' title='bbox 0 0 2074 5872; x_wconf 95' lang='lat' dir='ltr'><strong> </strong></span> 
     </span>
    </p>
   </div>
  </div>
 </body>
</html>
