4006 5850
494 347 569 472 ,8⁹4
790 379 858 450 nr
882 376 1014 448 raro
1040 363 1104 448 rar
1129 366 1309 446 eruero
1331 372 1568 449 anurrruo

471 506 548 594 mili
564 502 685 590 modo
703 501 750 589 de
782 500 863 590 fato
884 497 1072 620 rebusque
1099 498 1273 590 fatalibus
1302 504 1551 590 statuendum
1567 526 1652 590 est:
1673 508 1772 591 ‘non
1804 535 1935 622 proce·-

475 625 574 711 dunt
590 641 716 708 aurem
725 637 775 708 ex
789 622 1032 728 necessitate,
1058 652 1294 739 quamquam
1306 621 1400 708 fiant
1431 652 1570 740 magna
1595 651 1642 708 ex
1670 651 1816 740 parte,
1845 657 1931 716 cum

392 775 395 789 ·
447 788 448 791 κ
474 742 666 829 interdum
680 766 862 847 naturae,
885 771 995 827 causa
1022 745 1222 860 quaepiam
1237 765 1418 847 externa,
1446 741 1650 857 quominus
1678 773 1794 858 opus.
1820 777 1927 834 suurn

389 907 390 911 κ
476 859 651 975 perlicere
668 860 811 968 valcat,
833 862 1010 946 obsistat:
1041 887 1085 946 ut
1099 890 1187 946 cum
1202 890 1249 946 ex
1264 860 1417 946 homine
1438 890 1519 946 non
1534 860 1657 946 homo
1676 921 1689 964 ,
1717 862 1790 949 sed
1817 897 1926 952 mon·

474 1004 593 1066 strum
618 977 774 1094 aliquod
791 1004 989 1096 generatur
1006 1009 1020 1061 :·
1043 1008 1143 1094 quae
1157 979 1271 1097 igitur
1287 975 1368 1064 fato
1384 976 1507 1084 fiunt,
1539 1007 1620 1064 non
1652 976 1757 1067 fiunt
1776 987 1921 1071 necessi·

475 1122 566 1185 tate.
599 1102 733 1212 ltaque
749 1122 793 1182 ut
806 1097 844 1181 in
866 1098 1002 1212 quibus
1018 1102 1126 1184 rebus
1150 1123 1284 1183 natura
1299 1122 1468 1184 versatur
1487 1155 1501 1201 ,
1522 1097 1561 1180 in
1590 1097 1646 1181 his
1676 1097 1827 1216 aliquid
1849 1101 1921 1189 effi·

381 1240 402 1271 ³
474 1215 570 1302 citur
597 1241 742 1330 praeter
759 1242 955 1304 nauatam:
986 1217 1033 1300 sic
1062 1218 1101 1303 in
1130 1216 1268 1331 quibus
1282 1209 1434 1320 fatum,
1459 1213 1564 1327 cujus
1587 1215 1725 1301 eadem
1760 1244 1818 1305 est
1843 1223 1920 1329 vis,

475 1333 616 1450 aliquid
634 1356 780 1449 praeter
795 1330 916 1420 fatum
939 1333 1094 1420 exsistit:
1121 1360 1166 1418 ut
1182 1334 1316 1421 merito
1333 1333 1432 1419 dicas
1451 1362 1558 1417 suam
1571 1334 1712 1448 cuique
1732 1362 1916 1448 naturam,

376 1493 379 1499 ¹
474 1480 662 1568 suumque
677 1450 798 1536 fatum
814 1452 1032 1567 principium
1046 1478 1085 1539 et
1100 1481 1251 1538 causam
1264 1480 1341 1537 esse
1357 1450 1496 1540 ordinis
1509 1479 1638 1537 earum
1651 1480 1784 1539 rerum
1801 1475 1920 1573 ,quae

474 1569 613 1691 inipso
632 1595 764 1656 natura
787 1568 915 1676 fiunt,
949 1599 1037 1655 cum
1061 1570 1189 1660 videre
1216 1571 1325 1655 liceat
1348 1569 1519 1656 homines
1535 1598 1606 1684 pro
1634 1600 1704 1655 sua
1729 1602 1921 1692 quemque

472 1706 662 1780 naturaet
686 1689 811 1777 vivere
827 1715 866 1775 et
883 1689 1042 1774 interire.
1076 1688 1152 1774 Sed
1168 1715 1211 1774 ut
1227 1689 1319 1775 haec
1335 1717 1474 1806 magna
1489 1716 1536 1773 ex
1559 1712 1667 1802 parte
1693 1688 1779 1777 fieri
1796 1721 1917 1782 notan·

416 1848 417 1851 Ν
473 1812 537 1893 tur
553 1866 567 1913 ,
582 1811 632 1894 sic
658 1837 739 1893 non
763 1837 810 1892 ex
833 1807 1047 1893 necessitate
1070 1805 1147 1892 lieri
1168 1830 1314 1892 certum
1342 1832 1410 1892 est.
1446 1805 1548 1892 Huic
1562 1806 1666 1890 enim
1684 1812 1848 1897 naturali
1864 1846 1920 1900 or·

422 2004 426 2015 .
462 1926 551 2012 dini
566 1960 567 1963 ¹
580 1956 670 2013 cura
684 1955 797 2044 saepew
826 1926 995 2046 aerisque
1014 1924 1222 2012 mutatione
1247 1924 1483 2032 occurritur,
1512 1948 1552 2011 et
1582 1931 1795 2045 praeceptis
1817 1935 1921 2022 medi·

376 2060 378 2072 ²
472 2071 620 2132 corum.

333 2164 476 2239 vuinus
544 2162 651 2250 XIX.
717 2169 787 2250 'De
806 2161 1022 2253 voluntariis
1048 2189 1176 2275 autem
1193 2165 1407 2252 animorum
1434 2164 1599 2251 motibus
1615 2188 1743 2282 atque
1768 2170 1915 2255 actioni·

277 2263 331 2302 non
346 2262 386 2298 est
399 2261 454 2296 cae·

277 2311 383 2383 romu
402 2321 455 2358 mo·
470 2280 539 2368 bus
554 2282 669 2402 longe
684 2281 787 2369 aliter
819 2286 1062 2371 statuendum
1079 2311 1146 2372 est.
1180 2290 1319 2400 Neque
1344 2285 1447 2370 enim
1477 2283 1590 2368 animi
1624 2285 1805 2373 voluntas
1839 2290 1912 2375 ullo

260 2373 346 2481 'ill‘
369 2369 455 2470 .⁰¹'⁰⁰'
468 2401 621 2489 vinculo
654 2401 870 2488 caelestibus
895 2403 1114 2517 corporibus
1143 2431 1187 2488 ac
1219 2403 1385 2517 ipsorum
1403 2402 1570 2488 motibus
1585 2400 1744 2520 alligata
1759 2430 1916 2514 tenetur,

375 2523 379 2531 “
469 2521 536 2608 sed
556 2520 670 2607 libera
695 2545 803 2606 estet
834 2522 1006 2608 absoluta
1036 2545 1169 2606 contra
1186 2550 1344 2606 omnem
1379 2520 1622 2637 pronitatem.
1655 2524 1763 2607 Cum
1798 2549 1917 2612 tamen

364 2677 367 2682 ’
469 2639 590 2725 homo
620 2668 665 2726 ex
680 2666 840 2753 corpore
856 2664 895 2724 et
918 2640 1047 2725 animo
1075 2639 1282 2744 consistat,
1306 2662 1345 2724 et
1379 2668 1516 2754 corpus
1547 2641 1915 2753 ,quemadmodum

470 2755 653 2863 diximus,
678 2780 851 2843 naturam
886 2788 991 2842 suam
1019 2782 1249 2862 assecretur,
1281 2755 1505 2871 plerumque
1530 2756 1704 2843 animum
1739 2759 1847 2848 allicit
1869 2762 1914 2848 ad

470 2903 555 2960 suas
571 2875 829 2992 appetentias:
859 2878 925 2991 qui
943 2899 1096 2992 propter
1118 2875 1361 2981 societatem,
1390 2904 1507 2990 quam
1535 2875 1651 2961 habet
1677 2906 1771 2962 cum
1788 2908 1914 2996 corpo

412 3081 414 3085 ,
451 3001 511 3078 ’ἴε
530 3051 544 3099 ,
561 3022 646 3080 raro
671 2995 900 3080 naturalibus
916 2991 1110 3080 affectibus
1134 2993 1350 3080 reluctatur.
1382 2998 1439 3078 lta
1454 2991 1495 3079 lit
1512 3053 1523 3098 ,
1542 3017 1587 3078 ut
1601 2993 1668 3110 qui
1685 3021 1826 3085 natura
1840 3028 1916 3114 pro

469 3138 543 3198 nus
559 3137 616 3198 est
640 3111 690 3197 ad
712 3111 893 3197 luxuriam
914 3175 926 3220 ,
950 3113 979 3198 is
994 3112 1112 3199 vitam
1127 3112 1166 3197 in
1180 3109 1390 3197 libidinibus
1412 3134 1451 3197 et
1476 3110 1603 3228 ganeis
1619 3115 1821 3202 traducere
1837 3148 1915 3234 gau

265 3326 288 3351 -.
396 3336 398 3339 Ι
471 3228 586 3336 deat,
609 3257 648 3316 et
662 3230 797 3316 talibus
812 3231 907 3319 vitiis
934 3230 1230 3317 consentientem
1248 3252 1410 3314 mortem
1440 3231 1674 3338 occumbat,
1705 3263 1753 3319 ex
1783 3265 1911 3352 magna

168 3430 175 3459 ,
274 3346 283 3421 J
415 3416 416 3419 a
469 3374 587 3463 parte.
610 3353 700 3434 Hoc
714 3348 813 3434 enim
830 3379 948 3467 genus
964 3348 1162 3437 hominum
1179 3346 1392 3453 cruditate,
1423 3347 1510 3433 cum
1531 3376 1608 3462 qua
1636 3350 1784 3436 bellum
1803 3356 1910 3440 conti·

469 3494 563 3554 nens
579 3492 742 3585 gerunt,
771 3469 820 3555 ad
836 3494 1044 3554 extremum
1062 3465 1156 3553 solet
1173 3465 1312 3552 aboleri
1330 3524 1343 3570 ,
1368 3492 1457 3551 cum
1482 3465 1585 3551 calor
1599 3470 1786 3556 naturalis
1806 3472 1909 3558 libidi-

464 3586 579 3672 nibus
593 3587 793 3674 exhaustus
816 3583 920 3672 facile
937 3587 1048 3702 copia
1062 3585 1234 3671 ciborum
1252 3645 1264 3689 ,
1281 3584 1348 3699 qui
1369 3612 1495 3699 neque
1511 3581 1650 3671 famem
1680 3647 1696 3694 ,
1727 3618 1854 3706 neque
1876 3591 1911 3678 si

376 3739 379 3743 ·
464 3703 537 3792 rim
561 3704 875 3821 exspectaverint,
892 3706 1084 3790 obruatur.
1119 3705 1206 3817 Jam
1223 3702 1289 3819 qui
1316 3728 1450 3789 natura
1473 3703 1675 3791 iracundus
1705 3733 1821 3795 estet
1841 3709 1911 3795 ani-

428 3828 440 3937 ’Ἰ
469 3853 623 3929 morus,
650 3824 744 3909 isita
758 3821 835 3910 fere
850 3823 973 3926 vivit,
1006 3846 1049 3909 ut
1071 3819 1203 3933 iniuria
1218 3815 1335 3936 quain
1353 3819 1532 3938 plurimos
1549 3819 1721 3929 afficiat,
1742 3827 1909 3915 vulneret

465 3940 612 4060 aliquos
629 4001 641 4044 ,
672 3941 874 4027 nonnullos
889 3938 1083 4026 interficiat
1099 3967 1110 4023 t
1126 3968 1225 4056 quae
1240 3967 1394 4055 perraro
1409 3939 1611 4056 quisquam
1628 3946 1841 4050 commisit,
1864 3968 1907 4032 ut

463 4073 547 4146 non
564 4062 602 4149 vi
619 4058 729 4145 allata
742 4056 888 4146 fuerite
906 4059 1032 4145 medio
1048 4058 1224 4146 sublatus.
1258 4057 1315 4143 Sic
1342 4086 1442 4174 quos
1459 4084 1594 4146 natura
1621 4089 1770 4174 pronos
1783 4065 1833 4150 ad
1854 4092 1910 4148 ra·

463 4173 663 4295 pacitatem
681 4175 850 4287 effinxit,
876 4180 1015 4264 horum
1042 4176 1119 4265 vita
1144 4177 1183 4263 in
1214 4175 1414 4263 latrociniis
1448 4177 1652 4292 plurimum
1679 4209 1800 4297 atque
1826 4185 1912 4299 rapi

463 4299 521 4381 nis
539 4324 728 4403 versatur,
746 4324 939 4413 postremo
954 4296 1087 4415 gulam
1108 4297 1362 4414 strangulante
1389 4296 1528 4413 laqueo
1554 4361 1566 4405 ,
1600 4298 1651 4385 sic
1674 4300 1825 4418 legibus
1851 4302 1909 4389 cri

463 4429 556 4502 'men
572 4417 843 4506 vindicantibus
855 4417 994 4503 finitur.
1014 4416 1077 4502 Ad
1092 4415 1269 4501 eumdem
1285 4415 1445 4502 modum
1463 4417 1511 4503 dc
1527 4418 1654 4504 ceteris
1667 4419 1829 4509 vivendi
1840 4453 1909 4509 mo

464 4536 660 4654 riendique
674 4536 871 4651 generibus
889 4533 1143 4624 disserendum
1170 4558 1245 4619 est.
1276 4533 1385 4629 Quas
1412 4533 1507 4623 vitas
1537 4561 1575 4623 et
1606 4563 1753 4624 mortes
1780 4541 1910 4628 merito

464 4649 592 4742 fatales
610 4683 871 4769 nuncupamus
887 4713 910 4750 ,-
922 4652 1033 4768 quod
1049 4649 1203 4738 affectus
1227 4653 1413 4739 naturales
1441 4653 1752 4772 consequantur,
1772 4689 1814 4748 et
1827 4691 1904 4746 con·

335 4782 336 4786 '
355 4793 356 4796 ‘
462 4782 661 4861 'sentaneae
677 4773 749 4857 sint
766 4772 941 4886 pronitati
963 4771 1133 4858 naturali.
1154 4776 1249 4858 Non
1264 4771 1376 4888 igitur
1398 4776 1508 4889 quod
1524 4774 1576 4860 ita
1593 4780 1812 4866 'necessario
1828 4808 1901 4868 evc-

458 4892 540 4981 niat
552 4956 566 5002 ,
593 4895 657 4981 sed
679 4889 768 5005 quia
784 4890 834 4977 sic
857 4886 1014 4978 efficitur
1040 4919 1179 5008 magna
1194 4916 1381 5007 exparte.
1418 4891 1525 4983 Vitis
1539 4893 1641 4984 enim
1653 4901 1911 5008 naturalibus,

1875 5051 1904 5106 sa
