4050 5858
494 369 565 461 ιι
955 366 1426 444 osuocurrss

281 519 343 576 ιιι
345 532 432 572 ιιιιι
435 480 701 601 imaioribus,
718 512 762 574 ut
787 487 835 575 de
863 483 1053 609 Aethiope
1068 490 1239 580 Siciliensi
1264 488 1375 578 refert
1391 483 1631 578 Aristoteles:
1661 517 1709 576 ex
1738 487 1849 603 orius
1881 518 1927 573 a·

152 613 154 616 ’
282 586 337 709 iil:
352 583 407 696 ι7.7’
372 585 407 636 77
431 542 455 642 7
473 607 634 694 dulterio
660 632 786 693 natam
812 605 924 695 fliam
948 612 1115 698 colorem
1143 608 1269 699 matris
1297 610 1440 697 albae
1431 610 1611 695 imitatam
1636 638 1744 716 esse,
1769 608 1838 696 sed
1861 611 1930 726 qui

475 752 584 815 natus
611 752 667 815 est
690 756 735 811 eii
762 755 807 811 ea
833 757 1019 841 puerum,
1030 729 1233 867 Aethiopis
1265 730 1328 817 avi
1354 728 1521 816 colorem
1546 728 1709 814 retulisse
1726 737 1928 816 memorat.

475 876 574 962 quae
605 846 701 938 ratio
732 874 821 932 cum
862 848 1038 936 similis
1013 875 1058 935 sit
1091 851 1130 934 in
1168 874 1325 935 naturae
1356 849 1484 933 ceteris
1516 846 1729 962 operibus,
1766 847 1930 935 dubitari

475 994 557 1050 non
588 964 729 1070 debet,
759 963 852 1078 quin
883 965 934 1054 ad
964 997 1068 1082 spem
1100 967 1280 1055 virtutum
1310 965 1536 1053 naturalium
1563 964 1733 1071 intersit,
1751 995 1835 1053 non
1862 999 1927 1054 so-

475 1082 555 1170 lum
570 1084 743 1199 qualibus
765 1082 925 1199 quisque
941 1084 1204 1199 parentibus
1179 1111 1222 1170 sit
1246 1110 1351 1172 ottus
1367 1147 1380 1192 ,
1396 1082 1598 1172 sedetiam
1614 1028 1789 1219 qualibus
1814 1087 1930 1199 majo-

476 1203 602 1287 ribus·
595 1261 607 1305 ,
624 1230 688 1317 spe
713 1226 841 1288 tamen
856 1203 1091 1320 quandoque
1114 1199 1290 1289 fallente.
1313 1207 1566 1336 Quamquam
1587 1202 1688 1288 enim
1700 1261 1718 1338 ‚⁹
1735 1229 1782 1290 ut
1799 1233 1847 1290 ex
1862 1205 1929 1293 ho

477 1321 636 1408 minibus
661 1320 816 1423 homo,
834 1348 879 1408 ex
895 1321 1024 1408 belluis
1039 1320 1191 1426 bellua,
1220 1322 1269 1408 sic
1296 1352 1341 1408 cii
1363 1322 1474 1408 bonis
1501 1319 1587 1407 vitis
1613 1322 1712 1413 nasci
1739 1321 1897 1408 boni
1863 1324 1930 1411 viri

477 1462 725 1544 censeantur,
741 1380 881 1525 eisdem
897 1440 1126 1557 philosophis
1147 1441 1385 1526 auctoribus·
1378 1452 1514 1554 ,saepe
1535 1462 1665 1525 tamen
1688 1465 1827 1526 natura
1841 1440 1931 1551 hoc,

478 1586 568 1651 cum
593 1556 710 1661 velit,
733 1553 877 1643 ellicere
903 1587 984 1643 non
1017 1583 1167 1675 potest:
1194 1558 1245 1644 ita
1271 1557 1314 1647 iit
1339 1585 1656 1672 nonnumquam,
1677 1584 1722 1644 ut
1747 1588 1792 1645 ex
1823 1590 1930 1674 prae·

372 1726 375 1730 ‚
478 1675 657 1764 stantibus
685 1698 722 1759 et
747 1673 897 1789 optimis
920 1675 1005 1763 viris
1033 1675 1094 1761 filii
1111 1677 1314 1811 degeneres
1336 1701 1375 1763 et
1405 1677 1492 1761 mali
1506 1701 1778 1790 procreentur,
1797 1706 1932 1813 quem·

478 1793 690 1886 admodum
714 1817 848 1879 contra
878 1822 925 1880 ex
953 1794 1055 1881 malis
1086 1819 1124 1880 et
1150 1794 1293 1912 ignavis
1323 1819 1468 1910 praeter
1504 1823 1609 1908 spem
1641 1795 1734 1881 boni
1764 1796 1932 1880 strenui-

479 1941 555 2030 que
584 1935 786 2000 nascuntur
818 1939 863 1995 ac
888 1914 1027 2002 virtute
1057 1938 1315 2028 praestanto,
1344 1911 1557 2029 dequibus
1591 1911 1726 2001 scitum
1757 1937 1813 2001 eit
1838 1912 1935 2002 illud

480 2031 630 2118 satirici:

285 2246 466 2308 „,„,‚„,‚„
640 2198 753 2274 Malo
781 2215 896 2296 pater
923 2202 1000 2278 tibi
1018 2207 1074 2277 sit
1099 2200 1320 2296 Thersites,
1337 2200 1522 2278 dammodo
1549 2214 1592 2276 tu
1614 2206 1674 2278 sis

637 2304 838 2378 Aeacidae
853 2309 995 2381 similis
1010 2362 1020 2401 ,
1037 2307 1303 2403 Vulcaniaque
1326 2328 1436 2381 arina
1461 2324 1663 2399 capessas,

638 2407 764 2508 Quam
783 2422 823 2484 te
850 2407 1052 2488 Thersitae
1066 2411 1225 2486 similem
1240 2409 1429 2509 producat
1444 2409 1645 2488 Achilles.

481 2633 621 2747 Neque
644 2657 738 2716 veto
763 2630 791 2714 si
814 2656 949 2718 natura
963 2655 1070 2719 tanta
1093 2657 1181 2720 sunt
1206 2632 1307 2719 ad
1272 2654 1450 2721 virtutem
1468 2693 1480 2739 ,
1496 2656 1641 2748 quanta
1656 2627 1851 2736 dixirim,
1866 2631 1939 2716 ad·

481 2748 678 2862 himenta,
703 2747 872 2862 protinus
899 2778 988 2838 vera
1016 2751 1133 2837 virtus
1164 2750 1342 2888 cuiquam
1374 2776 1509 2837 natura
1538 2749 1600 2839 vel
1630 2748 1848 2865 contingit,
1871 2745 1936 2832 vel

485 2864 723 2951 estfunditus
749 2891 911 2984 negata,
929 2868 1024 2954 adsit
1048 2869 1170 2956 modo
1195 2869 1346 2956 rationis
1362 2899 1476 2955 usus.
1509 2868 1642 2955 Nemo
1667 2866 1770 2952 enim
1785 2889 1851 2951 aut
1866 2891 1937 2948 na·

484 2983 622 3089 scitur,
639 3006 705 3067 aut
732 2983 865 3070 volens
885 2982 1043 3071 efficitur
1063 3012 1143 3073 tam
1171 2986 1357 3093 vitiosus,
1371 3012 1417 3074 ut
1438 2984 1584 3101 penitus
1609 2984 1743 3071 lumen
1768 2980 1939 3086 rationis,

484 3123 525 3185 et
552 3099 662 3238 quod
691 3099 862 3220 theologi
888 3129 1028 3192 vocant
1058 3104 1216 3192 liberum
1246 3106 1467 3210 arbitrium,
1480 3103 1656 3189 amittat:
1674 3102 1780 3216 cujus
1809 3129 1856 3186 ea
1885 3099 1940 3187 v'u

485 3240 570 3323 est,
587 3243 629 3303 ut
654 3246 791 3335 cogere
823 3221 936 3335 possit
969 3223 1179 3358 appetitum
1210 3223 1416 3339 quamlibet
1444 3220 1681 3338 pertinaciter
1709 3245 1936 3352 repugnan-

484 3360 565 3419 tem
583 3397 594 3440 ,
611 3360 650 3421 et
673 3337 843 3424 habitum
876 3342 1095 3456 oppositum
1122 3340 1247 3428 multis
1271 3338 1399 3428 officiis
1431 3339 1617 3426 obeundis
1647 3366 1693 3423 ac
1723 3334 1937 3452 repetendis

485 3450 734 3569 ingenerare,
754 3485 896 3572 magno
920 3457 1114 3544 illustrium
1136 3457 1450 3576 philosophorum
1474 3457 1648 3573 exemplo
1665 3455 1844 3571 Stilponis
1859 3456 1939 3538 Me·

474 3572 607 3686 gatii,
628 3596 667 3658 et
696 3575 854 3659 Socratis
880 3576 1115 3664 Atheniensis
1134 3639 1147 3684 ,
1164 3608 1232 3694 qui
1220 3577 1383 3665 studio
1402 3601 1442 3662 et
1466 3577 1712 3663 honestarum
1737 3601 1869 3659 rerum
1887 3598 1943 3656 ex·

486 3690 703 3775 etcitatione
722 3693 894 3778 vitiosam
911 3719 1084 3780 naturam
1105 3723 1187 3783 ιιοιι
1205 3695 1328 3783 solum
1346 3693 1566 3801 domuisse,
1581 3694 1647 3780 sed
1666 3689 1814 3808 magnis
1829 3688 1941 3778 enam

487 3807 686 3894 virtutibus
715 3806 903 3917 affecisse,
920 3838 959 3898 et
986 3838 1183 3929 tamquam
1208 3813 1382 3902 insevisse
1404 3837 1685 3903 memorantur.

291 3962 473 4075 ιιιιιιιιιιθιι
548 3927 766 4013 XXXVIII.
816 3934 996 4015 Ceterum
1011 3931 1101 4017 nihil
1117 3957 1196 4018 tam
1211 3929 1342 4019 efficax
1364 3956 1421 4018 est
1443 3930 1544 4017 ad
1509 3931 1598 4020 vitia
1624 3929 1805 4017 naturalia
1826 3924 1942 4011 corri-

291 4039 396 4195 ιἰιι77ς7ῐ7ι
375 4027 456 4194 ἰιιςι
426 4027 615 4194 ''Jgenda
631 4071 773 4180 ,quam
787 4045 980 4134 bonorum
1004 4049 1321 4166 prudentiumque
1344 4075 1544 4186 parentum
1569 4078 1659 4136 cura
1684 4073 1833 4136 tenues
1846 4040 1944 4130 filios

292 4157 397 4255 ,iiia
366 4147 461 4254 nelli,
437 4159 535 4248 ’.73ἰε
551 4159 765 4269 educandi,
782 4190 825 4251 ut
849 4194 977 4251 amare
1006 4169 1164 4255 honesta
1180 4168 1333 4284 ,turpia
1363 4167 1517 4256 vicissim
1546 4169 1638 4255 odio
1656 4167 1797 4252 habere
1820 4190 1943 4250 assue-

291 4264 396 4408 ffi
369 4277 439 4315 777·
412 4359 469 4407 δ
486 4306 601 4366 scant.
628 4287 731 4366 Nam
748 4311 837 4367 cum
852 4284 1008 4371 virtutes
1032 4316 1164 4373 omnes
1191 4287 1386 4393 morales,
1400 4310 1445 4372 ut
1465 4315 1577 4403 supra
1600 4282 1816 4389 diximus,
1806 4311 1849 4369 in
1877 4310 1943 4368 vo·

291 4420 367 4479 imi
355 4376 396 4465 0⁶1
401 4431 424 4466 ι
484 4396 690 4511 luptatihus
705 4423 743 4484 et
759 4398 951 4489 doloribus
967 4429 1160 4491 versentur
1177 4463 1191 4510 ,
1209 4435 1337 4524 magm
1324 4402 1462 4492 refert
1472 4404 1638 4521 ,quibus
1653 4403 1815 4519 quisque
1832 4387 1943 4486 rebus

484 4516 693 4603 oblectetur
719 4545 741 4601 a
765 4546 914 4630 puero,
931 4546 998 4608 aut
1024 4523 1179 4610 vicissim
1209 4524 1364 4610 doleat.
1393 4529 1525 4638 Itaque
1552 4522 1780 4611 servilitetne
1809 4516 1941 4635 pueri,

482 4661 528 4720 ιιι
553 4631 629 4720 fere
660 4663 906 4752 egenorum,
923 4668 972 4723 an
1004 4639 1224 4747 liberaliter,
1241 4663 1284 4727 ut
1313 4641 1374 4727 filii
1404 4640 1637 4754 locupletum
1671 4637 1941 4772 nobiliumque

406 4843 408 4847 ,
480 4752 627 4857 solent,
646 4755 880 4860 educentur,
899 4756 1097 4842 multum
1087 4784 1236 4846 interest
1260 4759 1311 4846 ad
1337 4756 1599 4845 fortitudinem
1616 4787 1661 4843 ac
1686 4751 1942 4893 magnanimi

477 4894 623 4982 tatem,
641 4872 690 4960 de
717 4873 852 4990 quibus
868 4935 880 4984 ,
897 4898 941 4964 ut
966 4876 1155 4987 arbitror,
1179 4877 1262 4968 satis
1290 4878 1366 4995 jam
1393 4877 1513 4967 multa
1546 4876 1813 4967 disseruimus.
1858 4878 1947 4965 Au·

1863 4991 1958 5082 datis
