<?xml version="1.0" encoding="UTF-8"?>
<!DOCTYPE html PUBLIC "-//W3C//DTD XHTML 1.0 Transitional//EN"
    "http://www.w3.org/TR/xhtml1/DTD/xhtml1-transitional.dtd">
<html xmlns="http://www.w3.org/1999/xhtml" xml:lang="en" lang="en">
 <head>
  <title>
</title>
<meta http-equiv="Content-Type" content="text/html;charset=utf-8" />
  <meta name='ocr-system' content='tesseract 3.04.00' />
  <meta name='ocr-capabilities' content='ocr_page ocr_carea ocr_par ocr_line ocrx_word'/>
</head>
<body>
  <div class='ocr_page' id='page_1' title='image "./joannisgenesiis01sepgoog/joannisgenesiis01sepgoog_0511.png"; bbox 0 0 4020 5864; ppageno 0'>
   <div class='ocr_carea' id='block_1_1' title="bbox 16 395 1719 4379">
    <p class='ocr_par' dir='ltr' id='par_1_1' title="bbox 674 395 1504 486">
     <span class='ocr_line' id='line_1_1' title="bbox 674 395 1504 486; baseline -0.005 -18"><span class='ocrx_word' id='word_1_1' title='bbox 674 395 874 469; x_wconf 75' lang='lat' dir='ltr'><strong>urrann·</strong></span> <span class='ocrx_word' id='word_1_2' title='bbox 899 396 964 464; x_wconf 87' lang='lat' dir='ltr'><strong>nr.</strong></span> <span class='ocrx_word' id='word_1_3' title='bbox 1063 418 1076 446; x_wconf 80' lang='lat'><strong>.·</strong></span> <span class='ocrx_word' id='word_1_4' title='bbox 1132 420 1134 425; x_wconf 94' lang='lat'>·</span> <span class='ocrx_word' id='word_1_5' title='bbox 1171 417 1177 423; x_wconf 91' lang='lat'><strong>·</strong></span> <span class='ocrx_word' id='word_1_6' title='bbox 1425 413 1504 486; x_wconf 55' lang='lat'><strong>‘517</strong></span> 
     </span>
    </p>

    <p class='ocr_par' dir='ltr' id='par_1_2' title="bbox 32 512 1529 754">
     <span class='ocr_line' id='line_1_2' title="bbox 32 512 1529 640; baseline -0.006 -27"><span class='ocrx_word' id='word_1_7' title='bbox 32 551 36 559; x_wconf 49' lang='lat'><strong>*</strong></span> <span class='ocrx_word' id='word_1_8' title='bbox 79 550 263 630; x_wconf 83' lang='lat' dir='ltr'><strong>moran,</strong></span> <span class='ocrx_word' id='word_1_9' title='bbox 285 519 467 640; x_wconf 83' lang='lat' dir='ltr'><strong>quaesibi</strong></span> <span class='ocrx_word' id='word_1_10' title='bbox 483 514 737 634; x_wconf 72' lang='lat' dir='ltr'><strong>objiciuntur,</strong></span> <span class='ocrx_word' id='word_1_11' title='bbox 761 522 987 635; x_wconf 88' lang='lat' dir='ltr'><strong>respondeas</strong></span> <span class='ocrx_word' id='word_1_12' title='bbox 1005 548 1020 630; x_wconf 68' lang='grc' dir='ltr'><strong>ς</strong></span> <span class='ocrx_word' id='word_1_13' title='bbox 1052 512 1286 636; x_wconf 82' lang='lat' dir='ltr'><strong>quomodo,</strong></span> <span class='ocrx_word' id='word_1_14' title='bbox 1308 544 1394 606; x_wconf 87' lang='lat' dir='ltr'><strong>curn</strong></span> <span class='ocrx_word' id='word_1_15' title='bbox 1424 545 1529 630; x_wconf 82' lang='lat' dir='ltr'><strong>aper·</strong></span> 
     </span>
     <span class='ocr_line' id='line_1_3' title="bbox 84 636 1527 754; baseline -0.007 -26"><span class='ocrx_word' id='word_1_16' title='bbox 84 644 219 728; x_wconf 82' lang='lat' dir='ltr'><strong>tissime</strong></span> <span class='ocrx_word' id='word_1_17' title='bbox 233 643 442 728; x_wconf 85' lang='lat' dir='ltr'><strong>libertatem</strong></span> <span class='ocrx_word' id='word_1_18' title='bbox 456 638 591 725; x_wconf 88' lang='lat' dir='ltr'><strong>arbitrii</strong></span> <span class='ocrx_word' id='word_1_19' title='bbox 612 639 871 744; x_wconf 76' lang='lat' dir='ltr'><strong>constituant,</strong></span> <span class='ocrx_word' id='word_1_20' title='bbox 904 637 1047 754; x_wconf 87' lang='lat' dir='ltr'><strong>possint</strong></span> <span class='ocrx_word' id='word_1_21' title='bbox 1071 667 1160 723; x_wconf 90' lang='lat' dir='ltr'><strong>cum</strong></span> <span class='ocrx_word' id='word_1_22' title='bbox 1176 638 1388 722; x_wconf 85' lang='lat' dir='ltr'><strong>necessitate</strong></span> <span class='ocrx_word' id='word_1_23' title='bbox 1404 636 1527 723; x_wconf 70' lang='lat' dir='ltr'><strong>omni*</strong></span> 
     </span>
    </p>

    <p class='ocr_par' dir='ltr' id='par_1_3' title="bbox 33 753 1719 1809">
     <span class='ocr_line' id='line_1_4' title="bbox 33 753 1528 875; baseline -0.003 -31"><span class='ocrx_word' id='word_1_24' title='bbox 33 764 51 863; x_wconf 67' lang='lat' dir='ltr'>s</span> <span class='ocrx_word' id='word_1_25' title='bbox 84 789 151 844; x_wconf 90' lang='lat' dir='ltr'><strong>um</strong></span> <span class='ocrx_word' id='word_1_26' title='bbox 167 789 290 846; x_wconf 88' lang='lat' dir='ltr'><strong>rerum</strong></span> <span class='ocrx_word' id='word_1_27' title='bbox 304 756 538 875; x_wconf 85' lang='lat' dir='ltr'><strong>agendarum</strong></span> <span class='ocrx_word' id='word_1_28' title='bbox 552 756 782 858; x_wconf 75' lang='lat' dir='ltr'><strong>cohaerere,</strong></span> <span class='ocrx_word' id='word_1_29' title='bbox 814 757 1017 870; x_wconf 92' lang='lat' dir='ltr'><strong>quomodo</strong></span> <span class='ocrx_word' id='word_1_30' title='bbox 1038 784 1118 844; x_wconf 92' lang='lat' dir='ltr'><strong>non</strong></span> <span class='ocrx_word' id='word_1_31' title='bbox 1135 754 1425 871; x_wconf 88' lang='lat' dir='ltr'><strong>pugnantissime</strong></span> <span class='ocrx_word' id='word_1_32' title='bbox 1456 753 1528 840; x_wconf 91' lang='lat' dir='ltr'><strong>dis·</strong></span> 
     </span>
     <span class='ocr_line' id='line_1_5' title="bbox 75 870 1635 987; baseline -0.003 -27"><span class='ocrx_word' id='word_1_33' title='bbox 75 877 239 962; x_wconf 86' lang='lat' dir='ltr'><strong>sentire:</strong></span> <span class='ocrx_word' id='word_1_34' title='bbox 269 877 344 960; x_wconf 89' lang='lat' dir='ltr'><strong>hoc</strong></span> <span class='ocrx_word' id='word_1_35' title='bbox 358 871 417 958; x_wconf 78' lang='lat' dir='ltr'><strong>fac</strong></span> <span class='ocrx_word' id='word_1_36' title='bbox 431 897 476 959; x_wconf 94' lang='lat' dir='ltr'><strong>ut</strong></span> <span class='ocrx_word' id='word_1_37' title='bbox 500 872 664 979; x_wconf 81' lang='lat' dir='ltr'><strong>doceas,</strong></span> <span class='ocrx_word' id='word_1_38' title='bbox 688 898 731 958; x_wconf 93' lang='lat' dir='ltr'><strong>ut</strong></span> <span class='ocrx_word' id='word_1_39' title='bbox 749 874 932 987; x_wconf 75' lang='lat' dir='ltr'><strong>praeter*</strong></span> <span class='ocrx_word' id='word_1_40' title='bbox 952 902 1019 958; x_wconf 90' lang='lat' dir='ltr'><strong>eos</strong></span> <span class='ocrx_word' id='word_1_41' title='bbox 1036 872 1127 987; x_wconf 93' lang='lat' dir='ltr'><strong>,qui</strong></span> <span class='ocrx_word' id='word_1_42' title='bbox 1144 873 1182 956; x_wconf 95' lang='lat' dir='ltr'><strong>in</strong></span> <span class='ocrx_word' id='word_1_43' title='bbox 1210 896 1276 956; x_wconf 84' lang='lat' dir='ltr'><strong>rua</strong></span> <span class='ocrx_word' id='word_1_44' title='bbox 1300 871 1415 959; x_wconf 86' lang='lat' dir='ltr'><strong>verba</strong></span> <span class='ocrx_word' id='word_1_45' title='bbox 1431 870 1549 980; x_wconf 76' lang='lat' dir='ltr'><strong>jum·-</strong></span> <span class='ocrx_word' id='word_1_46' title='bbox 1614 919 1635 956; x_wconf 58' lang='lat' dir='ltr'><strong>s</strong></span> 
     </span>
     <span class='ocr_line' id='line_1_6' title="bbox 76 975 1719 1106; baseline -0.001 -28"><span class='ocrx_word' id='word_1_47' title='bbox 76 1017 173 1079; x_wconf 87' lang='lat' dir='ltr'><strong>runt</strong></span> <span class='ocrx_word' id='word_1_48' title='bbox 190 1056 202 1098; x_wconf 93' lang='lat'><strong>,</strong></span> <span class='ocrx_word' id='word_1_49' title='bbox 218 992 380 1106; x_wconf 88' lang='lat' dir='ltr'><strong>cuipiam</strong></span> <span class='ocrx_word' id='word_1_50' title='bbox 396 991 512 1106; x_wconf 85' lang='lat' dir='ltr'><strong>paulo</strong></span> <span class='ocrx_word' id='word_1_51' title='bbox 538 989 658 1076; x_wconf 91' lang='lat' dir='ltr'><strong>modo</strong></span> <span class='ocrx_word' id='word_1_52' title='bbox 674 991 835 1077; x_wconf 84' lang='lat' dir='ltr'><strong>doctiori</strong></span> <span class='ocrx_word' id='word_1_53' title='bbox 851 1016 896 1080; x_wconf 74' lang='lat' dir='ltr'><strong>et,</strong></span> <span class='ocrx_word' id='word_1_54' title='bbox 913 991 1072 1099; x_wconf 85' lang='lat' dir='ltr'><strong>cordato</strong></span> <span class='ocrx_word' id='word_1_55' title='bbox 1088 988 1310 1106; x_wconf 79' lang='lat' dir='ltr'><strong>persuadeas</strong></span> <span class='ocrx_word' id='word_1_56' title='bbox 1327 1021 1335 1074; x_wconf 92' lang='lat'>:</span> <span class='ocrx_word' id='word_1_57' title='bbox 1362 989 1436 1100; x_wconf 75' lang='lat' dir='ltr'><strong>iam</strong></span> <span class='ocrx_word' id='word_1_58' title='bbox 1451 1008 1526 1082; x_wconf 64' lang='lat' dir='ltr'><strong>mar</strong></span> <span class='ocrx_word' id='word_1_59' title='bbox 1538 975 1719 1106; x_wconf 48' lang='lat' dir='ltr'><strong>&amp;fidili-i}</strong></span> 
     </span>
     <span class='ocr_line' id='line_1_7' title="bbox 79 1097 1668 1224; baseline 0.001 -32"><span class='ocrx_word' id='word_1_60' title='bbox 79 1110 356 1196; x_wconf 84' lang='lat' dir='ltr'><strong>nus-dabimus.</strong></span> <span class='ocrx_word' id='word_1_61' title='bbox 379 1111 466 1222; x_wconf 84' lang='lat' dir='ltr'><strong>Jam</strong></span> <span class='ocrx_word' id='word_1_62' title='bbox 481 1135 520 1194; x_wconf 89' lang='lat' dir='ltr'><strong>te</strong></span> <span class='ocrx_word' id='word_1_63' title='bbox 536 1108 619 1224; x_wconf 91' lang='lat' dir='ltr'><strong>plus</strong></span> <span class='ocrx_word' id='word_1_64' title='bbox 636 1106 798 1197; x_wconf 85' lang='lat' dir='ltr'><strong>effecisse</strong></span> <span class='ocrx_word' id='word_1_65' title='bbox 811 1107 1009 1196; x_wconf 84' lang='lat' dir='ltr'><strong>fatebimur</strong></span> <span class='ocrx_word' id='word_1_66' title='bbox 1027 1169 1040 1214; x_wconf 95' lang='lat'><strong>,</strong></span> <span class='ocrx_word' id='word_1_67' title='bbox 1056 1124 1175 1220; x_wconf 86' lang='lat' dir='ltr'><strong>quam</strong></span> <span class='ocrx_word' id='word_1_68' title='bbox 1191 1105 1312 1191; x_wconf 91' lang='lat' dir='ltr'><strong>sinon</strong></span> <span class='ocrx_word' id='word_1_69' title='bbox 1329 1106 1414 1192; x_wconf 92' lang='lat' dir='ltr'><strong>dico</strong></span> <span class='ocrx_word' id='word_1_70' title='bbox 1430 1108 1528 1194; x_wconf 86' lang='lat' dir='ltr'><strong>dau·</strong></span> <span class='ocrx_word' id='word_1_71' title='bbox 1539 1097 1668 1150; x_wconf 54' lang='lat' dir='ltr'>‘dmm&#39;</span> 
     </span>
     <span class='ocr_line' id='line_1_8' title="bbox 81 1223 1581 1344; baseline -0.001 -32"><span class='ocrx_word' id='word_1_72' title='bbox 81 1226 177 1312; x_wconf 91' lang='lat' dir='ltr'><strong>dum</strong></span> <span class='ocrx_word' id='word_1_73' title='bbox 193 1257 335 1341; x_wconf 89' lang='lat' dir='ltr'><strong>equum</strong></span> <span class='ocrx_word' id='word_1_74' title='bbox 352 1254 539 1330; x_wconf 87' lang='lat' dir='ltr'><strong>sanasses,</strong></span> <span class='ocrx_word' id='word_1_75' title='bbox 571 1226 680 1340; x_wconf 90' lang='lat' dir='ltr'><strong>quod</strong></span> <span class='ocrx_word' id='word_1_76' title='bbox 704 1249 744 1310; x_wconf 90' lang='lat' dir='ltr'><strong>te</strong></span> <span class='ocrx_word' id='word_1_77' title='bbox 768 1250 932 1341; x_wconf 89' lang='lat' dir='ltr'><strong>tuosque</strong></span> <span class='ocrx_word' id='word_1_78' title='bbox 963 1223 1077 1341; x_wconf 88' lang='lat' dir='ltr'><strong>negat</strong></span> <span class='ocrx_word' id='word_1_79' title='bbox 1093 1230 1110 1338; x_wconf 90' lang='lat'>(</span> <span class='ocrx_word' id='word_1_80' title='bbox 1125 1250 1169 1309; x_wconf 93' lang='lat' dir='ltr'><strong>ut</strong></span> <span class='ocrx_word' id='word_1_81' title='bbox 1186 1225 1306 1309; x_wconf 91' lang='lat' dir='ltr'><strong>modo</strong></span> <span class='ocrx_word' id='word_1_82' title='bbox 1322 1225 1491 1310; x_wconf 74' lang='lat' dir='ltr'><strong>dicebam</strong></span> <span class='ocrx_word' id='word_1_83' title='bbox 1506 1235 1526 1344; x_wconf 61' lang='lat' dir='ltr'><strong>l</strong></span> <span class='ocrx_word' id='word_1_84' title='bbox 1574 1279 1581 1291; x_wconf 88' lang='lat'><strong>·</strong></span> 
     </span>
     <span class='ocr_line' id='line_1_9' title="bbox 80 1341 1524 1457; baseline 0.003 -31"><span class='ocrx_word' id='word_1_85' title='bbox 80 1341 264 1430; x_wconf 86' lang='lat' dir='ltr'><strong>Erasmus</strong></span> <span class='ocrx_word' id='word_1_86' title='bbox 279 1342 398 1430; x_wconf 88' lang='lat' dir='ltr'><strong>facere</strong></span> <span class='ocrx_word' id='word_1_87' title='bbox 422 1371 606 1456; x_wconf 88' lang='lat' dir='ltr'><strong>umquam</strong></span> <span class='ocrx_word' id='word_1_88' title='bbox 623 1343 787 1457; x_wconf 86' lang='lat' dir='ltr'><strong>potuisse</strong></span> <span class='ocrx_word' id='word_1_89' title='bbox 804 1409 816 1443; x_wconf 90' lang='lat'>‚</span> <span class='ocrx_word' id='word_1_90' title='bbox 833 1344 898 1430; x_wconf 91' lang='lat' dir='ltr'><strong>sed</strong></span> <span class='ocrx_word' id='word_1_91' title='bbox 916 1366 1110 1427; x_wconf 90' lang='lat' dir='ltr'><strong>mortuum</strong></span> <span class='ocrx_word' id='word_1_92' title='bbox 1127 1341 1322 1425; x_wconf 92' lang='lat' dir='ltr'><strong>hominem</strong></span> <span class='ocrx_word' id='word_1_93' title='bbox 1338 1343 1388 1428; x_wconf 87' lang='lat' dir='ltr'><strong>ad</strong></span> <span class='ocrx_word' id='word_1_94' title='bbox 1405 1344 1524 1431; x_wconf 87' lang='lat' dir='ltr'><strong>vitam</strong></span> 
     </span>
     <span class='ocr_line' id='line_1_10' title="bbox 80 1458 1526 1575; baseline 0.001 -29"><span class='ocrx_word' id='word_1_95' title='bbox 80 1484 168 1574; x_wconf 91' lang='lat' dir='ltr'><strong>post</strong></span> <span class='ocrx_word' id='word_1_96' title='bbox 187 1459 430 1575; x_wconf 78' lang='lat' dir='ltr'><strong>quatriduum</strong></span> <span class='ocrx_word' id='word_1_97' title='bbox 446 1458 671 1546; x_wconf 77' lang='lat' dir='ltr'><strong>testinisses.</strong></span> <span class='ocrx_word' id='word_1_98' title='bbox 690 1462 786 1553; x_wconf 92' lang='lat' dir='ltr'><strong>Quo</strong></span> <span class='ocrx_word' id='word_1_99' title='bbox 802 1458 955 1566; x_wconf 82' lang='lat' dir='ltr'><strong>inloto,</strong></span> <span class='ocrx_word' id='word_1_100' title='bbox 970 1458 1148 1562; x_wconf 86' lang='lat' dir='ltr'><strong>Mattine,</strong></span> <span class='ocrx_word' id='word_1_101' title='bbox 1167 1482 1376 1564; x_wconf 90' lang='lat' dir='ltr'><strong>memento,</strong></span> <span class='ocrx_word' id='word_1_102' title='bbox 1392 1488 1526 1548; x_wconf 87' lang='lat' dir='ltr'><strong>causae</strong></span> 
     </span>
     <span class='ocr_line' id='line_1_11' title="bbox 78 1574 1525 1692; baseline 0.003 -30"><span class='ocrx_word' id='word_1_103' title='bbox 78 1576 193 1662; x_wconf 89' lang='lat' dir='ltr'><strong>nobis</strong></span> <span class='ocrx_word' id='word_1_104' title='bbox 209 1602 400 1691; x_wconf 83' lang='lat' dir='ltr'><strong>susceptae</strong></span> <span class='ocrx_word' id='word_1_105' title='bbox 432 1577 577 1691; x_wconf 88' lang='lat' dir='ltr'><strong>inquo</strong></span> <span class='ocrx_word' id='word_1_106' title='bbox 593 1602 761 1665; x_wconf 82' lang='lat' dir='ltr'><strong>versetur</strong></span> <span class='ocrx_word' id='word_1_107' title='bbox 776 1602 923 1683; x_wconf 88' lang='lat' dir='ltr'><strong>status,</strong></span> <span class='ocrx_word' id='word_1_108' title='bbox 957 1604 1015 1683; x_wconf 85' lang='lat' dir='ltr'><strong>ne¹</strong></span> <span class='ocrx_word' id='word_1_109' title='bbox 1036 1574 1126 1659; x_wconf 93' lang='lat' dir='ltr'><strong>mihi</strong></span> <span class='ocrx_word' id='word_1_110' title='bbox 1142 1575 1394 1687; x_wconf 85' lang='lat' dir='ltr'><strong>respondeas,</strong></span> <span class='ocrx_word' id='word_1_111' title='bbox 1420 1578 1525 1692; x_wconf 91' lang='lat' dir='ltr'><strong>quasi</strong></span> 
     </span>
     <span class='ocr_line' id='line_1_12' title="bbox 75 1692 1527 1809; baseline 0.005 -33"><span class='ocrx_word' id='word_1_112' title='bbox 75 1692 210 1782; x_wconf 88' lang='lat' dir='ltr'><strong>hocin</strong></span> <span class='ocrx_word' id='word_1_113' title='bbox 238 1694 444 1809; x_wconf 88' lang='lat' dir='ltr'><strong>praesentia</strong></span> <span class='ocrx_word' id='word_1_114' title='bbox 469 1694 711 1808; x_wconf 78' lang='lat' dir='ltr'><strong>quaeratur(</strong></span> <span class='ocrx_word' id='word_1_115' title='bbox 728 1695 841 1809; x_wconf 91' lang='lat' dir='ltr'><strong>quod</strong></span> <span class='ocrx_word' id='word_1_116' title='bbox 869 1718 1003 1779; x_wconf 87' lang='lat' dir='ltr'><strong>tamen</strong></span> <span class='ocrx_word' id='word_1_117' title='bbox 1027 1693 1149 1779; x_wconf 88' lang='lat' dir='ltr'><strong>obiter</strong></span> <span class='ocrx_word' id='word_1_118' title='bbox 1182 1692 1426 1809; x_wconf 86' lang='lat' dir='ltr'><strong>perstringere</strong></span> <span class='ocrx_word' id='word_1_119' title='bbox 1455 1696 1527 1783; x_wconf 88' lang='lat' dir='ltr'><strong>erit</strong></span> 
     </span>
    </p>

    <p class='ocr_par' dir='ltr' id='par_1_4' title="bbox 16 1804 1535 2178">
     <span class='ocr_line' id='line_1_13' title="bbox 16 1804 1534 1926; baseline 0.003 -32"><span class='ocrx_word' id='word_1_120' title='bbox 16 1918 19 1922; x_wconf 9' lang='grc' dir='ltr'><strong>ῃ</strong></span> <span class='ocrx_word' id='word_1_121' title='bbox 81 1804 237 1896; x_wconf 71' lang='lat' dir='ltr'><strong>sonasse</strong></span> <span class='ocrx_word' id='word_1_122' title='bbox 265 1810 545 1914; x_wconf 85' lang='lat' dir='ltr'><strong>necessarium)</strong></span> <span class='ocrx_word' id='word_1_123' title='bbox 572 1834 698 1895; x_wconf 87' lang='lat' dir='ltr'><strong>utrum</strong></span> <span class='ocrx_word' id='word_1_124' title='bbox 726 1811 846 1896; x_wconf 90' lang='lat' dir='ltr'><strong>homo</strong></span> <span class='ocrx_word' id='word_1_125' title='bbox 876 1840 944 1926; x_wconf 87' lang='lat' dir='ltr'><strong>per</strong></span> <span class='ocrx_word' id='word_1_126' title='bbox 961 1809 1127 1895; x_wconf 88' lang='lat' dir='ltr'><strong>liberum</strong></span> <span class='ocrx_word' id='word_1_127' title='bbox 1160 1808 1349 1893; x_wconf 86' lang='lat' dir='ltr'><strong>arbitrium</strong></span> <span class='ocrx_word' id='word_1_128' title='bbox 1380 1811 1534 1926; x_wconf 44' lang='lat' dir='ltr'><strong>&#39;absque‘</strong></span> 
     </span>
     <span class='ocr_line' id='line_1_14' title="bbox 79 1924 1525 2043; baseline 0.003 -33"><span class='ocrx_word' id='word_1_129' title='bbox 79 1928 275 2041; x_wconf 84' lang='lat' dir='ltr'><strong>propriore</strong></span> <span class='ocrx_word' id='word_1_130' title='bbox 302 1927 374 2012; x_wconf 89' lang='lat' dir='ltr'><strong>Dei</strong></span> <span class='ocrx_word' id='word_1_131' title='bbox 392 1927 513 2043; x_wconf 88' lang='lat' dir='ltr'><strong>gratia</strong></span> <span class='ocrx_word' id='word_1_132' title='bbox 545 1945 729 2041; x_wconf 86' lang='lat' dir='ltr'><strong>praestare</strong></span> <span class='ocrx_word' id='word_1_133' title='bbox 751 1928 866 2042; x_wconf 92' lang='lat' dir='ltr'><strong>possit</strong></span> <span class='ocrx_word' id='word_1_134' title='bbox 897 1924 1063 2032; x_wconf 84' lang='lat' dir='ltr'><strong>officia,</strong></span> <span class='ocrx_word' id='word_1_135' title='bbox 1103 1925 1238 2040; x_wconf 90' lang='lat' dir='ltr'><strong>quibus</strong></span> <span class='ocrx_word' id='word_1_136' title='bbox 1267 1925 1429 2041; x_wconf 85' lang='lat' dir='ltr'><strong>dignum¹</strong></span> <span class='ocrx_word' id='word_1_137' title='bbox 1457 1953 1525 2017; x_wconf 88' lang='lat' dir='ltr'><strong>aut</strong></span> 
     </span>
     <span class='ocr_line' id='line_1_15' title="bbox 79 2042 1525 2178; baseline 0.003 -52"><span class='ocrx_word' id='word_1_138' title='bbox 79 2044 382 2160; x_wconf 87' lang='lat' dir='ltr'><strong>congruumsit,</strong></span> <span class='ocrx_word' id='word_1_139' title='bbox 409 2068 452 2130; x_wconf 91' lang='lat' dir='ltr'><strong>ut</strong></span> <span class='ocrx_word' id='word_1_140' title='bbox 472 2073 543 2158; x_wconf 91' lang='lat' dir='ltr'><strong>pro</strong></span> <span class='ocrx_word' id='word_1_141' title='bbox 557 2045 731 2178; x_wconf 86' lang='lat' dir='ltr'><strong>praemio</strong></span> <span class='ocrx_word' id='word_1_142' title='bbox 763 2044 1191 2158; x_wconf 80' lang='lat' dir='ltr'><strong>sempiterna=bcataque</strong></span> <span class='ocrx_word' id='word_1_143' title='bbox 1216 2042 1293 2128; x_wconf 88' lang='lat' dir='ltr'><strong>vita</strong></span> <span class='ocrx_word' id='word_1_144' title='bbox 1323 2044 1525 2153; x_wconf 82' lang='lat' dir='ltr'><strong>tribuatur,</strong></span> 
     </span>
    </p>

    <p class='ocr_par' dir='ltr' id='par_1_5' title="bbox 31 2160 1658 3327">
     <span class='ocr_line' id='line_1_16' title="bbox 31 2160 1525 2276; baseline 0.003 -34"><span class='ocrx_word' id='word_1_145' title='bbox 31 2239 38 2251; x_wconf 85' lang='grc'>,</span> <span class='ocrx_word' id='word_1_146' title='bbox 83 2187 151 2247; x_wconf 88' lang='lat' dir='ltr'><strong>aut</strong></span> <span class='ocrx_word' id='word_1_147' title='bbox 175 2160 294 2249; x_wconf 86' lang='lat' dir='ltr'><strong>saltim</strong></span> <span class='ocrx_word' id='word_1_148' title='bbox 325 2161 375 2247; x_wconf 89' lang='lat' dir='ltr'><strong>ad</strong></span> <span class='ocrx_word' id='word_1_149' title='bbox 391 2189 436 2246; x_wconf 88' lang='lat' dir='ltr'><strong>ea</strong></span> <span class='ocrx_word' id='word_1_150' title='bbox 450 2189 608 2264; x_wconf 82' lang='lat' dir='ltr'><strong>conari,</strong></span> <span class='ocrx_word' id='word_1_151' title='bbox 638 2161 746 2275; x_wconf 91' lang='lat' dir='ltr'><strong>quod</strong></span> <span class='ocrx_word' id='word_1_152' title='bbox 776 2190 818 2247; x_wconf 87' lang='lat' dir='ltr'><strong>ru</strong></span> <span class='ocrx_word' id='word_1_153' title='bbox 835 2162 925 2247; x_wconf 90' lang='lat' dir='ltr'><strong>dum</strong></span> <span class='ocrx_word' id='word_1_154' title='bbox 942 2182 1122 2276; x_wconf 87' lang='lat' dir='ltr'><strong>pernegas</strong></span> <span class='ocrx_word' id='word_1_155' title='bbox 1151 2165 1340 2265; x_wconf 87' lang='lat' dir='ltr'><strong>Erasmo,</strong></span> <span class='ocrx_word' id='word_1_156' title='bbox 1369 2191 1525 2254; x_wconf 87' lang='lat' dir='ltr'><strong>omnem</strong></span> 
     </span>
     <span class='ocr_line' id='line_1_17' title="bbox 82 2274 1622 2403; baseline 0.002 -40"><span class='ocrx_word' id='word_1_157' title='bbox 82 2306 233 2389; x_wconf 88' lang='lat' dir='ltr'><strong>prorsus</strong></span> <span class='ocrx_word' id='word_1_158' title='bbox 250 2277 453 2365; x_wconf 87' lang='lat' dir='ltr'><strong>voluntatis</strong></span> <span class='ocrx_word' id='word_1_159' title='bbox 479 2279 666 2362; x_wconf 87' lang='lat' dir='ltr'><strong>humanae</strong></span> <span class='ocrx_word' id='word_1_160' title='bbox 684 2277 779 2363; x_wconf 93' lang='lat' dir='ltr'><strong>tollis</strong></span> <span class='ocrx_word' id='word_1_161' title='bbox 796 2274 1010 2363; x_wconf 78' lang='lat' dir='ltr'><strong>facultatem</strong></span> <span class='ocrx_word' id='word_1_162' title='bbox 1027 2304 1040 2378; x_wconf 93' lang='lat'><strong>·,</strong></span> <span class='ocrx_word' id='word_1_163' title='bbox 1057 2279 1149 2360; x_wconf 86' lang='lat' dir='ltr'><strong>haec</strong></span> <span class='ocrx_word' id='word_1_164' title='bbox 1164 2277 1262 2363; x_wconf 93' lang='lat' dir='ltr'><strong>enim</strong></span> <span class='ocrx_word' id='word_1_165' title='bbox 1279 2277 1392 2362; x_wconf 88' lang='lat' dir='ltr'><strong>civilis</strong></span> <span class='ocrx_word' id='word_1_166' title='bbox 1409 2309 1526 2393; x_wconf 87' lang='lat' dir='ltr'><strong>quae·</strong></span> <span class='ocrx_word' id='word_1_167' title='bbox 1619 2378 1622 2403; x_wconf 67' lang='lat'><strong>,</strong></span> 
     </span>
     <span class='ocr_line' id='line_1_18' title="bbox 76 2390 1658 2509; baseline 0.005 -32"><span class='ocrx_word' id='word_1_168' title='bbox 76 2394 156 2479; x_wconf 85' lang='lat' dir='ltr'><strong>stio</strong></span> <span class='ocrx_word' id='word_1_169' title='bbox 182 2418 305 2498; x_wconf 88' lang='lat' dir='ltr'><strong>esset,</strong></span> <span class='ocrx_word' id='word_1_170' title='bbox 335 2418 374 2478; x_wconf 92' lang='lat' dir='ltr'><strong>et</strong></span> <span class='ocrx_word' id='word_1_171' title='bbox 389 2422 487 2508; x_wconf 86' lang='lat' dir='ltr'><strong>quae</strong></span> <span class='ocrx_word' id='word_1_172' title='bbox 506 2394 582 2478; x_wconf 91' lang='lat' dir='ltr'><strong>sine</strong></span> <span class='ocrx_word' id='word_1_173' title='bbox 601 2393 807 2480; x_wconf 88' lang='lat' dir='ltr'><strong>discrimine</strong></span> <span class='ocrx_word' id='word_1_174' title='bbox 823 2393 939 2481; x_wconf 89' lang='lat' dir='ltr'><strong>totius</strong></span> <span class='ocrx_word' id='word_1_175' title='bbox 968 2390 1152 2507; x_wconf 86' lang='lat' dir='ltr'><strong>religionis</strong></span> <span class='ocrx_word' id='word_1_176' title='bbox 1182 2394 1276 2477; x_wconf 85' lang='lat' dir='ltr'><strong>inter</strong></span> <span class='ocrx_word' id='word_1_177' title='bbox 1301 2395 1383 2509; x_wconf 91' lang='lat' dir='ltr'><strong>pios</strong></span> <span class='ocrx_word' id='word_1_178' title='bbox 1398 2420 1437 2481; x_wconf 91' lang='lat' dir='ltr'><strong>et</strong></span> <span class='ocrx_word' id='word_1_179' title='bbox 1454 2427 1526 2485; x_wconf 84' lang='lat' dir='ltr'><strong>ca·</strong></span> <span class='ocrx_word' id='word_1_180' title='bbox 1657 2442 1658 2445; x_wconf 9' lang='grc' dir='ltr'><strong><em>Ν</em></strong></span> 
     </span>
     <span class='ocr_line' id='line_1_19' title="bbox 82 2509 1526 2627; baseline 0.004 -32"><span class='ocrx_word' id='word_1_181' title='bbox 82 2509 244 2598; x_wconf 86' lang='lat' dir='ltr'><strong>tholicae</strong></span> <span class='ocrx_word' id='word_1_182' title='bbox 262 2509 354 2597; x_wconf 85' lang='lat' dir='ltr'><strong>fidei</strong></span> <span class='ocrx_word' id='word_1_183' title='bbox 366 2535 561 2596; x_wconf 87' lang='lat' dir='ltr'><strong>assertores</strong></span> <span class='ocrx_word' id='word_1_184' title='bbox 576 2537 700 2623; x_wconf 90' lang='lat' dir='ltr'><strong>posset</strong></span> <span class='ocrx_word' id='word_1_185' title='bbox 714 2511 844 2627; x_wconf 84' lang='lat' dir='ltr'><strong>agitari</strong></span> <span class='ocrx_word' id='word_1_186' title='bbox 864 2540 876 2614; x_wconf 79' lang='lat'><em>3</em></span> <span class='ocrx_word' id='word_1_187' title='bbox 892 2511 980 2595; x_wconf 94' lang='lat' dir='ltr'><strong>mihi</strong></span> <span class='ocrx_word' id='word_1_188' title='bbox 998 2535 1124 2594; x_wconf 91' lang='lat' dir='ltr'><strong>autem</strong></span> <span class='ocrx_word' id='word_1_189' title='bbox 1144 2533 1339 2597; x_wconf 91' lang='lat' dir='ltr'><strong>esttecum</strong></span> <span class='ocrx_word' id='word_1_190' title='bbox 1357 2573 1368 2617; x_wconf 94' lang='lat'><strong>,</strong></span> <span class='ocrx_word' id='word_1_191' title='bbox 1385 2515 1526 2602; x_wconf 92' lang='lat' dir='ltr'><strong>Luthe·</strong></span> 
     </span>
     <span class='ocr_line' id='line_1_20' title="bbox 77 2626 1526 2744; baseline 0.005 -32"><span class='ocrx_word' id='word_1_192' title='bbox 77 2653 149 2734; x_wconf 81' lang='lat' dir='ltr'><strong>re,</strong></span> <span class='ocrx_word' id='word_1_193' title='bbox 172 2628 315 2735; x_wconf 90' lang='lat' dir='ltr'><strong>idest,</strong></span> <span class='ocrx_word' id='word_1_194' title='bbox 342 2656 429 2714; x_wconf 91' lang='lat' dir='ltr'><strong>cum</strong></span> <span class='ocrx_word' id='word_1_195' title='bbox 447 2626 600 2712; x_wconf 89' lang='lat' dir='ltr'><strong>homine</strong></span> <span class='ocrx_word' id='word_1_196' title='bbox 626 2627 743 2742; x_wconf 90' lang='lat' dir='ltr'><strong>impio</strong></span> <span class='ocrx_word' id='word_1_197' title='bbox 759 2652 799 2714; x_wconf 90' lang='lat' dir='ltr'><strong>et</strong></span> <span class='ocrx_word' id='word_1_198' title='bbox 826 2628 1001 2744; x_wconf 90' lang='lat' dir='ltr'><strong>sacrilego</strong></span> <span class='ocrx_word' id='word_1_199' title='bbox 1025 2626 1150 2741; x_wconf 91' lang='lat' dir='ltr'><strong>(quid</strong></span> <span class='ocrx_word' id='word_1_200' title='bbox 1175 2629 1273 2711; x_wconf 92' lang='lat' dir='ltr'><strong>enim</strong></span> <span class='ocrx_word' id='word_1_201' title='bbox 1291 2629 1411 2715; x_wconf 89' lang='lat' dir='ltr'><strong>dicam</strong></span> <span class='ocrx_word' id='word_1_202' title='bbox 1437 2633 1526 2720; x_wconf 90' lang='lat' dir='ltr'><strong>hae·</strong></span> 
     </span>
     <span class='ocr_line' id='line_1_21' title="bbox 81 2741 1526 2861; baseline 0.006 -31"><span class='ocrx_word' id='word_1_203' title='bbox 81 2745 238 2831; x_wconf 80' lang='lat' dir='ltr'><strong>seticum</strong></span> <span class='ocrx_word' id='word_1_204' title='bbox 254 2771 294 2835; x_wconf 89' lang='lat' dir='ltr'><strong>et</strong></span> <span class='ocrx_word' id='word_1_205' title='bbox 322 2745 554 2831; x_wconf 88' lang='lat' dir='ltr'><strong>Christianae</strong></span> <span class='ocrx_word' id='word_1_206' title='bbox 584 2743 769 2861; x_wconf 86' lang='lat' dir='ltr'><strong>religionis</strong></span> <span class='ocrx_word' id='word_1_207' title='bbox 795 2746 943 2830; x_wconf 91' lang='lat' dir='ltr'><strong>hostem</strong></span> <span class='ocrx_word' id='word_1_208' title='bbox 960 2744 1001 2858; x_wconf 75' lang='lat' dir='ltr'><strong>i)</strong></span> <span class='ocrx_word' id='word_1_209' title='bbox 1028 2773 1105 2828; x_wconf 93' lang='lat' dir='ltr'><strong>non</strong></span> <span class='ocrx_word' id='word_1_210' title='bbox 1123 2773 1193 2858; x_wconf 92' lang='lat' dir='ltr'><strong>pro</strong></span> <span class='ocrx_word' id='word_1_211' title='bbox 1209 2741 1398 2853; x_wconf 83' lang='lat' dir='ltr'><strong>fortunis,</strong></span> <span class='ocrx_word' id='word_1_212' title='bbox 1425 2775 1470 2837; x_wconf 92' lang='lat' dir='ltr'><strong>ut</strong></span> <span class='ocrx_word' id='word_1_213' title='bbox 1484 2781 1526 2837; x_wconf 84' lang='lat' dir='ltr'><strong>a·</strong></span> 
     </span>
     <span class='ocr_line' id='line_1_22' title="bbox 79 2857 1527 2978; baseline 0.003 -30"><span class='ocrx_word' id='word_1_214' title='bbox 79 2861 194 2975; x_wconf 73' lang='lat' dir='ltr'><strong>junt,</strong></span> <span class='ocrx_word' id='word_1_215' title='bbox 217 2887 255 2948; x_wconf 89' lang='lat' dir='ltr'><strong>et</strong></span> <span class='ocrx_word' id='word_1_216' title='bbox 271 2862 414 2949; x_wconf 91' lang='lat' dir='ltr'><strong>levibus</strong></span> <span class='ocrx_word' id='word_1_217' title='bbox 431 2861 599 2977; x_wconf 84' lang='lat' dir='ltr'><strong>praemiis</strong></span> <span class='ocrx_word' id='word_1_218' title='bbox 613 2887 802 2948; x_wconf 90' lang='lat' dir='ltr'><strong>certamen</strong></span> <span class='ocrx_word' id='word_1_219' title='bbox 817 2923 829 2967; x_wconf 97' lang='lat'><strong>,</strong></span> <span class='ocrx_word' id='word_1_220' title='bbox 846 2864 911 2948; x_wconf 90' lang='lat' dir='ltr'><strong>sed</strong></span> <span class='ocrx_word' id='word_1_221' title='bbox 929 2891 999 2975; x_wconf 91' lang='lat' dir='ltr'><strong>pro</strong></span> <span class='ocrx_word' id='word_1_222' title='bbox 1018 2861 1086 2944; x_wconf 85' lang='lat' dir='ltr'><strong>aris</strong></span> <span class='ocrx_word' id='word_1_223' title='bbox 1103 2884 1141 2945; x_wconf 91' lang='lat' dir='ltr'><strong>et</strong></span> <span class='ocrx_word' id='word_1_224' title='bbox 1156 2857 1246 2948; x_wconf 85' lang='lat' dir='ltr'><strong>focis</strong></span> <span class='ocrx_word' id='word_1_225' title='bbox 1263 2924 1276 2969; x_wconf 95' lang='lat'><strong>,</strong></span> <span class='ocrx_word' id='word_1_226' title='bbox 1293 2893 1363 2978; x_wconf 91' lang='lat' dir='ltr'><strong>pro</strong></span> <span class='ocrx_word' id='word_1_227' title='bbox 1377 2896 1527 2954; x_wconf 79' lang='lat' dir='ltr'><strong>summa</strong></span> 
     </span>
     <span class='ocr_line' id='line_1_23' title="bbox 74 2977 1525 3095; baseline 0.005 -32"><span class='ocrx_word' id='word_1_228' title='bbox 74 2978 298 3094; x_wconf 79' lang='lat' dir='ltr'><strong>religionis,</strong></span> <span class='ocrx_word' id='word_1_229' title='bbox 324 2980 491 3092; x_wconf 89' lang='lat' dir='ltr'><strong>denique</strong></span> <span class='ocrx_word' id='word_1_230' title='bbox 515 3009 586 3095; x_wconf 90' lang='lat' dir='ltr'><strong>pro</strong></span> <span class='ocrx_word' id='word_1_231' title='bbox 602 2979 1055 3065; x_wconf 82' lang='lat' dir='ltr'><strong>cunctorummortalium</strong></span> <span class='ocrx_word' id='word_1_232' title='bbox 1069 2977 1261 3083; x_wconf 87' lang='lat' dir='ltr'><strong>libertate,</strong></span> <span class='ocrx_word' id='word_1_233' title='bbox 1292 3011 1391 3095; x_wconf 91' lang='lat' dir='ltr'><strong>quos</strong></span> <span class='ocrx_word' id='word_1_234' title='bbox 1406 2985 1455 3068; x_wconf 90' lang='lat' dir='ltr'><strong>ab</strong></span> <span class='ocrx_word' id='word_1_235' title='bbox 1470 2985 1525 3070; x_wconf 95' lang='lat' dir='ltr'><strong>in-</strong></span> 
     </span>
     <span class='ocr_line' id='line_1_24' title="bbox 77 3094 1524 3212; baseline 0.005 -32"><span class='ocrx_word' id='word_1_236' title='bbox 77 3094 294 3211; x_wconf 87' lang='lat' dir='ltr'><strong>dignissima</strong></span> <span class='ocrx_word' id='word_1_237' title='bbox 311 3097 517 3202; x_wconf 90' lang='lat' dir='ltr'><strong>servitute,</strong></span> <span class='ocrx_word' id='word_1_238' title='bbox 546 3126 663 3212; x_wconf 84' lang='lat' dir='ltr'><strong>quam</strong></span> <span class='ocrx_word' id='word_1_239' title='bbox 679 3097 806 3212; x_wconf 89' lang='lat' dir='ltr'><strong>generi</strong></span> <span class='ocrx_word' id='word_1_240' title='bbox 838 3098 1009 3181; x_wconf 87' lang='lat' dir='ltr'><strong>humano</strong></span> <span class='ocrx_word' id='word_1_241' title='bbox 1031 3094 1223 3208; x_wconf 89' lang='lat' dir='ltr'><strong>imponere</strong></span> <span class='ocrx_word' id='word_1_242' title='bbox 1240 3099 1408 3207; x_wconf 90' lang='lat' dir='ltr'><strong>moliris,</strong></span> <span class='ocrx_word' id='word_1_243' title='bbox 1430 3122 1524 3187; x_wconf 82' lang='lat' dir='ltr'><strong>asse·</strong></span> 
     </span>
     <span class='ocr_line' id='line_1_25' title="bbox 75 3212 1286 3327; baseline -0.003 -27"><span class='ocrx_word' id='word_1_244' title='bbox 75 3239 165 3307; x_wconf 85' lang='lat' dir='ltr'><strong>tere</strong></span> <span class='ocrx_word' id='word_1_245' title='bbox 180 3212 382 3319; x_wconf 89' lang='lat' dir='ltr'><strong>constitui,</strong></span> <span class='ocrx_word' id='word_1_246' title='bbox 408 3237 448 3299; x_wconf 92' lang='lat' dir='ltr'><strong>et</strong></span> <span class='ocrx_word' id='word_1_247' title='bbox 462 3241 536 3327; x_wconf 92' lang='lat' dir='ltr'><strong>ope</strong></span> <span class='ocrx_word' id='word_1_248' title='bbox 553 3213 682 3299; x_wconf 87' lang='lat' dir='ltr'><strong>divina</strong></span> <span class='ocrx_word' id='word_1_249' title='bbox 709 3242 769 3299; x_wconf 93' lang='lat' dir='ltr'><strong>me</strong></span> <span class='ocrx_word' id='word_1_250' title='bbox 794 3240 1016 3309; x_wconf 86' lang='lat' dir='ltr'><strong>asserturum</strong></span> <span class='ocrx_word' id='word_1_251' title='bbox 1033 3235 1108 3297; x_wconf 90' lang='lat' dir='ltr'><strong>esse</strong></span> <span class='ocrx_word' id='word_1_252' title='bbox 1120 3212 1286 3298; x_wconf 88' lang='lat' dir='ltr'><strong>confido.</strong></span> 
     </span>
    </p>

    <p class='ocr_par' dir='ltr' id='par_1_6' title="bbox 79 3330 1620 4379">
     <span class='ocr_line' id='line_1_26' title="bbox 144 3330 1524 3448; baseline 0.004 -32"><span class='ocrx_word' id='word_1_253' title='bbox 144 3333 245 3416; x_wconf 91' lang='lat' dir='ltr'><strong>Vlll.</strong></span> <span class='ocrx_word' id='word_1_254' title='bbox 306 3330 701 3448; x_wconf 88' lang='lat' dir='ltr'><strong>Respondebisigitur</strong></span> <span class='ocrx_word' id='word_1_255' title='bbox 717 3331 836 3435; x_wconf 94' lang='lat' dir='ltr'><strong>mihi,</strong></span> <span class='ocrx_word' id='word_1_256' title='bbox 868 3357 982 3447; x_wconf 91' lang='lat' dir='ltr'><strong>prout</strong></span> <span class='ocrx_word' id='word_1_257' title='bbox 998 3330 1094 3416; x_wconf 85' lang='lat' dir='ltr'><strong>ratio</strong></span> <span class='ocrx_word' id='word_1_258' title='bbox 1122 3353 1253 3422; x_wconf 68' lang='lat' dir='ltr'><strong>caune</strong></span> <span class='ocrx_word' id='word_1_259' title='bbox 1270 3333 1377 3421; x_wconf 89' lang='lat' dir='ltr'><strong>nobis</strong></span> <span class='ocrx_word' id='word_1_260' title='bbox 1405 3365 1524 3422; x_wconf 90' lang='lat' dir='ltr'><strong>susce·</strong></span> 
     </span>
     <span class='ocr_line' id='line_1_27' title="bbox 84 3446 1525 3565; baseline 0.005 -32"><span class='ocrx_word' id='word_1_261' title='bbox 84 3472 184 3563; x_wconf 81' lang='lat' dir='ltr'><strong>prae</strong></span> <span class='ocrx_word' id='word_1_262' title='bbox 199 3448 364 3565; x_wconf 84' lang='lat' dir='ltr'><strong>postulat</strong></span> <span class='ocrx_word' id='word_1_263' title='bbox 380 3464 459 3554; x_wconf 79' lang='lat' dir='ltr'><strong>,ut</strong></span> <span class='ocrx_word' id='word_1_264' title='bbox 474 3447 665 3536; x_wconf 85' lang='lat' dir='ltr'><strong>actionum</strong></span> <span class='ocrx_word' id='word_1_265' title='bbox 682 3446 902 3534; x_wconf 83' lang='lat' dir='ltr'><strong>cunctatum</strong></span> <span class='ocrx_word' id='word_1_266' title='bbox 931 3448 1212 3554; x_wconf 86' lang='lat' dir='ltr'><strong>necessitatem,</strong></span> <span class='ocrx_word' id='word_1_267' title='bbox 1235 3478 1350 3564; x_wconf 91' lang='lat' dir='ltr'><strong>quam</strong></span> <span class='ocrx_word' id='word_1_268' title='bbox 1379 3475 1450 3538; x_wconf 88' lang='lat' dir='ltr'><strong>ruo</strong></span> <span class='ocrx_word' id='word_1_269' title='bbox 1475 3455 1525 3539; x_wconf 89' lang='lat' dir='ltr'><strong>de</strong></span> 
     </span>
     <span class='ocr_line' id='line_1_28' title="bbox 83 3561 1524 3683; baseline 0.003 -30"><span class='ocrx_word' id='word_1_270' title='bbox 83 3592 196 3653; x_wconf 79' lang='lat' dir='ltr'><strong>servo</strong></span> <span class='ocrx_word' id='word_1_271' title='bbox 214 3565 376 3651; x_wconf 79' lang='lat' dir='ltr'><strong>arbitrio</strong></span> <span class='ocrx_word' id='word_1_272' title='bbox 397 3593 485 3652; x_wconf 94' lang='lat' dir='ltr'><strong>toto</strong></span> <span class='ocrx_word' id='word_1_273' title='bbox 507 3563 625 3651; x_wconf 82' lang='lat' dir='ltr'><strong>ferme</strong></span> <span class='ocrx_word' id='word_1_274' title='bbox 650 3565 771 3652; x_wconf 90' lang='lat' dir='ltr'><strong>libello</strong></span> <span class='ocrx_word' id='word_1_275' title='bbox 798 3561 971 3653; x_wconf 87' lang='lat' dir='ltr'><strong>inducere</strong></span> <span class='ocrx_word' id='word_1_276' title='bbox 996 3567 1142 3651; x_wconf 90' lang='lat' dir='ltr'><strong>laboras</strong></span> <span class='ocrx_word' id='word_1_277' title='bbox 1168 3627 1181 3672; x_wconf 98' lang='lat'><strong>,</strong></span> <span class='ocrx_word' id='word_1_278' title='bbox 1208 3567 1360 3652; x_wconf 87' lang='lat' dir='ltr'><strong>tuearis.-</strong></span> <span class='ocrx_word' id='word_1_279' title='bbox 1384 3576 1437 3655; x_wconf 92' lang='lat' dir='ltr'><strong>Et</strong></span> <span class='ocrx_word' id='word_1_280' title='bbox 1452 3570 1524 3683; x_wconf 90' lang='lat' dir='ltr'><strong>pti·</strong></span> 
     </span>
     <span class='ocr_line' id='line_1_29' title="bbox 86 3682 1620 3799; baseline 0.005 -35"><span class='ocrx_word' id='word_1_281' title='bbox 86 3711 193 3766; x_wconf 94' lang='lat' dir='ltr'><strong>mum</strong></span> <span class='ocrx_word' id='word_1_282' title='bbox 211 3682 261 3768; x_wconf 87' lang='lat' dir='ltr'><strong>ad</strong></span> <span class='ocrx_word' id='word_1_283' title='bbox 284 3683 407 3788; x_wconf 92' lang='lat' dir='ltr'><strong>illud,</strong></span> <span class='ocrx_word' id='word_1_284' title='bbox 431 3684 633 3799; x_wconf 90' lang='lat' dir='ltr'><strong>quomodo</strong></span> <span class='ocrx_word' id='word_1_285' title='bbox 656 3689 761 3769; x_wconf 91' lang='lat' dir='ltr'><strong>Deus</strong></span> <span class='ocrx_word' id='word_1_286' title='bbox 791 3684 935 3798; x_wconf 89' lang='lat' dir='ltr'><strong>reliquit</strong></span> <span class='ocrx_word' id='word_1_287' title='bbox 965 3683 1159 3768; x_wconf 90' lang='lat' dir='ltr'><strong>hominem</strong></span> <span class='ocrx_word' id='word_1_288' title='bbox 1183 3682 1221 3766; x_wconf 94' lang='lat' dir='ltr'><strong>in</strong></span> <span class='ocrx_word' id='word_1_289' title='bbox 1243 3714 1359 3769; x_wconf 89' lang='lat' dir='ltr'><strong>manu</strong></span> <span class='ocrx_word' id='word_1_290' title='bbox 1386 3686 1526 3772; x_wconf 92' lang='lat' dir='ltr'><strong>consilii</strong></span> <span class='ocrx_word' id='word_1_291' title='bbox 1618 3753 1620 3755; x_wconf 62' lang='lat'>.</span> 
     </span>
     <span class='ocr_line' id='line_1_30' title="bbox 86 3796 1526 3906; baseline 0.003 -23"><span class='ocrx_word' id='word_1_292' title='bbox 86 3797 144 3883; x_wconf 92' lang='lat' dir='ltr'><strong>sui</strong></span> <span class='ocrx_word' id='word_1_293' title='bbox 162 3861 174 3905; x_wconf 97' lang='lat'><strong>,</strong></span> <span class='ocrx_word' id='word_1_294' title='bbox 190 3798 265 3891; x_wconf 87' lang='lat' dir='ltr'><strong>hoc</strong></span> <span class='ocrx_word' id='word_1_295' title='bbox 281 3828 361 3905; x_wconf 90' lang='lat' dir='ltr'><strong>est,</strong></span> <span class='ocrx_word' id='word_1_296' title='bbox 379 3800 417 3885; x_wconf 93' lang='lat' dir='ltr'><strong>in</strong></span> <span class='ocrx_word' id='word_1_297' title='bbox 430 3800 544 3886; x_wconf 88' lang='lat' dir='ltr'><strong>libera</strong></span> <span class='ocrx_word' id='word_1_298' title='bbox 559 3831 626 3887; x_wconf 85' lang='lat' dir='ltr'><strong>sua</strong></span> <span class='ocrx_word' id='word_1_299' title='bbox 637 3799 841 3906; x_wconf 68' lang='lat' dir='ltr'><strong>facultate,</strong></span> <span class='ocrx_word' id='word_1_300' title='bbox 874 3802 902 3884; x_wconf 94' lang='lat' dir='ltr'><strong>si</strong></span> <span class='ocrx_word' id='word_1_301' title='bbox 919 3800 1019 3884; x_wconf 88' lang='lat' dir='ltr'><strong>nulla</strong></span> <span class='ocrx_word' id='word_1_302' title='bbox 1034 3825 1087 3885; x_wconf 92' lang='lat' dir='ltr'><strong>est</strong></span> <span class='ocrx_word' id='word_1_303' title='bbox 1105 3796 1264 3883; x_wconf 88' lang='lat' dir='ltr'><strong>hominis</strong></span> <span class='ocrx_word' id='word_1_304' title='bbox 1279 3802 1391 3887; x_wconf 87' lang='lat' dir='ltr'><strong>libera</strong></span> <span class='ocrx_word' id='word_1_305' title='bbox 1412 3801 1526 3888; x_wconf 88' lang='lat' dir='ltr'><strong>facul·</strong></span> 
     </span>
     <span class='ocr_line' id='line_1_31' title="bbox 85 3914 1526 4033; baseline 0.006 -33"><span class='ocrx_word' id='word_1_306' title='bbox 85 3939 170 4012; x_wconf 87' lang='lat' dir='ltr'><strong>tas,</strong></span> <span class='ocrx_word' id='word_1_307' title='bbox 198 3918 265 4009; x_wconf 56' lang='lat' dir='ltr'><strong>sed,</strong></span> <span class='ocrx_word' id='word_1_308' title='bbox 287 3918 473 4032; x_wconf 88' lang='lat' dir='ltr'><strong>quidquid</strong></span> <span class='ocrx_word' id='word_1_309' title='bbox 491 3915 600 4025; x_wconf 84' lang='lat' dir='ltr'><strong>facit,</strong></span> <span class='ocrx_word' id='word_1_310' title='bbox 619 3918 823 4007; x_wconf 83' lang='lat' dir='ltr'><strong>necessario</strong></span> <span class='ocrx_word' id='word_1_311' title='bbox 844 3914 942 4002; x_wconf 82' lang='lat' dir='ltr'><strong>facit.</strong></span> <span class='ocrx_word' id='word_1_312' title='bbox 977 3929 1051 4002; x_wconf 82' lang='lat' dir='ltr'><strong>Per</strong></span> <span class='ocrx_word' id='word_1_313' title='bbox 1068 3944 1242 4021; x_wconf 86' lang='lat' dir='ltr'><strong>manum,</strong></span> <span class='ocrx_word' id='word_1_314' title='bbox 1269 3917 1419 4033; x_wconf 92' lang='lat' dir='ltr'><strong>inquit,</strong></span> <span class='ocrx_word' id='word_1_315' title='bbox 1437 3948 1526 4010; x_wconf 79' lang='lat' dir='ltr'><strong>cort·</strong></span> 
     </span>
     <span class='ocr_line' id='line_1_32' title="bbox 87 4038 1524 4143; baseline 0.006 -28"><span class='ocrx_word' id='word_1_316' title='bbox 87 4039 168 4115; x_wconf 84' lang='lat' dir='ltr'><strong>tilii</strong></span> <span class='ocrx_word' id='word_1_317' title='bbox 183 4041 408 4143; x_wconf 79' lang='lat' dir='ltr'><strong>intelligitur</strong></span> <span class='ocrx_word' id='word_1_318' title='bbox 427 4060 496 4126; x_wconf 83' lang='lat' dir='ltr'><strong>nort</strong></span> <span class='ocrx_word' id='word_1_319' title='bbox 522 4040 676 4124; x_wconf 83' lang='lat' dir='ltr'><strong>liberum</strong></span> <span class='ocrx_word' id='word_1_320' title='bbox 704 4038 932 4138; x_wconf 80' lang='lat' dir='ltr'><strong>arbitrium,</strong></span> <span class='ocrx_word' id='word_1_321' title='bbox 958 4039 1027 4117; x_wconf 84' lang='lat' dir='ltr'><strong>sed</strong></span> <span class='ocrx_word' id='word_1_322' title='bbox 1041 4039 1109 4137; x_wconf 84' lang='lat' dir='ltr'><strong>id,</strong></span> <span class='ocrx_word' id='word_1_323' title='bbox 1140 4040 1237 4140; x_wconf 78' lang='lat' dir='ltr'><strong>quod</strong></span> <span class='ocrx_word' id='word_1_324' title='bbox 1264 4038 1421 4122; x_wconf 80' lang='lat' dir='ltr'><strong>babetur</strong></span> <span class='ocrx_word' id='word_1_325' title='bbox 1445 4044 1524 4122; x_wconf 88' lang='lat' dir='ltr'><strong>Ge-</strong></span> 
     </span>
     <span class='ocr_line' id='line_1_33' title="bbox 79 4148 1526 4248; baseline 0.006 -17"><span class='ocrx_word' id='word_1_326' title='bbox 79 4176 281 4236; x_wconf 79' lang='lat' dir='ltr'><strong>¹nes.·1.et</strong></span> <span class='ocrx_word' id='word_1_327' title='bbox 303 4185 342 4238; x_wconf 90' lang='lat'><strong>2.</strong></span> <span class='ocrx_word' id='word_1_328' title='bbox 370 4148 470 4237; x_wconf 71' lang='lat' dir='ltr'><strong>huno</strong></span> <span class='ocrx_word' id='word_1_329' title='bbox 486 4162 709 4238; x_wconf 82' lang='lat' dir='ltr'><strong>constitutur</strong></span> <span class='ocrx_word' id='word_1_330' title='bbox 724 4168 783 4238; x_wconf 89' lang='lat' dir='ltr'><strong>est</strong></span> <span class='ocrx_word' id='word_1_331' title='bbox 800 4157 964 4237; x_wconf 83' lang='lat' dir='ltr'><strong>dominus</strong></span> <span class='ocrx_word' id='word_1_332' title='bbox 977 4179 1134 4248; x_wconf 85' lang='lat' dir='ltr'><strong>rernm,</strong></span> <span class='ocrx_word' id='word_1_333' title='bbox 1161 4167 1202 4233; x_wconf 85' lang='lat' dir='ltr'><strong>ut</strong></span> <span class='ocrx_word' id='word_1_334' title='bbox 1228 4155 1343 4235; x_wconf 84' lang='lat' dir='ltr'><strong>libere</strong></span> <span class='ocrx_word' id='word_1_335' title='bbox 1367 4159 1526 4239; x_wconf 67' lang='lat' dir='ltr'><strong>illisin-</strong></span> 
     </span>
     <span class='ocr_line' id='line_1_34' title="bbox 88 4267 1524 4379; baseline 0.008 -33"><span class='ocrx_word' id='word_1_336' title='bbox 88 4273 307 4351; x_wconf 81' lang='lat' dir='ltr'><strong>minaretur.</strong></span> <span class='ocrx_word' id='word_1_337' title='bbox 344 4267 403 4352; x_wconf 85' lang='lat' dir='ltr'><strong>lbi</strong></span> <span class='ocrx_word' id='word_1_338' title='bbox 422 4277 519 4351; x_wconf 84' lang='lat' dir='ltr'><strong>enim</strong></span> <span class='ocrx_word' id='word_1_339' title='bbox 535 4272 636 4355; x_wconf 84' lang='lat' dir='ltr'><strong>bomo</strong></span> <span class='ocrx_word' id='word_1_340' title='bbox 651 4279 777 4379; x_wconf 85' lang='lat' dir='ltr'><strong>potnit</strong></span> <span class='ocrx_word' id='word_1_341' title='bbox 792 4280 832 4353; x_wconf 85' lang='lat' dir='ltr'><strong>in</strong></span> <span class='ocrx_word' id='word_1_342' title='bbox 859 4273 969 4355; x_wconf 85' lang='lat' dir='ltr'><strong>rebus</strong></span> <span class='ocrx_word' id='word_1_343' title='bbox 985 4296 1051 4351; x_wconf 85' lang='lat' dir='ltr'><strong>suo</strong></span> <span class='ocrx_word' id='word_1_344' title='bbox 1075 4269 1268 4349; x_wconf 80' lang='lat' dir='ltr'><strong>arbitratu</strong></span> <span class='ocrx_word' id='word_1_345' title='bbox 1290 4296 1413 4377; x_wconf 84' lang='lat' dir='ltr'><strong>agere.</strong></span> <span class='ocrx_word' id='word_1_346' title='bbox 1445 4277 1524 4358; x_wconf 82' lang='lat' dir='ltr'><strong>Ro&#39;·</strong></span> 
     </span>
    </p>
   </div>
   <div class='ocr_carea' id='block_1_2' title="bbox 89 4363 1714 4503">
    <p class='ocr_par' dir='ltr' id='par_1_7' title="bbox 89 4363 1714 4503">
     <span class='ocr_line' id='line_1_35' title="bbox 89 4363 1714 4503; baseline 0.004 -39"><span class='ocrx_word' id='word_1_347' title='bbox 89 4409 143 4495; x_wconf 91' lang='lat' dir='ltr'><strong>go</strong></span> <span class='ocrx_word' id='word_1_348' title='bbox 160 4405 226 4487; x_wconf 90' lang='lat' dir='ltr'><strong>te,</strong></span> <span class='ocrx_word' id='word_1_349' title='bbox 249 4383 440 4491; x_wconf 89' lang='lat' dir='ltr'><strong>Luthere,</strong></span> <span class='ocrx_word' id='word_1_350' title='bbox 464 4385 662 4503; x_wconf 89' lang='lat' dir='ltr'><strong>intelligis,</strong></span> <span class='ocrx_word' id='word_1_351' title='bbox 693 4416 793 4502; x_wconf 87' lang='lat' dir='ltr'><strong>quae</strong></span> <span class='ocrx_word' id='word_1_352' title='bbox 826 4385 941 4474; x_wconf 82' lang='lat' dir='ltr'><strong>dicis?</strong></span> <span class='ocrx_word' id='word_1_353' title='bbox 971 4389 1055 4470; x_wconf 80' lang='lat' dir='ltr'><strong>Aut</strong></span> <span class='ocrx_word' id='word_1_354' title='bbox 1077 4406 1156 4468; x_wconf 89' lang='lat' dir='ltr'><strong>tam</strong></span> <span class='ocrx_word' id='word_1_355' title='bbox 1180 4412 1309 4469; x_wconf 86' lang='lat' dir='ltr'><strong>caecus</strong></span> <span class='ocrx_word' id='word_1_356' title='bbox 1331 4413 1369 4471; x_wconf 90' lang='lat' dir='ltr'><strong>es</strong></span> <span class='ocrx_word' id='word_1_357' title='bbox 1395 4417 1439 4473; x_wconf 90' lang='lat' dir='ltr'><strong>ac</strong></span> <span class='ocrx_word' id='word_1_358' title='bbox 1467 4363 1714 4475; x_wconf 58' lang='lat' dir='ltr'><strong>tunitii?</strong></span> 
     </span>
    </p>
   </div>
   <div class='ocr_carea' id='block_1_3' title="bbox 83 4481 1679 5064">
    <p class='ocr_par' dir='ltr' id='par_1_8' title="bbox 83 4481 1679 5064">
     <span class='ocr_line' id='line_1_36' title="bbox 89 4481 1679 4615; baseline 0.007 -32"><span class='ocrx_word' id='word_1_359' title='bbox 89 4525 202 4602; x_wconf 88' lang='lat' dir='ltr'><strong>rens,</strong></span> <span class='ocrx_word' id='word_1_360' title='bbox 232 4526 278 4585; x_wconf 91' lang='lat' dir='ltr'><strong>ut</strong></span> <span class='ocrx_word' id='word_1_361' title='bbox 302 4524 455 4588; x_wconf 89' lang='lat' dir='ltr'><strong>tuorum</strong></span> <span class='ocrx_word' id='word_1_362' title='bbox 473 4505 677 4589; x_wconf 89' lang='lat' dir='ltr'><strong>verborum</strong></span> <span class='ocrx_word' id='word_1_363' title='bbox 705 4507 935 4591; x_wconf 89' lang='lat' dir='ltr'><strong>nonvideas</strong></span> <span class='ocrx_word' id='word_1_364' title='bbox 960 4500 1276 4615; x_wconf 84' lang='lat' dir='ltr'><strong>repugnantiam?</strong></span> <span class='ocrx_word' id='word_1_365' title='bbox 1310 4505 1390 4601; x_wconf 94' lang='lat' dir='ltr'><strong>Qui</strong></span> <span class='ocrx_word' id='word_1_366' title='bbox 1418 4508 1525 4593; x_wconf 91' lang='lat' dir='ltr'><strong>simul</strong></span> <span class='ocrx_word' id='word_1_367' title='bbox 1535 4481 1679 4546; x_wconf 50' lang='lat' dir='ltr'><strong>wad*</strong></span> 
     </span>
     <span class='ocr_line' id='line_1_37' title="bbox 83 4614 1526 4730; baseline 0.007 -30"><span class='ocrx_word' id='word_1_368' title='bbox 83 4643 205 4730; x_wconf 41' lang='lat' dir='ltr'><strong>&gt;negas</strong></span> <span class='ocrx_word' id='word_1_369' title='bbox 249 4616 385 4703; x_wconf 88' lang='lat' dir='ltr'><strong>arbitrii</strong></span> <span class='ocrx_word' id='word_1_370' title='bbox 418 4618 579 4704; x_wconf 92' lang='lat' dir='ltr'><strong>hominis</strong></span> <span class='ocrx_word' id='word_1_371' title='bbox 595 4620 829 4726; x_wconf 87' lang='lat' dir='ltr'><strong>libertatem,</strong></span> <span class='ocrx_word' id='word_1_372' title='bbox 855 4618 961 4706; x_wconf 92' lang='lat' dir='ltr'><strong>simul</strong></span> <span class='ocrx_word' id='word_1_373' title='bbox 990 4614 1175 4722; x_wconf 84' lang='lat' dir='ltr'><strong>affirmas,</strong></span> <span class='ocrx_word' id='word_1_374' title='bbox 1204 4619 1335 4704; x_wconf 79' lang='lat' dir='ltr'><strong>datum</strong></span> <span class='ocrx_word' id='word_1_375' title='bbox 1362 4651 1439 4708; x_wconf 88' lang='lat' dir='ltr'><strong>esse</strong></span> <span class='ocrx_word' id='word_1_376' title='bbox 1454 4625 1526 4710; x_wconf 92' lang='lat' dir='ltr'><strong>ho-</strong></span> 
     </span>
     <span class='ocr_line' id='line_1_38' title="bbox 90 4730 1526 4853; baseline 0.008 -37"><span class='ocrx_word' id='word_1_377' title='bbox 90 4731 206 4838; x_wconf 90' lang='lat' dir='ltr'><strong>mini,</strong></span> <span class='ocrx_word' id='word_1_378' title='bbox 228 4757 271 4818; x_wconf 90' lang='lat' dir='ltr'><strong>ut</strong></span> <span class='ocrx_word' id='word_1_379' title='bbox 286 4733 396 4820; x_wconf 89' lang='lat' dir='ltr'><strong>libere</strong></span> <span class='ocrx_word' id='word_1_380' title='bbox 412 4736 520 4820; x_wconf 89' lang='lat' dir='ltr'><strong>rebus</strong></span> <span class='ocrx_word' id='word_1_381' title='bbox 536 4736 752 4822; x_wconf 89' lang='lat' dir='ltr'><strong>dominetur</strong></span> <span class='ocrx_word' id='word_1_382' title='bbox 770 4795 783 4839; x_wconf 96' lang='lat'><strong>,</strong></span> <span class='ocrx_word' id='word_1_383' title='bbox 804 4764 843 4822; x_wconf 89' lang='lat' dir='ltr'><strong>et</strong></span> <span class='ocrx_word' id='word_1_384' title='bbox 859 4738 896 4821; x_wconf 94' lang='lat' dir='ltr'><strong>in</strong></span> <span class='ocrx_word' id='word_1_385' title='bbox 921 4730 1003 4852; x_wconf 78' lang='lat' dir='ltr'><strong>ipsis</strong></span> <span class='ocrx_word' id='word_1_386' title='bbox 1030 4759 1117 4853; x_wconf 87' lang='lat' dir='ltr'><strong>agat</strong></span> <span class='ocrx_word' id='word_1_387' title='bbox 1132 4736 1283 4823; x_wconf 88' lang='lat' dir='ltr'><strong>arbitrio</strong></span> <span class='ocrx_word' id='word_1_388' title='bbox 1300 4768 1380 4823; x_wconf 92' lang='lat' dir='ltr'><strong>suo.</strong></span> <span class='ocrx_word' id='word_1_389' title='bbox 1415 4742 1526 4835; x_wconf 91' lang='lat' dir='ltr'><strong>Quid</strong></span> 
     </span>
     <span class='ocr_line' id='line_1_39' title="bbox 91 4851 1528 4979; baseline 0.004 -41"><span class='ocrx_word' id='word_1_390' title='bbox 91 4874 147 4938; x_wconf 90' lang='lat' dir='ltr'><strong>est</strong></span> <span class='ocrx_word' id='word_1_391' title='bbox 161 4851 262 4940; x_wconf 91' lang='lat' dir='ltr'><strong>enim</strong></span> <span class='ocrx_word' id='word_1_392' title='bbox 276 4852 378 4945; x_wconf 89' lang='lat' dir='ltr'><strong>aliud</strong></span> <span class='ocrx_word' id='word_1_393' title='bbox 395 4853 505 4942; x_wconf 87' lang='lat' dir='ltr'><strong>rebus</strong></span> <span class='ocrx_word' id='word_1_394' title='bbox 519 4853 631 4941; x_wconf 89' lang='lat' dir='ltr'><strong>libere</strong></span> <span class='ocrx_word' id='word_1_395' title='bbox 648 4852 832 4944; x_wconf 83' lang='lat' dir='ltr'><strong>dominari</strong></span> <span class='ocrx_word' id='word_1_396' title='bbox 853 4915 867 4965; x_wconf 94' lang='lat'><strong>,</strong></span> <span class='ocrx_word' id='word_1_397' title='bbox 891 4883 1008 4979; x_wconf 87' lang='lat' dir='ltr'><strong>quarn</strong></span> <span class='ocrx_word' id='word_1_398' title='bbox 1029 4854 1168 4944; x_wconf 88' lang='lat' dir='ltr'><strong>eisdem</strong></span> <span class='ocrx_word' id='word_1_399' title='bbox 1196 4883 1266 4971; x_wconf 91' lang='lat' dir='ltr'><strong>pro</strong></span> <span class='ocrx_word' id='word_1_400' title='bbox 1283 4885 1353 4944; x_wconf 92' lang='lat' dir='ltr'><strong>suo</strong></span> <span class='ocrx_word' id='word_1_401' title='bbox 1377 4857 1528 4946; x_wconf 81' lang='lat' dir='ltr'><strong>arbitra·</strong></span> 
     </span>
     <span class='ocr_line' id='line_1_40' title="bbox 1485 5001 1531 5064; baseline 0 0"><span class='ocrx_word' id='word_1_402' title='bbox 1485 5001 1531 5064; x_wconf 75' lang='lat' dir='ltr'><strong>tu</strong></span> 
     </span>
    </p>
   </div>
   <div class='ocr_carea' id='block_1_4' title="bbox 0 0 2014 5864">
    <p class='ocr_par' dir='ltr' id='par_1_9' title="bbox 0 0 2014 5864">
     <span class='ocr_line' id='line_1_41' title="bbox 0 0 2014 5864; baseline 0 0"><span class='ocrx_word' id='word_1_403' title='bbox 0 0 2014 5864; x_wconf 95' lang='lat' dir='ltr'><strong> </strong></span> 
     </span>
    </p>
   </div>
  </div>
 </body>
</html>
