4050 5858
631 372 835 442 ernest
883 372 930 438 11.
1437 395 1506 464 279

74 531 141 594 tut
159 528 283 619 :quae
313 525 372 583 res
396 488 484 581 lacit
502 553 515 602 ,
530 515 576 577 ut
601 519 701 608 quos
727 489 913 579 beneficiis
944 487 1107 579 affecerit
1126 555 1138 600 ,
1155 492 1226 597 hos
1255 496 1398 612 magis,
1415 526 1532 612 quam

78 627 180 714 bene
205 620 253 706 de
277 646 317 702 se
342 613 497 701 meritos
527 610 735 698 meminisse
765 610 959 698 videatur.
996 615 1102 696 Nam
1125 613 1192 727 qui
1214 614 1355 727 patitur
1371 676 1383 721 ,
1399 643 1532 730 quate·

78 772 151 829 nus
176 737 314 855 patitur
331 796 344 841 ,
362 734 485 818 minor
502 753 558 816 est
582 726 766 816 efficiente
783 790 797 836 ,
814 727 1078 846 magnanimus
1109 756 1237 816 autem
1268 733 1396 818 ceteris
1428 765 1531 848 prae-

78 887 175 947 stare
198 856 305 945 vult.
339 858 472 965 ltaque
496 849 624 935 suain
652 847 742 935 alios
761 907 774 954 ,
790 876 909 964 quam
938 846 1098 936 aliorum
1126 849 1165 935 in
1196 879 1234 935 se
1259 851 1390 936 merita
1416 851 1531 940 liben-

78 978 151 1066 tius
178 975 309 1061 audit.
337 970 454 1055 Unde
480 967 571 1054 mihi
593 968 860 1071 consuetudo,
878 995 980 1081 quae
1001 968 1105 1081 apud
1122 967 1313 1082 Hispanos
1329 969 1532 1084 plurimum
1599 1079 1608 1084 ᾖ

77 1093 264 1198 invaluit,
281 1113 370 1175 nata
393 1113 472 1172 esse
497 1084 615 1173 videri
640 1074 738 1170 solet'
748 1146 760 1189 ‚
776 1085 913 1199 quibus
928 1145 940 1191 ,
958 1084 1055 1169 dum
1068 1084 1250 1201 principes
1266 1088 1366 1176 viros
1392 1088 1532 1204 aliquid

78 1214 130 1300 de
159 1240 198 1297 se
225 1213 324 1294 bene
349 1203 502 1291 meritos
524 1203 798 1318 alloquuntur,
815 1203 1060 1318 ipsorumque
1086 1229 1241 1319 captant
1275 1206 1532 1295 benevolenti·

78 1359 146 1415 am
163 1389 175 1435 ‚
192 1326 284 1413 illud
307 1325 347 1410 in
375 1347 534 1439 promtu
558 1344 614 1407 est
646 1344 686 1406 et
716 1321 823 1437 quasi
851 1318 1088 1437 legitimum,
1106 1347 1150 1408 ut
1183 1351 1222 1407 se
1253 1323 1532 1441 profiteantur,

76 1446 146 1533 illis
170 1475 247 1532 esse
274 1442 486 1557 obligatos,
504 1464 543 1526 et
558 1442 607 1525 ab
635 1438 775 1526 eisdem
797 1438 940 1550 majora
965 1438 1078 1524 etiam
1108 1469 1277 1553 sperare.
1309 1448 1377 1528 Est
1404 1444 1533 1530 itidem

78 1560 338 1681 magnanimi,
355 1583 423 1643 aut
452 1559 559 1644 nullo
592 1557 713 1651 modo
733 1616 746 1662 ,
762 1581 828 1642 aut
853 1582 1009 1672 gravate
1035 1559 1174 1671 precati
1190 1586 1424 1675 quemquam
1440 1624 1454 1667 ,
1470 1593 1531 1648 ro

108 1707 214 1768 atum
238 1708 333 1768 vero
359 1673 468 1762 facile
486 1674 651 1761 honestis
677 1675 848 1789 precibus
878 1675 1144 1790 adquiescere.
1175 1679 1241 1762 Ad
1261 1678 1355 1763 haec
1377 1708 1467 1764 cum
1496 1680 1533 1764 il·

78 1711 254 1886 lustribus
286 1820 325 1882 et
349 1794 538 1908 opulentis
567 1793 650 1879 viris
683 1823 789 1877 suam
814 1793 1034 1910 dignitatem
1060 1792 1216 1879 retinere
1234 1795 1357 1900 velle,
1382 1797 1533 1884 medio·

81 1918 205 2003 eribus
233 1942 385 2000 comem
416 1936 518 1996 sect
547 1911 824 2026 perhumanum
854 1911 1025 1997 exhibere
1041 1973 1053 2017 ,
1070 1936 1108 1998 et
1134 1914 1243 2028 quod
1267 1913 1442 2031 Virgilius
1473 1915 1534 2000 sci·
1547 1943 1611 1995 nen.
1626 1948 1673 1996 m.
1689 1947 1714 1999 a.

81 2057 122 2120 te
147 2062 311 2148 vereque
337 2028 469 2114 cecinit
503 2028 551 2114 de
575 2029 721 2143 populo
748 2034 953 2117 Romano:
987 2030 1153 2115 Parcere
1185 2033 1367 2142 subjectis
1382 2094 1395 2139 ,
1412 2049 1449 2121 et
1465 2037 1553 2119 de··

82 2153 220 2236 bellare
250 2149 455 2258 superbos:
484 2145 554 2230 hos
588 2148 688 2231 enirn
719 2177 891 2263 superare
921 2149 1048 2265 magni
1073 2149 1216 2266 negotii
1244 2173 1299 2235 est
1327 2176 1366 2237 et
1395 2149 1534 2266 glorio·

80 2299 196 2375 sum,
223 2267 304 2352 illos
335 2264 536 2351 insolenter
569 2289 727 2350 tractate
757 2295 800 2352 ac
830 2266 1064 2372 inhumane,—
1096 2266 1252 2352 levitatis
1281 2291 1320 2352 et
1345 2268 1536 2383 importu-

81 2415 206 2472 num.
238 2385 496 2472 Observatum
520 2412 678 2500 quoque
703 2406 758 2468 est
774 2447 785 2490 ‚
803 2384 1089 2501 magnanimum
1113 2385 1180 2470 otii
1197 2413 1273 2471 esse
1299 2409 1536 2500 sectatorem,

85 2531 157 2589 nec
182 2504 221 2587 in
244 2502 401 2620 negotiis
417 2530 644 2618 properate,
663 2526 925 2616 praeterquam
950 2530 1037 2587 curn
1055 2531 1111 2588 res
1130 2503 1354 2589 adhortatur
1371 2562 1386 2609 ,
1401 2505 1441 2589 in
1456 2535 1536 2621 qua

83 2646 278 2710 versantur
307 2643 448 2738 magna
477 2645 699 2720 momenta,
718 2645 784 2707 aut
807 2619 856 2705 de
882 2620 1047 2707 maximis
1063 2621 1270 2707 honoribus
1294 2623 1442 2738 agitur.
1474 2622 1537 2710 lti-

83 2741 176 2826 dem
210 2742 334 2855 paucis
364 2737 524 2855 negoriis
553 2735 757 2854 implicari,
790 2739 907 2825 ethis
936 2738 1079 2856 magnis
1108 2766 1147 2826 et
1178 2738 1405 2846 illustribus,
1437 2765 1477 2826 et
1497 2742 1537 2828 si·

71 2916 75 2920 =
114 2859 178 2944 uid
208 2858 420 2944 detrimenti
450 2857 490 2940 in
517 2885 558 2941 re
585 2852 751 2940 familiari
780 2881 848 2942 aut
879 2859 916 2943 in
941 2859 1064 2973 parvis
1095 2858 1205 2943 rebus
1230 2857 1307 2942 aliis
1339 2883 1538 2973 acceptum

84 2887 199 3062 luerit
215 3035 229 3081 ,
244 2976 305 3062 vel
327 2975 547 3078 immineat,
565 3003 635 3060 nec
650 2973 850 3089 querulum
873 3005 975 3081 esse,
993 3005 1063 3062 nec
1086 2975 1135 3061 ad
1153 2976 1432 3091 deprecandum
1448 3008 1538 3092 pro·

83 3092 222 3178 clivem
242 3093 309 3196 ;id
332 3093 433 3178 enim
459 3092 621 3178 hominis
646 3118 702 3178 est
728 3091 862 3178 talibus
890 3093 999 3181 rebus
1030 3094 1229 3180 studentis.
1265 3099 1322 3180 Ac
1347 3119 1391 3180 ut
1418 3096 1539 3182 tenui·

79 3240 158 3296 ora
189 3211 324 3328 signa,
354 3209 421 3296 sed
451 3241 551 3326 quae
585 3239 635 3297 ne
666 3210 881 3297 Aristoteles
917 3211 1071 3328 quidem
1102 3211 1380 3326 praetermisit,
1410 3243 1537 3326 perse-

86 3356 279 3443 quamur,
306 3358 363 3414 res
389 3357 489 3442 quae
518 3328 597 3414 sola
627 3328 899 3444 pulchritudine
926 3330 1268 3437 commendantur,
1285 3358 1403 3445 quam
1431 3332 1538 3419 utiles

82 3445 213 3532 sibiet
235 3443 468 3551 fructuosas,
486 3446 603 3563 magis
626 3476 833 3560 quaerere,
853 3447 928 3532 hoc
953 3448 1053 3532 enirn
1081 3448 1242 3534 hominis
1264 3473 1319 3534 est
1346 3448 1537 3564 opulenti:

86 3562 246 3650 adhaec
269 3565 450 3651 incessum
466 3564 543 3676 ejus
568 3593 645 3650 esse
674 3565 825 3651 tardum
843 3625 855 3668 ,
872 3593 1008 3653 vocem
1029 3595 1184 3683 gravem
1200 3627 1211 3670 ‚
1228 3565 1439 3651 orationem
1456 3596 1539 3653 non

86 3681 340 3791 concitatam,
356 3712 427 3770 nec
456 3683 557 3769 enim
582 3707 789 3798 properat,
807 3683 868 3767 cui
893 3712 1013 3799 pauca
1039 3709 1126 3770 sunt
1155 3712 1295 3789 curae,
1322 3710 1394 3768 nec
1417 3684 1538 3771 vehe-

84 3827 195 3884 mens
224 3825 309 3909 est,
332 3802 400 3919 qui
428 3801 519 3887 nihil
546 3830 728 3918 magnum
760 3825 901 3918 putat,
933 3830 978 3887 ac
1005 3803 1160 3918 perinde
1190 3801 1281 3888 nihil
1307 3831 1539 3919 magnopere

83 3917 312 4004 demiratur.

88 4101 94 4107 -
146 4039 292 4124 XXXl.
352 4035 450 4122 Illud
474 4067 568 4125 veto
597 4036 842 4124 necessatium
873 4061 930 4125 est
960 4037 1086 4124 adesse
1114 4036 1359 4154 magnanimo
1375 4099 1388 4144 ,
1404 4062 1448 4121 ut
1474 4066 1540 4151 pa·

86 4147 165 4234 lam
192 4181 230 4241 et
256 4154 404 4260 oderit,
421 4180 460 4242 et
481 4181 608 4243 amet:
627 4156 816 4244 occultare
837 4184 1005 4271 namque
1027 4156 1169 4242 timoris
1184 4181 1269 4261 est,
1292 4156 1358 4271 qui
1383 4183 1464 4239 non
1479 4183 1542 4239 ca·

86 4267 147 4353 dit
174 4269 212 4353 in
239 4272 525 4390 magnanimum
545 4304 617 4381 ,ac
644 4301 688 4363 ut
717 4303 798 4360 tem
820 4274 936 4393 longe
964 4273 1214 4389 antiquiorem
1239 4273 1378 4360 habeat
1393 4335 1406 4380 ,
1422 4301 1543 4388 quam

87 4385 337 4499 opinionem,
357 4420 501 4510 magno
532 4395 704 4511 exemplo
731 4392 867 4487 Quinti
895 4394 995 4478 Fabii
1024 4391 1211 4498 Maximi,
1240 4394 1306 4508 qui
1334 4419 1404 4477 non
1421 4410 1542 4501 pone·

85 4504 156 4587 bat
179 4534 345 4602 rumores
371 4528 457 4594 ante
489 4519 676 4618 salutern,
706 4536 750 4596 ut
773 4510 824 4596 ait
849 4510 1014 4595 Ennius.
1048 4515 1141 4595 ltem
1174 4533 1218 4596 ut
1251 4536 1378 4625 aperte
1410 4535 1449 4595 et
1479 4509 1542 4595 lo-

84 4647 225 4735 quatur
253 4649 294 4710 et
323 4653 413 4743 agat
429 4691 441 4734 ,
460 4629 571 4745 quod
595 4655 651 4716 est
676 4627 952 4734 confidentiae,
969 4627 1177 4716 libertatem
1202 4629 1251 4714 illi
1271 4650 1469 4717 contemtu
1492 4655 1542 4712 re·
1635 4687 1637 4690 -

81 4767 171 4827 rum
203 4770 455 4862 suggerente.
487 4753 622 4864 Itaque
644 4775 683 4835 et
706 4746 796 4834 liber
819 4772 874 4832 est
900 4774 940 4833 et
968 4747 1130 4835 veritatis
1154 4770 1330 4855 amator,
1359 4745 1427 4830 nisi
1450 4773 1540 4830 cum

77 4859 131 4948 ad
169 4863 309 4982 vulgus
343 4867 534 4956 utendum
568 4894 645 4958 esse
674 4890 783 4987 putat
809 4865 953 4976 ironia,
970 4867 1047 4957 hoc
1079 4891 1158 4978 est,
1174 4865 1536 4990 suantmvirtuturn

1468 5008 1538 5066 ex·
