4050 5858
598 386 599 389 ¹
666 357 871 439 arnan
921 365 967 435 11.
1424 313 1524 465 ¹263

98 499 250 592 Graeco
280 498 318 585 in
344 486 522 590 latinum
545 493 700 583 vertisse
716 554 729 599 ,
746 491 813 580 nisi
836 517 983 579 vertere
1015 493 1103 580 dicit
1132 490 1347 609 frequenter
1376 492 1552 587 lectitare,

162 624 258 708 XIII.
317 615 454 721 Quid,
472 638 516 702 ut
546 612 597 698 ad
615 617 785 698 Graecos
810 636 1066 716 transeamus,
1083 613 1284 700 Aristidem
1304 675 1317 722 ,
1334 616 1427 733 quid
1442 619 1556 729 Justi·

101 771 218 845 num,
237 737 470 822 Christianos
496 730 740 848 philosophos
771 741 1094 817 commemorem?
1120 760 1286 846 quorum
1310 735 1368 820 ille
1385 736 1554 823 Adriano

99 854 252 974 principi
276 857 556 965 Apologeticum
575 868 650 960 pro
672 850 905 933 Christianis
934 853 1070 934 librum
1098 851 1194 937 misit
1211 853 1412 939 -sententiis
1436 855 1554 969 philo·

95 977 309 1091 sophorum
332 970 541 1058 conflatum
559 1030 572 1075 ,
588 967 649 1053 hic
665 969 868 1054 Antonino
896 967 965 1054 Pio
983 966 1238 1055 doctissimum
1265 986 1395 1056 contra
1422 991 1554 1083 gentes

98 1094 282 1182 volumen
302 1120 348 1177 ex
373 1089 495 1175 media
514 1086 748 1205 philosophia
765 1087 1034 1201 depromtum.
1070 1093 1171 1173 Nam
1197 1087 1434 1205 Clementem
1458 1122 1556 1206 pres⁴²
1569 1130 1610 1179 aa
1633 1144 1747 1192 magnum

102 1211 282 1328 b'yterum
306 1209 480 1297 ecclesiae
495 1204 768 1295 Alexandrinae
785 1263 798 1310 ,
815 1206 986 1319 omnium
1006 1254 1020 1312 ,
1037 1208 1353 1322 utHieronymus
1378 1235 1555 1320 testatur,
1568 1202 1748 1305 limidi&

99 1329 386 1417 eruditissimum
411 1326 550 1415 multos
565 1325 764 1440 variosque
789 1323 902 1410 libros
928 1325 1180 1440 conscripsisse
1194 1326 1339 1413 certum
1358 1354 1414 1415 est
1430 1392 1442 1434 ,
1458 1331 1557 1417 altis·

101 1449 193 1536 sima
210 1448 381 1534 doctrina
402 1443 583 1551 refertos,
599 1472 717 1563 quam
743 1443 916 1528 hauserat
941 1474 1080 1562 magna
1103 1470 1149 1530 ex
1176 1468 1281 1559 parte
1312 1475 1359 1532 ex
1386 1445 1555 1538 fontibus
1676 1519 1679 1522 .

100 1565 425 1683 philosophorum.
451 1568 582 1662 Quem
603 1560 813 1648 aemulatus
826 1563 1009 1679 Origenes
1026 1563 1103 1676 ejus
1126 1563 1304 1670 auditor,
1323 1565 1452 1652 decem
1469 1594 1557 1658 stro

101 1710 248 1771 marum
271 1685 411 1799 scripsit
440 1682 555 1768 libros
571 1739 584 1785 ,
599 1708 756 1767 omnem
781 1678 964 1797 religionis
982 1683 1142 1771 nostrae
1165 1682 1374 1768 doctrinam
1399 1686 1557 1804 dogma·

101 1803 145 1890 tis
175 1803 493 1919 philosophorum
523 1796 776 1884 confirmans.
808 1803 902 1904 Non
917 1798 1041 1916 ¹igitur
1064 1800 1318 1886 recentiorum
1350 1804 1559 1922 theologo·

100 1950 187 2009 rum
204 1983 217 2028 ‚
235 1950 335 2037 quos
354 1920 602 2003 scholasticos
626 1915 843 2032 appellant,
859 1917 1058 2004 inventum
1081 1943 1136 2005 est
1163 1921 1321 2006 decretis
1347 1923 1415 2006 uti?
1436 1925 1557 2038 philo·

103 2038 338 2154 sophorum:
355 2036 454 2122 idem
473 2060 615 2123 veteres
644 2065 790 2121 summa
812 2035 1035 2123 auctoritate
1061 2063 1099 2125 et
1124 2036 1307 2155 gravitate
1331 2040 1399 2126 viri
1422 2039 1557 2130 factita-

101 2181 219 2261 runt,
238 2172 320 2243 non
346 2153 469 2240 modo
500 2154 550 2241 ad
567 2152 866 2239 Christianorum
892 2184 1017 2242 mores
1042 2156 1288 2243 instituendos
1305 2220 1318 2263 ,
1333 2157 1373 2243 in
1400 2189 1482 2274 quo
1496 2160 1559 2248 vel

102 2275 306 2392 plurimum
334 2272 436 2360 valet
460 2271 555 2386 quid
584 2296 741 2377 naturae
772 2297 904 2387 aptum
933 2273 977 2359 sit
996 2336 1008 2380 ,
1024 2275 1118 2389 quid
1136 2276 1349 2381 diversum,
1366 2277 1559 2394 dignosce·

104 2421 145 2480 re
163 2453 175 2499 ,
193 2393 258 2479 sed
273 2392 384 2479 etiam
407 2389 501 2476 dum
518 2390 643 2504 aliqua
667 2414 896 2496 tractarent,
912 2421 1011 2505 quae
1030 2394 1255 2506 pertinerent
1270 2394 1321 2478 ad
1337 2393 1560 2482 fundamen·

104 2535 146 2597 ta
170 2512 402 2597 Christianae
425 2508 539 2615 fidei,
563 2533 602 2593 et
632 2520 783 2624 possent
806 2534 979 2623 exparte
1010 2510 1169 2627 ingeniis
1198 2510 1400 2598 hominum
1424 2537 1463 2599 et
1486 2534 1558 2599 na*

105 2653 192 2717 tura
223 2632 318 2717 duce
342 2626 581 2745 investigari:
599 2652 646 2713 ut
673 2629 878 2715 denatura
906 2628 979 2713 Dei
997 2687 1009 2733 ,
1027 2628 1076 2714 de
1104 2629 1242 2717 virtute
1267 2630 1344 2743 ejus
1364 2657 1404 2717 et
1428 2633 1561 2749 simpli·

104 2749 215 2836 'citate
231 2751 309 2856 ,de
334 2747 479 2834 infinita
504 2770 588 2831 tum
617 2756 806 2861 potestate
823 2808 836 2853 ,
852 2770 935 2831 tum
966 2746 1078 2831 etiam
1099 2746 1247 2834 scientia
1264 2811 1275 2855 ,
1293 2751 1343 2836 de
1365 2779 1489 2837 rerum
1516 2783 1559 2837 o·
1670 2858 1672 2865 Ι

102 2869 252 2955 mnium
278 2897 524 2982 supernarum
550 2889 588 2951 et
612 2860 842 2951 infernarum
866 2866 1129 2979 procuratione
1158 2890 1274 2982 atque
1292 2867 1455 2979 justitia,
1473 2870 1562 2955 etsi
1630 2859 1634 2868 ’

103 2986 200 3101 quid
224 2983 325 3072 aliud
357 2988 419 3073 de'
435 2990 525 3071 Deo
543 3011 609 3097 pet
640 3013 713 3089 ea,
730 2978 942 3098 quaefacta
968 3009 1055 3070 sunt
1070 3046 1082 3090 ,
1100 2985 1281 3099 conspicit
1297 2987 1484 3073 humanus
1499 2987 1561 3071 in·

104 3096 273 3190 tellectus
288 3166 301 3211 ,
317 3104 378 3190 cui
397 3102 449 3188 ‘sic
481 3096 694 3218 indaganti
707 3110 935 3213 sempiterna
955 3132 1121 3220 *quoque
1147 3105 1229 3189 Do·
1261 3114 1391 3190 virtus
1421 3122 1459 3190 et
1485 3107 1560 3191 Dt²
1574 3118 1700 3171 Mu·
1713 3126 1738 3172 ¹0·

103 3230 280 3329 uinitas,
294 3248 340 3309 ut
365 3221 502 3308 Paulus
532 3245 717 3327 testatur,
745 3220 997 3307 innotescite}
1028 3294 1033 3301 ,
1207 3218 1212 3228 ’
1244 3304 1248 3316 ,
1464 3220 1466 3225 ’

163 3343 269 3428 XIV.
322 3341 396 3428 Sed
413 3335 596 3457 quoniam
620 3339 767 3427 infinito
787 3339 1140 3445 retumdivinarum
1166 3337 1364 3455 splendore
1387 3343 1560 3458 perstrin-

104 3459 204 3576 gitur
235 3458 445 3578 caligatque
477 3458 572 3545 acies
607 3457 797 3544 humanae
829 3457 992 3566 mentis,
1020 3487 1101 3544 non
1130 3487 1234 3546 secus
1263 3489 1306 3544 ac
1334 3462 1560 3575 vespertilio·

100 3606 199 3663 num
222 3579 348 3684 oculi,
367 3604 409 3664 ut
434 3578 488 3663 ait
510 3577 727 3697 Aristoteles
743 3637 756 3682 ,
772 3576 823 3662 ad
849 3575 978 3661 lumen
1002 3576 1114 3683 solis,
1131 3576 1268 3663 idcirco
1295 3578 1428 3670 hacrin
1453 3606 1559 3694 parte
1572 3600 1737 3665 Mettius-2·

103 3697 283 3810 ponderis
299 3697 403 3783 haud
415 3780 417 3783 .
429 3695 592 3785 multum
608 3694 938 3803 habet-auctoritas
954 3693 1309 3810 philosophorum<
1323 3698 1558 3787 Necadmo·

100 3814 200 3928 dum
227 3824 280 3899 Lea
296 3805 491 3903 utendum
506 3822 584 3900 fest
598 3813 841 3921 Christianis,
864 3816 1135 3931 praeterquam
1151 3813 1191 3898 in
1211 3815 1310 3919 eos,
1355 3815 1394 3899 ui
1415 3816 1480 3901 sibi
1499 3815 1561 3903 >fa·

76 4043 77 4046 p
100 3931 306 4022 miliarium
326 3958 367 4019 et
394 3932 644 4048 probatorum
670 3933 871 4022 hominum
899 3933 1118 4019 testimoniis
1133 3932 1362 4019 adducendi
1379 3928 1495 4042 sunt,
1512 3928 1558 4024 ut

103 4077 152 4137 ex
173 4051 403 4168 quibusdam
431 4050 493 4137 vel
523 4052 784 4138 demonstratis
814 4051 880 4141 vel
905 4052 1094 4167 persuasis.
1110 4054 1220 4137 rebus
1231 4049 1430 4159 ',lceteris,'
1457 4085 1557 4170 qua-

99 4194 188 4252 -tum
210 4182 265 4256 est'
288 4168 381 4270 fides
407 4166 615 4277 difficilior,
633 4171 796 4258 assentiri
824 4170 1002 4286 paulatim
1033 4174 1269 4255 assuescant.
1302 4173 1404 4255 Cum
1427 4197 1556 4260 autem

99 4285 161 4374 ue·
175 4288 346 4376 moritus
373 4289 495 4404 agitur
515 4348 527 4394 ,
548 4318 661 4405 quos·
680 4289 731 4376 ita
761 4291 919 4377 demum
942 4289 1085 4405 optime
1104 4287 1248 4373 rinstitui
1276 4316 1320 4374 ac
1344 4289 1553 4378 honestissi-

96 4432 167 4489 me
181 4428 353 4516 putamus
367 4468 380 4511 ,
396 4408 430 4492 si.
447 4408 498 4494 ad
520 4434 691 4495 naturae,
705 4404 1150 4526 regulamadlormentut
1167 4467 1180 4513 ,
1196 4431 1293 4493 tunc
1310 4407 1554 4524 prudentium

94 4522 472 4628 eti-docnssirnorum
482 4526 649 4627 ultorum
667 4550 680 4633 ,
696 4559 794 4644 quos
814 4525 1066 4643 philosophos
1082 4526 1336 4642 appellamus,
1353 4530 1554 4615 auctoritas

96 4650 189 4726 non
216 4643 338 4730 modo
352 4644 780 4760 aspernandumohest
796 4709 808 4751 ,
824 4645 900 4731 sed
922 4644 1124 4761 plurimum
1152 4646 1281 4731 debet-
1296 4644 1432 4731 habere
1457 4675 1552 4762 pon-

94 4759 199 4848 deris
221 4761 273 4847 ad
297 4765 567 4850 chutroversias
584 4826 597 4867 ,
613 4764 906 4880 quaeincidunt
931 4763 980 4850 de
1003 4765 1201 4853 virtuthus
1226 4789 1265 4848 et
1285 4763 1380 4849 vitiis
1395 4831 1405 4867 ‚
1421 4764 1554 4877 dijudi-

94 4879 256 5001 candas,
282 4881 507 5000 Philosophi
524 4883 633 4999 enim
656 4882 1049 4998 munusiidma‘tdme
1082 4881 1372 5002 propriumest,
1391 4881 1486 4998 quid
1504 4910 1553 5013 a·

89 5036 131 5053 ··1
1466 5026 1554 5088 scrs-
