4006 5850
506 376 585 476 ιρι
652 349 656 360 ’
703 326 704 329 ¹
807 383 875 455 nn:
898 384 1031 455 ιιτο
1053 382 1119 453 ar
1150 381 1331 455 arnano
1354 383 1593 456 ιιιιτιιιο

496 535 581 593 ctus
594 505 720 592 locum
744 504 811 593 sibi
834 503 1070 594 naturalem:
1085 535 1146 593 cur
1133 505 1283 593 similis
1296 534 1351 595 est
1366 534 1462 593 tarro
1470 531 1690 594 ceterorum
1718 504 1942 596 ἱιιιιιίιιιιιο·

501 653 612 710 rum:
635 626 800 712 humana
815 656 909 714 vero
933 625 1109 713 voluntas
1121 627 1198 711 hoc
1212 625 1296 742 plus
1309 627 1451 732 διδεῖ,
1479 655 1607 741 quarn
1612 625 1780 749 impetus
1811 628 1943 714 anima·

502 741 620 847 lium,
647 743 845 850 libertatis,
874 741 983 877 quod
997 744 1083 829 licet
1095 747 1271 833 uoluntas
1287 745 1337 830 ab
1352 744 1566 851 intellectu,
1590 771 1732 850 sensu,
1765 769 1834 830 aut
1850 747 1940 851 viso,

502 862 649 946 bonurn
668 862 729 950 vel
744 863 839 948 boni
863 862 1020 978 speciem
1036 887 1249 950 ostentante
1275 886 1506 969 moveatur,
1528 862 1619 948 nihil
1643 886 1779 948 tamen
1808 865 1942 950 horum

453 1004 558 1067 est
573 1009 711 1086 causa,
741 1008 841 1095 quae
856 980 974 1118 ipsam
991 1009 1128 1117 cogere
1154 983 1375 1088 sicvaleat‚
1403 1009 1453 1067 ne
1467 981 1655 1098 integrum
1686 981 1757 1116 ipsi
1789 1010 1940 1068 reserue-

490 1122 589 1204 tur,
614 1128 695 1185 rem
727 1102 958 1214 propositam
986 1098 1150 1212 rejiciat,
1178 1130 1228 1186 an
1261 1101 1516 1226 amplectatur
1548 1104 1651 1184 Nam
1680 1123 1752 1184 etat
1740 1096 1942 1186 voluntas

313 1266 495 1313 mmm.
503 1245 649 1332 semper
664 1225 803 1332 spectet
819 1220 869 1304 ad
886 1220 1060 1322 bonum,
1088 1217 1298 1305 identidem
1308 1243 1436 1303 tamen
1459 1216 1699 1303 intellectus
1690 1245 1730 1300 ιιι
1759 1219 1892 1304 eadem
1905 1247 1941 1304 re

313 1338 418 1434 3,st
442 1335 489 1385 '²⁰'
504 1335 558 1421 du
585 1336 644 1421 lex
658 1361 697 1421 εῖ
719 1335 905 1423 diversum
919 1339 1067 1422 bonum
1083 1336 1274 1424 ostendit:
1304 1335 1462 1450 exempli
1476 1363 1615 1441 causa,
1631 1335 1771 1420 utile
1743 1365 1774 1420 ει
1791 1361 1941 1450 petant,

504 1367 712 1569 sibgiatur
726 1454 954 1540 honestum:
980 1455 1089 1570 quod
1105 1484 1193 1541 cum
1210 1453 1403 1559 accidit,
1393 1482 1433 1540 ιιι
1445 1475 1631 1577 potestate
1651 1452 1868 1540 voluntatis
1883 1478 1941 1559 est,

502 1594 632 1656 utrum
647 1573 793 1658 bonum
818 1601 993 1688 prosequi
981 1571 1147 1680 malit,
1174 1573 1265 1658 utile
1286 1573 1530 1676 asciscendo,
1553 1598 1604 1657 ιιι
1622 1571 1847 1658 honestum
1877 1572 1944 1686 rei

504 1687 664 1776 ciendo:
689 1718 733 1777 ut
750 1689 921 1776 dubium
919 1721 1000 1777 esse
1015 1719 1095 1776 non
1102 1689 1253 1806 possit,
1275 1690 1379 1806 quin
1403 1686 1625 1776 facultatem
1656 1690 1805 1777 habeat
1827 1720 1943 1806 oppo-

491 1805 689 1897 -sitotum
710 1811 794 1895 Ad
793 1813 986 1894 summam
1009 1834 1088 1894 tam
1104 1839 1203 1925 vaga
1213 1833 1278 1894 est
1268 1832 1401 1944 arque
1428 1807 1543 1894 libera
1565 1808 1749 1896 voluntas
1767 1808 1849 1929 (ne
1867 1808 1942 1924 quis

504 1952 589 2011 eam
603 1925 700 2012 trahi
714 1938 857 2042 semper
877 1927 1016 2040 majore
1031 1930 1162 2033 bono,
1189 1951 1256 2013 aut
1268 1956 1378 2042 rpsrus
1393 1925 1511 2060 specie
1526 1922 1770 2062 cavilletur)
1780 1952 1827 2014 ut
1841 1926 1878 2010 in
1892 1953 1939 2030 re,

504 2071 621 2155 quam
649 2044 778 2128 utilem
794 2042 904 2127 simul
926 2068 965 2129 et
992 2046 1219 2150 honestam,
1243 2043 1341 2130 adde
1365 2045 1500 2150 etiam,
1516 2074 1545 2128 st
1533 2044 1718 2179 placet,
1748 2041 1941 2157 ιιιειιιιάιιιι

502 2157 707 2245 intellectus
731 2160 971 2271 judicaverit,
986 2163 1129 2278 possit,
1145 2186 1190 2247 ut
1205 2163 1316 2250 edere
1331 2160 1530 2269 volendo,
1550 2162 1600 2247 sic
1623 2162 1816 2247 actionem
1838 2191 1938 2246 nram

503 2304 584 2360 non
601 2278 768 2365 volendo
782 2280 986 2365 continere.
1020 2280 1055 2366 si
1072 2309 1152 2367 non
1166 2279 1268 2404 valet
1288 2278 1367 2367 rem
1395 2280 1509 2367 etiam
1534 2280 1726 2387 aversari,
1756 2279 1939 2366 omnibo-

503 2422 558 2478 no
572 2391 752 2526 fastidito,
769 2423 812 2483 ut
828 2397 927 2500 dicat
940 2400 1146 2534 secundum
1163 2394 1344 2512 po'e'tam.
1371 2401 1493 2485 Video
1503 2393 1657 2483 metata
1650 2393 1873 2532 proboque,
1887 2401 1940 2480 de·

503 2521 649 2598 teriora
664 2520 806 2623 sequor.
839 2497 1020 2627 Cujus
971 2544 1022 2601 rer
1044 2515 1155 2631 siquis
1185 2514 1511 2602 confirmationem
1525 2515 1712 2631 requirit,
1746 2515 1939 2632 experiatu

493 2697 497 2702 .
503 2657 595 2717 rnse
610 2632 722 2748 ipso,
749 2631 892 2718 nullum
908 2659 1174 2750 argumentum
1190 2657 1379 2747 ριιειειει
1399 2634 1630 2720 desiderabit

563 2751 648 2836 Xll
707 2750 804 2836 Sed
795 2751 865 2836 rsti
872 2779 960 2836 cum
975 2779 1099 2859 return
1126 2749 1298 2849 omnium
1325 2746 1476 2837 fatalem
1502 2751 1765 2838 necessitatem
1795 2752 1940 2839 induce·

313 2939 463 3050 gadem
450 2890 618 2988 esrent,
643 2892 770 2954 tamen
785 2868 889 2956 velut
911 2893 1118 2991 metuentes
1133 2868 1336 2973 invidiam,
1360 2897 1419 2990 ne
1424 2900 1453 2981 st
1441 2868 1696 2955 incredibilia
1713 2896 1759 2956 et
1772 2898 1855 2955 com
1869 2869 1939 2955 bo-

313 3005 357 3109 {to
353 3062 436 3110 ama
368 3014 449 3110 «ιιι
434 3013 490 3049 um
502 2983 656 3081 minum
661 3014 844 3073 consensu
861 2984 1069 3104 pugnantia
1088 2987 1366 3102 praeciperent,
1393 2987 1431 3070 in
1448 3015 1531 3071 earn
1547 2974 1862 3102 impudentiam
1853 2987 1939 3071 rnci·

437 3090 664 3209 derent,
686 3135 804 3221 quam
820 3106 1036 3209 Martinus,
1050 3126 1096 3190 ut
1112 3128 1168 3190 est
1181 3104 1393 3189 mortalium
1415 3100 1790 3218 impudentissimam,
1813 3133 1860 3191 ne
1873 3106 1942 3190 mi-

502 3219 646 3306 nimum
663 3222 817 3337 quidem
841 3217 1126 3327 reformidavit,
1149 3221 1306 3306 liberum
1328 3221 1518 3307 arbitrium
1545 3223 1670 3359 tueri,
1703 3251 1939 3358 quacumque

502 3362 680 3473 poterant
695 3340 864 3443 ratione,
887 3341 1137 3425 conabantur
1168 3345 1211 3424 ln
1226 3368 1307 3454 quo
1323 3338 1413 3425 illud
1426 3364 1639 3425 constanter
1654 3341 1693 3425 in
1723 3341 1853 3455 primis
1877 3342 1941 3427 ad·

497 3452 674 3565 ιὶεἰεδιιιι
690 3451 774 3569 (est
790 3455 889 3540 enim
901 3457 988 3542 huic
1003 3455 1173 3579 opinioni
1191 3456 1348 3540 maxime
1362 3482 1658 3543 consentaneum
1674 3456 1689 3571 )
1719 3457 1876 3544 libemm
1889 3486 1943 3543 ar·

506 3573 656 3660 bitrium
670 3602 751 3660 non
761 3603 879 3690 magis
895 3572 1092 3660 hommum
1111 3635 1124 3679 ,
1154 3602 1270 3689 quam
1272 3572 1496 3660 ceterorum
1526 3574 1749 3660 animalium
1778 3602 1942 3661 naturam

504 3691 698 3808 attingere.
728 3692 839 3778 Eos
829 3692 941 3808 rgitur
968 3716 1094 3776 motus
1123 3693 1161 3776 in
1190 3714 1374 3806 potestate
1397 3690 1611 3777 anirnalium
1633 3721 1714 3778 esse
1732 3694 1942 3799 dictabant,

504 3809 639 3920 qubus
655 3806 774 3896 fatum
793 3837 858 3925 ρει
872 3808 1046 3893 animalia
1057 3806 1306 3926 fungerentr:
1322 3831 1362 3893 et
1381 3837 1469 3893 cum
1483 3809 1629 3945 abipsis
1642 3813 1867 3929 quaeritur,
1881 3812 1944 3926 qui

503 3921 582 4010 fieri
599 3928 740 4062 ppssit,
767 3955 815 4012 ne
830 3927 876 4012 sit
891 3926 1050 4011 liberum
1084 3927 1275 4010 arbitrium
1301 3925 1571 4034 sublatum,
1544 3957 1574 4012 st
1601 3956 1660 4012 res
1686 3956 1825 4014 omnes
1845 3925 1944 4012 fatali

502 4044 716 4131 necessitate
742 4042 864 4149 fiant,
900 4043 1218 4178 tergiversantur,
1244 4066 1283 4127 et
1303 4044 1587 4151 incommoda,
1615 4069 1829 4166 utcumque
1855 4075 1944 4161 pos·

501 4187 588 4249 sunt
605 4160 809 4281 ,effugere
825 4185 982 4247 tentant
1016 4160 1090 4246 Sed
1105 4160 1194 4245 nihil
1209 4156 1438 4273 proliciunt,
1456 4190 1546 4247 nam
1558 4189 1708 4280 praeter
1726 4191 1873 4251 nornen
1888 4194 1943 4250 ar·

500 4279 597 4365 bitrii
616 4282 703 4366 nihil
715 4275 937 4365 animalibus
936 4278 1145 4414 'praecipui
1133 4277 1397 4415 relinquintr.
1433 4278 1554 4392 Aiunt
1576 4282 1679 4366 enirn
1707 4281 1874 4370 liberunt
1889 4312 1942 4369 ar-

499 4391 648 4481 bitrium
664 4399 826 4512 positum
843 4425 920 4482 esse
936 4396 974 4481 in
995 4396 1163 4511 appetitu
1178 4420 1217 4481 et
1233 4396 1466 4502 assensione,
1491 4422 1607 4513 atque
1636 4399 1675 4486 id
1692 4400 1859 4489 demum
1875 4431 1941 4490 este

501 4513 672 4598 animalia
691 4514 806 4601 libero
821 4515 971 4600 arbitrio
987 4512 1128 4629 fungi,
1154 4543 1234 4598 non
1250 4514 1341 4598 citra
1366 4542 1515 4600 sensum
1540 4516 1579 4600 in
1607 4515 1772 4605 sublime
1799 4523 1864 4609 vel
1887 4522 1940 4606 dt·

499 4661 627 4717 orsum
641 4630 724 4751 ferri
744 4630 931 4747 pronitate
946 4630 1131 4736 naturali,
1150 4657 1194 4717 ut
1210 4631 1346 4748 ignem
1344 4641 1434 4720 aut
1442 4657 1577 4718 terram
1597 4691 1612 4742 ,
1632 4635 1701 4720 sed
1735 4640 1938 4774 appetitum

498 4772 537 4835 et
559 4774 776 4859 ιιιειιιιιιιι,
804 4775 1045 4868 quacumque
1059 4748 1088 4836 is
1101 4747 1165 4837 vel
1191 4749 1307 4839 ducat
1337 4750 1400 4840 vel
1412 4776 1591 4860 revocet
1599 4757 1820 4845 assectan:
1838 4755 1937 4876 quod

499 4926 504 4934 ·
1892 4896 1940 4959 est
