4192 5880
455 404 590 476 ano.
626 395 1030 473 aaaonuorrr
1067 403 1256 472 naurs.
1296 503 1297 506 Ν
1517 430 1559 504 37

134 532 300 652 tyrannis
318 526 538 649 perlatum,
566 552 701 640 resque
730 522 780 608 ad
809 521 1002 608 coruilium
1026 520 1247 633 referretur,
1264 553 1397 616 omnes
1422 528 1461 615 in
1488 530 1588 629 hanc

138 654 353 740 sententiam
399 651 472 736 iere
510 681 519 734 :
555 645 727 752 „Primo
760 669 919 758 quoque
961 666 1133 759 tempore
1163 649 1462 736 subveniendum
1510 681 1587 742 esse

134 833 160 880 „
174 770 490 881 Ariminensibus,
515 766 582 851 sed
610 762 823 847 habendam
849 789 926 846 esse
957 762 1169 871 rationem,
1195 794 1243 850 ne
1276 768 1414 854 interea
1445 771 1590 888 reliqua

132 919 256 1006 „pars
291 888 468 975 exercitus
498 880 723 970 ecclesiastici
748 879 860 964 libere
874 906 1099 997 vagaretur,
1117 907 1156 967 et
1179 909 1323 971 ceterae
1353 887 1519 974 civitates
1550 891 1589 975 in

132 1009 376 1116 „discrimen
407 1007 662 1091 traherentur.
677 1005 703 1050 “
733 1002 864 1094 Quare
881 998 1002 1115 placet
1032 1001 1157 1117 copias
1191 1001 1356 1089 bifariam
1373 1008 1519 1120 partiri,
1545 1034 1591 1097 ut
1668 1102 1672 1103 f

137 1126 262 1214 minor
277 1156 360 1242 pars
377 1122 537 1210 finitimis
566 1118 711 1235 oppidis
736 1116 919 1233 praesidio
950 1145 1044 1204 esset
1062 1119 1243 1224 ,alteram
1260 1122 1445 1209 Galeotus
1464 1126 1590 1211 Mala·

133 1269 228 1330 testa
252 1247 291 1329 in
308 1274 442 1361 agrum
458 1239 728 1328 Ariminensem
754 1237 909 1322 duceret
923 1297 935 1338 ,
950 1239 1161 1353 urbemque
1186 1238 1379 1326 obsidione
1394 1242 1592 1334 solveret:

134 1390 206 1448 nec
227 1363 418 1466 hostibus,
436 1361 466 1446 si
487 1356 741 1475 poposcissent
758 1416 768 1460 ,
785 1354 981 1471 pugnandi
1012 1357 1159 1470 copiam
1177 1352 1297 1442 facere
1325 1384 1528 1446 recusaret.

194 1468 262 1563 Xl.
323 1479 500 1595 Aegidius
517 1541 529 1584 ,
545 1475 701 1591 cognito
717 1474 871 1559 Galeoti
887 1473 1069 1577 discessu,
1086 1474 1188 1586 jubet
1211 1504 1370 1590 propere
1384 1507 1471 1562 curn
1489 1478 1592 1565 silen⁴

138 1597 193 1682 tio
219 1620 339 1682 castra
354 1597 497 1682 moveri
515 1657 526 1698 ,
546 1620 585 1679 et
600 1620 643 1679 ut
669 1620 707 1676 se
729 1590 874 1707 reliquo
890 1591 1062 1676 exercitui
1078 1592 1296 1708 conjugeret
1310 1655 1321 1701 ,
1337 1626 1483 1682 summa
1498 1597 1592 1683 cele-

137 1714 245 1800 ritate
262 1713 458 1800 contendit
484 1742 634 1829 prorsus
648 1733 717 1815 ,ut
746 1736 826 1795 non
842 1709 940 1826 prius
964 1709 1079 1794 hostis
1095 1712 1134 1793 in
1159 1739 1292 1827 agrum
1320 1715 1592 1803 Ariminensem

139 1831 368 1945 pervenisset
384 1893 397 1937 ,
412 1860 529 1946 quarn
550 1828 679 1942 copiae
695 1827 953 1912 ecclesiasticae
968 1854 1311 1945 congregarentur.
1345 1834 1447 1918 Cum
1464 1861 1503 1918 se
1531 1861 1594 1919 cx·

137 1950 269 2034 ercitus
290 1951 331 2034 in
362 1954 542 2034 mutuum
564 1968 808 2059 conspectum
837 1946 1001 2049 dedere,
1018 1969 1179 2061 uterque
1205 1976 1373 2064 pugnam
1406 1978 1595 2065 capessere

137 2091 288 2181 paratus
302 2066 518 2173 ,instruunt
550 2066 795 2179 educuntque
822 2063 917 2148 acies
942 2064 1056 2149 duces
1088 2088 1236 2150 strenue
1253 2089 1324 2169 ,ut
1344 2067 1499 2181 quidem
1527 2097 1594 2182 par

137 2208 191 2268 est
221 2185 397 2286 credere,
421 2186 491 2270 secl?
518 2213 604 2298 quo·
627 2181 857 2299 potissimum
888 2182 1035 2287 modo,
1063 2208 1222 2268 nonest
1253 2184 1448 2270 traditum.
1483 2191 1596 2276 Tunc
1707 2292 1708 2298 p

137 2303 322 2418 Aegidius
331 2302 588 2388 cohortandos
611 2301 766 2385 militurn
791 2299 936 2385 animos
954 2299 1125 2386 oratione
1141 2302 1493 2418 ,praemiorumque
1511 2304 1594 2418 pol·
1708 2301 1710 2304 ’

134 2415 392 2532 licitationibus
417 2420 676 2506 accendendos
692 2441 821 2524 rarus,
845 2419 885 2501 in
900 2418 1002 2503 hunc
1017 2417 1176 2504 maxime
1200 2419 1361 2503 modum
1381 2422 1596 2525 ,advocata

140 2538 350 2644 concione,
367 2538 513 2623 locutus
531 2562 585 2624 est
595 2569 609 2621 ;;
1581 2594 1584 2599 .

196 2655 281 2739 ΧΗ.
341 2717 371 2761 „
380 2654 571 2768 Justi'ssimi
585 2653 715 2774 piique
725 2651 828 2756 belli,
846 2652 914 2738 viri
933 2649 1048 2739 fortes
1065 2714 1079 2760 ,
1094 2654 1203 2769 quod
1231 2682 1302 2768 pro
1317 2655 1521 2769 Republica
1535 2682 1594 2742 ec·
1608 2673 1710 2746 Malli.
1748 2680 1790 2728 ΑΙ·

1609 2735 1722 2784 bornotri
1758 2738 1790 2786 ad

138 2827 165 2876 „
179 2770 565 2890 clesiastica,proque
596 2772 773 2888 religione
799 2770 1039 2874 Christiana,
1067 2799 1167 2887 quae
1193 2773 1301 2856 nobis
1332 2774 1450 2887 patria
1479 2773 1594 2892 longe
1608 2795 1702 2902 {uiliter
1733 2808 1789 2846 οτι·

138 2946 168 2993 „
180 2889 304 2975 carior
322 2918 405 2977 esse
431 2893 565 2995 debet,
582 2915 734 2975 auctore
751 2895 838 2974 Deo
853 2888 1005 2973 Christo
1022 2916 1154 2974 contra
1174 2911 1381 3003 tyrannos,
1398 2890 1595 2980 Christiani
1618 2866 1655 2905 ω’

140 3064 167 3111 ,,
181 3002 342 3092 nominis
353 3009 480 3094 hostes
493 3008 666 3126 gerimus,
676 3007 783 3092 bonaw
791 3035 875 3121 pars
892 3005 1018 3093 divina
1033 3037 1108 3122 ope
1124 3032 1321 3123 vestraque
1335 3008 1472 3095 vitmte
1487 3010 1596 3099 nobis

141 3122 362 3227 „confecta
381 3155 460 3213 est.
488 3126 709 3239 Recepimus
744 3125 891 3210 latium
905 3184 922 3226 ,
937 3125 1132 3209 Umbriam
1158 3126 1395 3242 subegimus,
1415 3132 1591 3215 Etrusco-

141 3300 169 3346 „
181 3270 267 3326 rum
288 3243 428 3330 dubios
439 3244 588 3329 animos
612 3243 653 3325 in
674 3241 750 3328 fide
764 3272 822 3327 ac
846 3238 973 3328 officio
998 3238 1327 3330 confirmavimus.
1363 3250 1447 3329 Nec
1472 3247 1594 3332 solum

140 3384 168 3464 „
184 3360 301 3445 ceteri
328 3362 412 3475 ejus.
431 3386 576 3448 tractus·
598 3361 752 3476 tyranni
779 3360 886 3448 vobis
912 3361 1172 3466 succubuere,
1205 3362 1272 3447 sed
1300 3362 1456 3473 Joannis
1483 3364 1596 3453 etiam

142 3535 169 3582 „
181 3478 271 3563 Vici
283 3501 536 3593 tyrannorum
556 3503 595 3564 et
615 3474 857 3593 potentissimi
884 3501 923 3562 et
954 3480 1113 3564 maxime
1145 3476 1377 3565 formidolosi
1408 3509 1499 3594 opes
1530 3511 1597 3569 ve*

146 3652 174 3699 „
188 3620 284 3681 strae
298 3597 432 3685 virtuti:
454 3620 643 3683 cesserunt
653 3659 669 3680 ..
697 3599 782 3710 Jant
798 3624 891 3682 vero
917 3598 1145 3712 ut'piissimo
1174 3625 1355 3712 sacroque
1383 3597 1483 3682 bello
1515 3596 1596 3686 finis

145 3771 173 3817 „
188 3711 427 3827 imponatur,
445 3741 496 3802 ut‘
510 3746 587 3830 pax
599 3713 644 3800 sit
659 3715 792 3817 rebus,
808 3738 859 3800 ut·
880 3715 1050 3800 ecclesiae
1076 3738 1190 3800 status
1206 3740 1329 3802 vestra
1344 3744 1459 3828 opera
1476 3744 1498 3799 a
1513 3744 1595 3831 per·

143 3888 172 3935 „
188 3827 352 3917 lidorum
369 3832 772 3921 violentiavindicetut
789 3893 801 3938 ‚
821 3862 967 3947 vosque
992 3859 1115 3920 vestra
1132 3833 1270 3920 virtute
1296 3833 1410 3948 digna
1434 3834 1596 3947 praemia

141 4005 169 4053 „
183 3949 357 4062 capiatis,
375 3975 528 4036 tanturn
550 3976 739 4068 superest,
764 3974 808 4036 ut
823 3950 948 4035 Piceni
963 3951 1235 4065 Flaminiaeque
1264 3975 1445 4063 tyrannos
1473 3951 1598 4037 debel-

140 4064 265 4171 „letis
285 4099 294 4152 :
311 4088 417 4183 quae·
430 4069 587 4157 victoria
601 4099 717 4185 quarn
736 4067 780 4155 sit
796 4067 903 4153 nobis
930 4067 969 4152 in
1000 4069 1175 4183 expedito
1202 4067 1355 4152 numine
1381 4067 1512 4155 divino
1527 4100 1597 4183 po-

144 4241 172 4289 „
186 4183 280 4290 sita,
301 4187 329 4269 si
352 4215 437 4272 earn
461 4189 575 4275 hodie
602 4187 781 4274 virtutem
805 4185 1015 4304 praestatis,
1037 4216 1154 4302 quam
1183 4186 1429 4301 superioribus
1457 4185 1598 4300 praeliis

144 4358 173 4406 „
191 4303 443 4413 praestitistis,
471 4307 536 4395 vel
566 4334 632 4392 mc
651 4335 800 4392 tacente
833 4304 940 4393 vobis
969 4304 1052 4391 satis
1085 4303 1319 4417 exploratum
1348 4330 1424 4389 esse
1459 4304 1594 4391 debet.

150 4417 294 4522 „Mihi
316 4423 416 4509 enirn
445 4425 651 4541 principio,
676 4455 766 4512 cum
792 4422 890 4508 hanc
917 4422 1191 4538 expeditionem
1223 4422 1516 4536 comparabam,
1546 4423 1600 4510 rei

145 4593 173 4640 „
191 4535 489 4653 magnitudinem
505 4545 693 4660 reputanti
710 4607 722 4651 ,
740 4541 847 4628 multi
874 4542 1017 4628 labores
1034 4540 1251 4646 hauriendi,
1268 4565 1334 4624 aut
1362 4569 1501 4741 magna
1527 4539 1599 4626 dis·

145 4707 173 4757 ,‚
190 4653 346 4740 crimina
360 4659 556 4748 subeunda
572 4664 839 4748 occurrebant.
867 4661 1021 4776 Quippe
1045 4660 1074 4745 si
1099 4659 1249 4774 tyranni
1281 4658 1393 4744 muris
1437 4657 1600 4773 ossisque

145 4828 174 4875 „
188 4774 389 4882 contenti,
408 4779 518 4912 nobis
529 4780 714 4897 sigillatim
730 4777 855 4867 forent
886 4779 1124 4896 expugnandi
1143 4840 1155 4884 ,
1172 4777 1288 4911 longa
1313 4778 1483 4914 duraque
1503 4777 1599 4865 obsi·

146 4891 349 4994 „domm
370 4891 515 4987 fastida
530 4958 546 5017 ,
562 4896 735 5017 malaque
750 4898 876 4990 animo
893 4897 1182 5015 praecipiebam.
1212 4899 1379 4984 Sancum
1399 4894 1599 5000 umversis‚

1474 5041 1600 5125 „coa-
