4034 5858
537 395 605 465 DE
628 391 776 487 JUSTIS
801 393 938 464 BELLI
966 394 1138 466 CAUSI&
1464 418 1532 496 339

97 519 302 625 infidelium
321 522 545 628 multilauda,
577 519 618 607 id
631 541 727 626 est,
754 542 963 636 antequam
991 544 1113 608 cuent
1133 517 1316 636 Principes
1342 517 1552 634 Christiani,

95 646 164 759 qui
179 671 316 760 cogere
335 665 514 757 possent.
547 638 621 726 His
636 663 765 725 autem
788 640 901 728 rebus
915 635 1116 745 confectis,
1146 638 1248 726 nulla
1277 665 1466 754 praeterea
1483 645 1552 751 vis,

92 763 217 849 nullus
231 789 390 867 metus,
421 790 504 877 quo
529 758 730 845 Christiani
747 757 869 864 hant,
896 783 955 847 est
982 758 1237 845 adhbendus.
1268 761 1342 846 Sed
1369 760 1421 847 ita
1446 792 1551 878 prae-

89 883 210 995 parati
232 879 360 968 doceri
382 879 550 984 debent,
577 904 616 965 et
631 877 719 967 lidei
745 878 1042 994 praedicationi,
1071 902 1115 965 ut
1144 876 1465 966 Christianismum
1479 915 1550 972 vo·

82 999 209 1087 lentes
233 999 465 1115 suscipiant,
492 997 620 1084 induci
649 1059 662 1102 ,
695 1021 740 1084 ut
764 996 1019 1113 sapientissimi
1046 1024 1093 1082 ac
1116 996 1330 1082 sanctissini
1363 999 1551 1089 Pontificis

85 1117 265 1238 Gregorii
281 1118 433 1204 decrem
453 1146 519 1203 seu
542 1116 759 1203 testimonio
784 1117 1024 1222 declaratur,
1046 1113 1157 1232 quod
1173 1116 1336 1202 habetur
1363 1110 1430 1221 23⁸.
1446 1148 1488 1236 q.
1506 1152 1548 1227 4.

85 1251 128 1322 sd
145 1265 216 1322 non
229 1270 245 1322 ε’
266 1266 349 1356 quo
366 1237 406 1322 in
421 1234 508 1323 loco
530 1235 776 1323 Gennadium
788 1236 912 1324 virum
930 1236 1119 1352 optimum
1140 1259 1180 1321 ct
1196 1234 1549 1329 Christianissimum

80 1355 246 1462 laudat,
271 1382 320 1443 «et
334 1355 574 1442 abomnibus
595 1355 738 1444 laudari
754 1379 912 1443 testatur
929 1416 943 1461 ,
971 1354 1081 1471 quod
1107 1378 1239 1471 gentes
1262 1384 1427 1472 paganas
1443 1357 1547 1446 haud

84 1475 204 1561 dubie
219 1504 300 1559 non
312 1473 497 1588 subjectas
519 1475 559 1561 in
574 1475 874 1562 Christianorum
891 1473 1075 1560 ditionem
1104 1472 1204 1559 bello
1235 1472 1454 1592 redigendas
1477 1506 1547 1563 cu·

85 1619 213 1700 raret,
240 1623 321 1680 non
333 1595 391 1680 ob
406 1592 516 1680 aliam
539 1623 717 1700 causam,
734 1591 801 1679 nisi
822 1618 866 1680 ut
882 1654 896 1699 ,
929 1620 1017 1678 cum
1033 1615 1156 1678 essem
1187 1591 1394 1680 debellatae
1412 1657 1424 1702 ,
1453 1592 1548 1682 faci-

83 1709 155 1798 lius
182 1714 221 1797 in
250 1713 505 1799 Christianam
521 1712 740 1830 religionem
757 1740 824 1827 per
850 1711 1003 1797 liberam
1028 1707 1117 1796 fidei
1143 1709 1459 1825 praedicationem
1492 1715 1547 1802 in·

84 1828 334 1917 ducerentur.
368 1835 472 1916 Nam
487 1831 734 1918 Gennadium
750 1831 874 1917 scribit
888 1829 1030 1945 ubique
1044 1829 1187 1914 laudati
1208 1891 1220 1934 ,
1236 1831 1346 1947 quod
1364 1831 1459 1918 bella
1474 1830 1547 1922 lte·

80 1975 249 2065 quenter
263 1972 479 2064 appeteret:
496 1950 601 2054 Non,
615 1950 751 2068 inquit,
768 1946 1153 2053 desideriofiandendi
1162 1956 1375 2057 sanguinis,
1388 1955 1459 2034 sed
1468 1968 1547 2037 tan·

80 2081 164 2150 cum
179 2063 396 2153 dilatandae
409 2077 528 2152 causa
542 2071 792 2182 Reipublicae
802 2075 843 2152 in
857 2094 932 2176 qua
948 2070 1073 2150 Deam
1084 2071 1156 2152 coli
1171 2075 1433 2178 conspicimus,
1449 2097 1546 2179 qua-

79 2200 189 2269 tenus
219 2184 370 2272 coron
394 2209 522 2272 manen
539 2207 615 2298 per
636 2190 812 2272 subditas
832 2202 964 2297 gendes
975 2184 1076 2286 fidei
1086 2189 1366 2295 praedicatione
1381 2198 1546 2275 arcum·

82 2329 227 2412 quaque
251 2308 468 2393 discurrat.
499 2304 688 2421 loquitur
702 2332 832 2393 autem
849 2334 959 2412 non,
981 2328 1026 2390 ut
1040 2305 1198 2419 quidam
1215 2306 1450 2394 somniaurnt
1466 2369 1478 2414 ,
1495 2310 1547 2397 de

83 2420 275 2509 Saracenis
291 2422 368 2509 sive
386 2423 701 2533 Mahumetanis,
723 2423 794 2541 qui
808 2452 858 2510 eo
872 2448 1045 2536 tempore
1066 2421 1157 2507 nulli
1184 2421 1279 2508 dum
1294 2449 1402 2511 erant
1417 2487 1430 2533 ,
1446 2455 1545 2535 nec,

80 2564 129 2625 ut
142 2540 227 2645 alii,
262 2539 311 2626 de
326 2540 537 2649 Vandalis,
561 2542 628 2660 qui
644 2542 719 2654 jam
746 2540 896 2628 fueram
910 2573 934 2627 a
950 2539 1137 2627 Bellisario
1161 2538 1297 2649 deleti,
1328 2570 1398 2629 nec
1415 2606 1427 2651 ,
1445 2570 1488 2631 ut
1504 2575 1544 2631 a·

81 2654 146 2763 lii,
177 2658 227 2744 de
241 2656 461 2767 haereticis,
488 2660 555 2775 qui
584 2660 765 2777 puniendi
781 2684 917 2767 erant,
936 2688 1017 2745 non
1033 2658 1245 2745 debellandi
1263 2721 1275 2766 ,
1291 2689 1362 2747 nec
1374 2663 1544 2778 gentium

80 2774 207 2864 alieno
228 2777 385 2863 nomine
400 2778 592 2889 vocandi,
621 2779 689 2866 scd
707 2778 756 2866 de
772 2779 945 2895 gentibus
961 2777 1000 2862 in
1015 2773 1143 2865 Alrica
1170 2778 1344 2867 interiore
1363 2785 1543 2870 Romano

80 2892 245 3009 Imperio
261 2892 455 3004 finitimis,
481 2920 526 2983 ut
539 2897 748 2985 declaratur
768 2897 808 2981 in
831 2923 999 2984 extremo
1013 2895 1180 3009 ejudem
1203 2896 1409 3013 epistolae,
1442 2930 1544 3018 quae

79 3012 192 3128 primi
206 3012 287 3098 libri
301 3038 357 3101 est
376 3044 446 3124 73.
472 3043 544 3102 nec
559 3016 724 3135 denique
740 3017 850 3132 quod
873 3014 1104 3102 Christianos
1120 3011 1371 3122 infestarent,
1403 3042 1446 3103 ut
1473 3017 1542 3105 lal-

80 3160 128 3216 so
156 3130 313 3247 quidam
335 3158 565 3242 causanmr,
592 3136 669 3222 hoc
683 3133 785 3221 enim
802 3134 991 3220 exclusum
1017 3157 1075 3218 est
1098 3163 1121 3217 a
1149 3135 1341 3250 Gregorio
1370 3164 1437 3249 per
1458 3168 1541 3226 ver·

81 3248 177 3336 bum
197 3267 370 3355 tantum3
405 3252 471 3338 sed
488 3282 566 3340 uta
582 3253 798 3341 Christianis
829 3251 1002 3341 debellati
1024 3250 1112 3339 fidei
1155 3253 1472 3368 praedicationem
1501 3279 1540 3343 et

80 3370 400 3486 propagationem
417 3399 499 3458 non
513 3371 759 3488 impedirent.

140 3489 228 3571 ΧΗ.
284 3491 378 3575 Hoc
392 3513 448 3579 est
463 3490 563 3577 enim
576 3493 686 3608 quod
702 3491 872 3575 Thomas
888 3489 938 3577 ait
953 3516 964 3574 ε
980 3489 1217 3598 Frequenter
1233 3553 1246 3598 ,
1262 3492 1403 3609 inquit,
1427 3492 1537 3576 Chri·
1565 3528 1621 3628 m,
1642 3529 1668 3580 r·
1686 3532 1722 3574 aa

77 3610 136 3689 sti
146 3602 284 3703 fideles
300 3623 430 3694 matra
449 3606 619 3711 infideles
634 3612 765 3693 bellum
781 3625 929 3694 movent
947 3667 961 3714 ,
989 3635 1058 3694 nnn
1086 3615 1233 3717 quidem
1247 3627 1289 3694 ut
1313 3639 1375 3697 eos
1390 3616 1444 3694 ad
1456 3639 1538 3695 cre·
1624 3612 1631 3630 ’

77 3725 236 3806 dandum
258 3741 423 3840 cogatur,
448 3731 518 3813 sed
540 3743 583 3811 ut
608 3734 854 3839 compellant,
879 3754 924 3812 ne
943 3724 1064 3830 fidem
1088 3731 1321 3838 impediant:
1352 3728 1536 3844 explicans

76 3839 253 3929 videlicet
270 3870 423 3932 causam
439 3905 452 3952 ,
467 3875 535 3932 cut
547 3846 774 3934 Gennadius
813 3847 920 3960 pium
951 3846 1093 3932 &hum
1122 3844 1332 3934 infidelibus
1359 3845 1535 3964 frequen·
1688 3921 1693 3933 .

76 3979 136 4043 ter
150 3956 320 4050 itrfcrren
356 3968 462 4052 Nam
486 3989 646 4084 gentes,
683 3992 784 4082 quae
810 3993 892 4053 non
919 3983 1005 4051 sunt
1040 3964 1340 4052 Christianorum
1376 3965 1533 4083 imperio
1549 3963 1727 4073 3323&th

76 4074 290 4188 subiectae,
318 4078 558 4170 multifariam
587 4083 702 4172 fidem
733 4082 889 4199 deasque
914 4084 1260 4201 propagationem,
1289 4085 1318 4170 si
1343 4085 1425 4202 quis
1448 4117 1532 4174 eam
1549 4084 1725 4193 ξξζίῃξξξρῑῗῖ

75 4189 255 4284 inducere
280 4198 398 4308 velit,
427 4201 663 4320 impediunt.
700 4203 870 4291 Primum
900 4203 991 4319 quia
1020 4202 1207 4317 publicam
1236 4203 1315 4316 ejus
1346 4205 1531 4319 praedica·
1548 4205 1669 4266 ΝΜ·

73 4311 224 4400 tionem
237 4343 318 4408 non
337 4319 575 4429 admittunt,
603 4345 649 4411 ut
662 4345 814 4410 constat
838 4321 952 4409 mam
977 4343 1130 4406 auctore
1154 4321 1310 4407 Thoma
1330 4321 1394 4407 lib.
1418 4354 1454 4433 3.
1486 4330 1532 4410 de

76 4429 298 4540 Reg.Prin.
327 4466 410 4554 cap.
435 4442 501 4528 16.
530 4469 742 4559 numquam
759 4464 848 4527 ante
864 4437 1106 4528 Constantini
1121 4462 1271 4553 tempus
1297 4440 1375 4529 sine
1401 4444 1533 4530 mortis
1591 4511 1592 4515 r

72 4550 243 4663 periculo
266 4555 414 4669 publice
435 4557 549 4646 iidem
566 4561 779 4676 praedicare
794 4558 957 4646 licuisse.
991 4557 1141 4645 Deinde
1172 4558 1264 4674 quia
1299 4562 1532 4677 praedicato·

72 4693 132 4753 tes
149 4670 261 4757 etiam
279 4674 448 4789 occultos
471 4679 680 4787 occidunt,
703 4702 742 4764 et
774 4704 824 4764 ne
850 4677 917 4796 qui
946 4706 1103 4765 suorum
1117 4702 1417 4784 convertantur,
1433 4680 1532 4786 obsi-f

73 4810 181 4875 stunt
194 4814 256 4896 ,et
270 4819 475 4882 conversos
490 4797 801 4916 persuasionibus,
816 4822 884 4883 aut
898 4792 1012 4881 etiam
1028 4795 1347 4911 persecutionibus
1364 4822 1533 4885 avertere

75 4904 298 5032 mirantur:
315 4929 366 5004 ut‘
376 4943 485 5035 saepe
510 4941 552 5006 et
574 4948 599 5007 a
620 4913 752 5005 smultis
776 4916 1115 5124 anteConsplantmi
1130 4913 1377 5033 principatum
1392 4912 1537 5000 factum

78 5066 87 5074 ·
123 5078 129 5091 .
975 5109 981 5127 .
1018 5066 1088 5127 va
1466 5057 1536 5144 est,
