4050 5858
485 384 555 472 298
947 378 1419 453 DEMOCRATES

270 537 453 587 mamm
467 508 645 632 ponderis
671 504 810 596 habere
831 487 1060 594 sanxerunt.
1092 508 1209 593 Certe
1234 505 1344 595 Plato
1365 534 1436 592 nec
1460 501 1699 620 opulentiam
1719 568 1733 613 ‚
1750 530 1823 591 nec
1853 533 1951 620 pau·

267 603 325 664 Μ’
471 654 655 751 pertatem
681 627 845 716 vindicat
876 659 899 714 a
934 628 1079 748 magnis
1110 626 1392 734 incommodis,
1422 625 1616 743 utriusque
1646 626 1799 712 tradens
1829 624 1952 710 comi·

466 778 549 839 tem
573 778 649 836 esse
670 747 835 835 studium
857 777 985 837 rerum
1012 777 1230 836 novarum:
1257 774 1449 864 praeterea
1472 748 1521 831 ab
1542 747 1602 832 illa
1625 772 1752 861 turpes
1773 744 1951 861 volupta-

464 898 528 960 tes
559 865 827 986 segnitiemque
857 870 934 983 pari
952 918 975 978 ,>
998 868 1095 954 hanc
1128 865 1300 979 homines
1325 865 1472 953 efficere
1504 863 1692 953 maleficos
1722 888 1762 949 et
1793 894 1948 953 avaros.

464 993 530 1078 ‘Sic
556 991 736 1075 Salomon
768 991 894 1076 Prev.
922 1016 990 1101 30·
1024 990 1340 1092 Mendicitatem,
1363 986 1485 1104 inquit
1500 1050 1512 1094 ,
1528 1002 1566 1070 et
1589 990 1752 1069 divitias
1775 1010 1822 1066 ne
1844 988 1951 1068 dede-

469 1117 528 1196 ris
552 1111 675 1216 mihi,
698 1113 768 1193 aed
793 1122 937 1195 tautum
961 1111 1084 1195 tribue
1109 1115 1234 1194 victui
1266 1133 1342 1192 meo
1371 1115 1612 1193 necessaria:
1642 1130 1687 1191 ut
1718 1103 1953 1189 mediocrita-

468 1254 547 1316 tem
577 1231 785 1346 quamdam
811 1227 867 1316 vir
895 1227 957 1313 ille
985 1229 1132 1316 divinus
1149 1228 1507 1344 ,quemadmodum
1534 1223 1663 1313 ceteris
1686 1224 1725 1314 in
1746 1223 1859 1311 rebus
1875 1285 1890 1331 ,
1905 1223 1953 1312 sic

470 1349 582 1434 etiarn
611 1349 651 1433 in
680 1347 816 1464 opibus
841 1347 1001 1435 maxime
1035 1348 1196 1462 probare
1222 1347 1420 1434 videatur.

293 1522 332 1573 1„
344 1521 455 1574 m„
529 1470 621 1552 XV.
679 1473 791 1551 Leon.
813 1466 983 1555 Obsecro
998 1491 1038 1552 te
1056 1527 1068 1572 ,
1084 1472 1330 1554 Democrates
1347 1530 1360 1575 ,
1376 1466 1560 1583 quoniam
1584 1489 1804 1582 opporttme
1828 1461 1952 1550 Plato·

276 1585 456 1694 {fiffflhibffi
468 1614 559 1670 nem
586 1584 817 1693 nominasti,
848 1584 963 1674 citato
993 1584 1081 1672 loco
1114 1614 1237 1672 exeo
1265 1586 1391 1692 libro,
1420 1586 1486 1671 ubi
1519 1585 1568 1671 sic
1597 1586 1656 1671 ille
1682 1583 1953 1700 rempublicam

279 1719 317 1816 ζξ,
341 1706 455 1814 ξξξζζξξζ·
470 1705 664 1817 constituit
679 1767 692 1811 ,
707 1729 751 1790 ut
778 1703 870 1789 nihil
899 1706 939 1790 in
971 1734 1017 1790 ea
1047 1728 1164 1789 suum*
1188 1704 1348 1822 quisque
1375 1705 1543 1810 habeat,
1569 1705 1636 1790 sed
1660 1705 1733 1790 sint
1755 1703 1886 1788 omnia
1909 1735 1955 1788 o-

187 1878 192 1889 ι
278 1841 331 1936 33,
339 1838 458 1936 ,3325ss
468 1823 619 1911 mnibus
646 1824 892 1910 communia:
918 1822 1179 1939 putabimusne
1202 1823 1355 1910 Christo
1382 1825 1501 1909 talem
1523 1823 1743 1939 reipublicae
1767 1823 1955 1907 rationem

278 1946 457 2008 ⁰¹²¹⁶¹¹⁸i⁰¹¹l
472 1943 677 2058 placuisse?
697 1945 772 2029 hoc
799 1942 900 2027 enim
925 1943 1015 2029 mihi
1038 1971 1146 2058 saepe
1170 1943 1274 2030 venit
1299 1943 1337 2028 in
1360 1968 1529 2029 mentem
1552 1940 1758 2028 existimare
1781 1941 1955 2026 recolen-

472 2062 588 2168 ti,et
616 2063 809 2148 Christum
840 2062 998 2147 maxime
1022 2060 1194 2148 homines
1221 2061 1412 2148 adhortari
1435 2061 1586 2147 solitum
1603 2122 1615 2167 ,
1632 2087 1677 2147 ut
1704 2090 1769 2146 sua
1792 2061 1958 2260 cpuisque

472 2181 578 2267 bona
606 2180 831 2296 relinqueret
848 2242 861 2287 ,
876 2204 915 2266 et
940 2180 1016 2266 hoc
1039 2181 1145 2265 initio
1175 2211 1198 2264 a
1224 2181 1413 2296 plerisque.
1438 2178 1654 2265 Christianis
1676 2176 1780 2264 fuisse
1817 2178 1967 2263 actita-

472 2326 586 2405 tum,
607 2302 675 2417 qui
690 2299 978 2417 possessionibus
1001 2299 1183 2385 distractis
1204 2298 1366 2415 pretium
1391 2297 1567 2416 apostolis
1586 2300 1630 2383 in
1646 2325 1848 2385 commune
1862 2324 1958 2381 con·

471 2416 663 2506 ferebant.
696 2424 796 2503 Dux.
826 2419 919 2503 Noli
949 2417 1052 2503 hune
1081 2416 1244 2533 lapidem
1267 2446 1422 2504 movere
1438 2480 1451 2524 ,
1468 2416 1691 2534 Leopolde,
1711 2446 1793 2503 non
1808 2439 1900 2500 sunt
1917 2445 1958 2502 o

282 2577 359 2626 nra.
377 2586 400 2623 a
475 2539 577 2625 mnia
601 2537 744 2654 ubique
761 2536 995 2623 disserenda.
1024 2541 1206 2623 Ceterum
1229 2535 1421 2622 Platonica
1436 2537 1644 2651 respublica
1664 2566 1746 2623 non
1769 2534 1895 2621 solum
1911 2533 1958 2618 ab

422 2730 423 2733 a
475 2656 675 2744 Aristotele
701 2656 851 2741 summis
878 2654 1085 2742 rationibus
1113 2649 1312 2742 confutata
1332 2677 1388 2742 est
1418 2654 1530 2741 ineis
1556 2655 1653 2740 libris
1670 2717 1682 2761 ,
1699 2684 1799 2771 quos
1822 2658 1870 2736 de
1885 2651 1956 2734 Re·

468 2779 625 2887 pubiica
639 2774 862 2890 conscripsit
874 2835 893 2878 .,
908 2772 1011 2859 unde
1036 2801 1181 2866 sumere
1198 2772 1335 2889 poteris
1353 2834 1366 2879 ,
1381 2802 1481 2890 quae
1503 2772 1553 2858 ad
1577 2774 1682 2861 hunc
1702 2773 1829 2860 locum
1846 2769 1958 2885 perti·

412 2902 413 2906 '
473 2896 645 2999 nebunt,
663 2892 727 2979 sed
751 2893 950 2979 hominum
973 2892 1086 2977 etiarn
1110 2892 1189 2978 vita
1217 2920 1436 3009 magnoque
1460 2921 1646 2978 consensu
1670 2892 1828 3004 reiecta:
1844 2888 1959 3005 quod

375 3042 377 3047 ·
475 3040 530 3099 est
560 3012 774 3098 indubitato
804 3036 1061 3128 argumento,
1085 3010 1277 3095 Christum
1308 3010 1451 3096 nullam
1481 3009 1596 3096 talem
1625 3010 1847 3124 reipublicae
1877 3003 1959 3092 ior·

476 3162 580 3216 marn
595 3131 754 3220 voluisse
779 3131 818 3215 in
845 3131 1046 3216 hominum
1069 3130 1188 3216 vitam
1209 3128 1405 3215 inducere,
1432 3126 1549 3214 Nefas
1573 3154 1629 3214 est
1651 3130 1755 3215 enim
1778 3126 1959 3213 existima·

475 3279 520 3360 te
541 3249 732 3336 Christum
762 3249 865 3337 irrito
889 3274 1032 3337 conatu
1062 3248 1101 3333 id
1126 3247 1269 3365 egisse,
1288 3273 1403 3367 atque
1421 3248 1460 3333 in
1481 3247 1699 3335 universum
1716 3245 1957 3362 praecepisse,

476 3365 586 3485 quod
613 3368 704 3453 nulli
725 3367 864 3453 civitati
880 3427 894 3474 ,
910 3369 1003 3454 nulli
1029 3366 1176 3485 populo
1205 3367 1445 3481 persuaserit.
1476 3371 1561 3453 Nec
1587 3365 1637 3452 sic
1662 3366 1802 3452 Paulus
1827 3363 1959 3450 ceteri·

477 3516 554 3603 que
578 3487 737 3603 apostoli
768 3487 957 3572 docebant
973 3549 985 3593 ,
1004 3487 1070 3573 sed
1098 3486 1425 3602 quemadmodum
1457 3485 1593 3602 nuptiis
1627 3485 1887 3587 coelibatum,
1909 3481 1959 3568 sic

478 3606 610 3693 divitiis
637 3629 897 3722 paupertatem
921 3601 1178 3721 praeferebant
1203 3629 1355 3721 propter
1381 3605 1480 3692 virae
1498 3666 1510 3710 ‚
1525 3632 1642 3721 quam
1667 3604 1733 3719 ipsi
1756 3603 1958 3720 elegerant,

477 3721 745 3839 perfectionem
762 3788 774 3832 ,
790 3754 871 3811 non
894 3725 1012 3842 ignari
1030 3748 1073 3810 et
1094 3725 1240 3840 nuptias
1263 3752 1302 3810 et
1325 3723 1469 3810 divitias
1493 3752 1571 3811 esse
1595 3723 1646 3808 ad
1668 3723 1882 3808 humanam
1910 3719 1971 3805 ci«.

478 3842 670 3960 vilemque
697 3846 814 3934 vitam
836 3846 1078 3930 necessarias.
1112 3849 1181 3930 Est
1209 3843 1322 3960 igitur
1350 3843 1479 3959 magni
1505 3865 1543 3928 et
1571 3841 1729 3957 religiosi
1760 3840 1875 3925 animi
1901 3838 1960 3924 di-

480 3960 586 4048 vitias
616 3966 655 4049 in
679 3988 896 4077 paupertate
929 3992 1200 4065 contemnere,
1217 3963 1256 4047 in
1281 3962 1502 4048 secundiore
1526 3958 1680 4047 fortuna
1712 3959 1851 4046 eisdem
1874 3984 1961 4069 pru·

481 4079 613 4165 denter
640 4082 695 4166 uti
720 4083 769 4167 ad
796 4080 1081 4168 beneficentiam
1105 4107 1143 4168 et
1166 4080 1451 4185 liberalitatem,
1467 4102 1506 4166 et
1529 4079 1568 4163 in
1592 4103 1756 4194 utraque
1774 4074 1962 4162 conditio

483 4224 532 4282 ne
558 4199 735 4287 virtutem
752 4201 874 4287 colere
895 4226 933 4287 et
959 4199 1168 4286 libertatem
1193 4198 1378 4304 retinere,
1399 4197 1661 4312 cupiditatibus
1689 4199 1963 4313 imperantem:

482 4314 539 4400 his
559 4318 660 4402 enim
685 4320 800 4435 longe
826 4321 997 4433 turpius,
1017 4349 1134 4433 quam
1166 4317 1381 4403 hominibus
1407 4317 1590 4406 servitur:
1611 4345 1729 4432 quam
1755 4321 1874 4403 alteri
1889 4372 1903 4419 ,
1920 4335 1961 4398 ut

291 4451 367 4562 nf'f.
379 4447 456 4560 gigig
483 4435 618 4520 Cicero
642 4437 692 4522 ait
709 4500 720 4542 ,
737 4465 778 4520 se
793 4442 958 4546 adipisci
982 4457 1095 4546 posse
1120 4438 1361 4520 arbitrantur
1377 4498 1389 4542 ,
1407 4445 1443 4519 si
1471 4455 1559 4546 opes
1586 4461 1744 4544 magnas
1776 4435 1959 4532 habeam

482 4558 625 4661 alteri,
648 4565 684 4639 si
712 4564 870 4641 cernenti
892 4565 968 4639 siut
999 4571 1037 4638 et
1065 4583 1130 4638 suo
1155 4569 1193 4636 et
1212 4573 1363 4663 parvo:
1382 4584 1550 4669 quotum
1576 4580 1755 4640 neutrum
1782 4553 1963 4637 abhorret

479 4672 529 4756 ab
562 4702 634 4779 ea,
651 4674 699 4760 de
727 4702 805 4790 qua
838 4700 917 4759 tarn
951 4673 1068 4758 multa
1092 4672 1277 4778 diximus,
1303 4673 1417 4758 animi
1443 4672 1723 4791 magnitudine.
1757 4676 1847 4758 Nec
1874 4667 1964 4756 divi·

438 4806 440 4809 ’
480 4792 547 4878 tias
572 4793 709 4909 igitur,
732 4818 775 4879 ut
803 4792 851 4880 de
879 4791 996 4908 gloria
1023 4791 1179 4878 diximus
1199 4791 1290 4898 ,vel
1318 4817 1450 4908 optare
1467 4854 1480 4899 ,
1498 4792 1559 4882 vel
1588 4792 1725 4877 habere
1756 4814 1873 4907 turpe
1898 4787 1967 4873 du·

478 4913 643 5000 cendum
671 4935 726 4999 est
741 4972 753 5021 ,
770 4940 840 4999 nec
863 4938 985 4999 rursus
1016 4936 1277 5027 paupertatem
1306 4906 1437 5029 fugere
1470 4912 1672 5001 vitiosum:
1693 4939 1787 4997 nam
1821 4905 1967 5029 qualia·

1715 5064 1722 5082 .
1756 5068 1761 5081 .
1868 5054 1968 5114 mm.
