4020 5864
437 397 505 465 590
769 369 1125 443 nuranotocm
1154 368 1252 443 nno
1278 370 1378 441 arn.
1405 373 1485 440 mo

412 522 547 588 manae
573 487 752 611 gloriolae
770 490 950 603 jacturam
967 487 1104 577 faceret
1119 552 1132 595 ‚
1150 490 1328 577 deserere.
1360 491 1479 604 Cujus
1496 484 1735 576 sanctissimi
1756 554 1770 597 ,
1796 490 1879 606 ejus

412 617 576 729 demque
597 612 846 727 sapientissimi
873 610 940 699 viri
956 611 1169 723 exemplum
1185 635 1227 695 ut
1243 610 1416 715 imiteris,
1440 611 1531 695 illud
1548 634 1593 694 te
1618 612 1744 696 etiam
1771 640 1877 730 atque

412 732 524 816 etiam
542 731 733 817 adhortari
755 731 893 835 debet,
922 728 1131 844 quodiam
1158 728 1224 813 tibi
1257 758 1322 843 per
1339 754 1506 813 severam
1532 730 1873 848 gravissimamque

219 923 280 973 rat
304 861 400 969 {mm
414 851 618 935 Parisiensis
636 850 850 935 academiae
889 877 1082 933 censuram
1095 848 1115 889 *
1135 848 1345 932 communis
1359 845 1431 931 loci
1456 847 1697 960 praesidium
1716 851 1869 937 ablatum

219 954 375 1108 ,libili
412 995 468 1054 est
484 1031 496 1073 ,
513 998 595 1083 quo
613 969 652 1052 in
680 967 846 1085 singulos
873 991 961 1052 tuos
978 967 1246 1052 obtrectatores
1272 993 1361 1049 cum
1377 969 1564 1078 applausu
1594 969 1862 1055 nonnullomm

413 1087 603 1190 utebaris,
625 1088 718 1172 dum
751 1114 818 1172 eos
840 1084 902 1173 vel
931 1084 1136 1169 ambitione
1160 1085 1297 1169 ductos
1328 1143 1340 1188 ,
1367 1082 1432 1197 qui
1459 1112 1548 1166 cum
1585 1090 1758 1171 Erasmo
1784 1115 1862 1173 con

413 1207 569 1291 tendere
596 1207 645 1289 ad
662 1234 767 1288 suam
793 1202 944 1289 laudem
960 1203 1144 1316 pertinere
1169 1226 1373 1316 putarent,
1395 1199 1456 1287 vel
1470 1199 1521 1284 ira
1553 1225 1593 1287 et
1610 1205 1713 1289 odio
1744 1232 1863 1290 censu·

413 1352 476 1408 rae
508 1348 596 1408 tuae
612 1323 820 1407 concitatos
836 1383 848 1427 ,
866 1323 904 1404 in
925 1344 964 1405 te
980 1323 1139 1406 scribere
1160 1346 1396 1405 asseverares.
1421 1318 1519 1412 Quis
1550 1321 1658 1404 enim
1675 1323 1825 1426 credat,
1841 1324 1865 1409 si

413 1443 480 1526 tibi
496 1437 595 1526 iorte
611 1441 686 1525 hoc
705 1441 831 1525 veniat
857 1441 895 1523 in
913 1463 1077 1539 mentem
1096 1433 1309 1541 affirmare,
1343 1461 1403 1521 tot
1427 1462 1638 1552 tantosque
1656 1441 1778 1546 viros,
1795 1468 1864 1527 tam

414 1561 563 1664 doctos,
580 1584 658 1648 tam
676 1558 817 1671 pietatis
847 1558 1015 1670 publicae
1045 1555 1260 1658 studiosos,
1299 1582 1379 1638 non
1396 1553 1651 1640 tumultuario
1671 1586 1861 1664 consensu,

413 1677 480 1761 sed
497 1677 616 1793 longo
632 1700 818 1788 tempore,
834 1700 872 1759 et
889 1673 1054 1788 diligenti
1068 1670 1366 1758 consideratione
1382 1670 1566 1777 adhibita,
1583 1672 1719 1760 dicatis
1735 1677 1771 1759 in
1792 1679 1862 1762 hoc
1971 1784 1972 1787 p

414 1825 511 1908 opus
527 1794 679 1897 diebus,
694 1793 732 1876 in
751 1799 947 1876 Erasmum
968 1791 1027 1876 vel
1043 1788 1136 1877 odio
1166 1790 1227 1876 vel
1260 1789 1464 1874 ambitione
1481 1790 1740 1904 conspirasse,
1758 1820 1799 1880 ut
1813 1819 1864 1881 te·

360 1949 362 1953 ·
416 1941 517 1995 mere
533 1935 611 1995 tam
629 1911 746 1996 multa
762 1911 845 1994 loca
861 1911 1115 2023 improbarent
1128 1910 1166 1993 in
1183 1905 1254 1992 tuis
1277 1907 1416 2019 scriptis
1433 1965 1447 2011 ,
1462 1932 1528 1992 aut
1546 1907 1629 1993 sine
1646 1939 1790 1995 summa
1804 1942 1858 1997 ra·

415 2031 552 2133 tione,
579 2029 676 2113 libro
691 2028 805 2143 paulo
823 2053 909 2140 post
922 2028 1065 2113 Alberti
1093 2027 1212 2140 operis
1228 2024 1433 2109 editionem
1458 2024 1685 2138 publicat0,
1713 2031 1859 2114 damna·

415 2156 529 2230 rent?
552 2149 732 2240 Quorum
748 2172 836 2228 cum
868 2146 985 2231 multa
1002 2145 1074 2230 sint
1097 2144 1231 2229 eadem
1255 2168 1294 2227 et
1318 2171 1417 2256 quae
1432 2144 1518 2227 Pius
1552 2146 1776 2250 annotavit,
1795 2176 1857 2231 ce·
1950 2207 1951 2211 a

416 2289 573 2377 teraque
596 2263 801 2347 simillima:
831 2287 918 2348 tuae
935 2262 1153 2376 prudentiae
1185 2261 1457 2376 aequitatisque
1473 2255 1589 2347 fuerit
1608 2321 1622 2368 ,
1639 2289 1679 2350 ut
1701 2265 1858 2368 illorum,

417 2381 467 2465 sic
498 2405 536 2465 er
568 2380 674 2492 hujus
704 2381 980 2465 admonitiones
1011 2381 1049 2462 in
1076 2381 1217 2463 bonam
1245 2403 1389 2492 partem
1415 2377 1618 2492 accipere,
1640 2407 1680 2468 et
1711 2411 1734 2466 a
1764 2384 1860 2467 bono

418 2499 559 2613 pioque
584 2500 741 2602 anim0,
772 2527 850 2581 non
868 2502 917 2582 ab
941 2498 1145 2584 ambitione
1186 2520 1251 2581 aut
1280 2496 1545 2581 malevolentia
1577 2495 1769 2611 profectas
1782 2498 1861 2584 luis·

418 2646 458 2701 se
480 2639 623 2728 putare.
654 2615 776 2708 Quod
794 2616 822 2698 si
856 2611 1009 2720 feceris,
1046 2615 1168 2699 multo
1200 2609 1371 2726 profecto
1394 2614 1639 2699 commodius
1662 2619 1858 2733 tutiusque,

419 2735 487 2817 nisi
511 2761 571 2816 me
588 2734 769 2818 sententia
797 2729 915 2836 fallit,
943 2757 1014 2818 ruo
1031 2732 1174 2817 nomini
1200 2730 1302 2844 apud
1328 2732 1451 2816 bonos
1463 2760 1598 2818 omnes
1612 2758 1652 2817 et
1683 2738 1765 2849 pios
1780 2797 1792 2839 ,
1808 2759 1860 2819 at·

420 2878 498 2964 que
514 2852 760 2935 conscientiae
787 2849 1008 2964 animaeque
1026 2874 1114 2934 tuae
1140 2849 1347 2962 prospicies.
1378 2849 1596 2935 Praesertim
1614 2880 1706 2937 curn
1731 2852 1802 2964 iam
1823 2881 1860 2937 ta

422 2991 545 3051 aetate
574 2970 644 3071 sis,
675 2968 725 3053 ad
754 2994 871 3082 quam
903 2995 989 3052 cum
1007 2966 1270 3080 pervenimus,
1301 2965 1390 3050 nihil
1409 2967 1534 3083 ,magis
1557 2969 1623 3055 vel
1640 2970 1777 3073 decet,
1809 2969 1862 3056 vei

423 3085 600 3198 expedit,
630 3113 747 3200 quam
764 3084 891 3196 spretis
918 3086 1128 3168 rumoribus
1154 3081 1425 3197 populatibus,
1454 3084 1520 3199 qui
1549 3087 1763 3175 ambitiosis
1783 3115 1861 3171 con·
1902 3190 1906 3199 Ι

424 3203 654 3287 tentionibus
680 3200 867 3286 interdum
894 3201 1146 3316 colliguntur,
1179 3229 1224 3284 ea
1254 3201 1394 3285 cunctis
1425 3201 1560 3285 viribus
1590 3227 1715 3317 atque
1743 3207 1860 3318 opibus
1961 3199 1963 3216 i

412 3317 583 3423 curare,
609 3320 747 3452 quibus
781 3319 895 3430 paulo
927 3344 1013 3432 post
1039 3342 1204 3403 nostram
1234 3344 1383 3402 causam
1416 3349 1565 3403 summo
1600 3320 1719 3433 judici
1746 3324 1861 3436 probe·

424 3468 541 3541 mus,
574 3463 634 3523 cur
660 3434 749 3519 nihil
772 3435 889 3549 magis
914 3436 1072 3521 invisum
1105 3460 1160 3520 est
1187 3435 1367 3548 pervicaci
1391 3460 1458 3520 aut
1486 3437 1538 3519 sui
1559 3465 1752 3540 amante;
1785 3435 1860 3523 nibil

416 3554 566 3670 gratius
586 3555 761 3639 modesto
788 3554 944 3659 anim0,
975 3579 1014 3639 et
1041 3577 1162 3638 errata
1186 3581 1253 3637 sua
1275 3613 1288 3659 ,
1321 3578 1527 3668 utcumque
1556 3549 1672 3641 fuerit
1707 3554 1865 3644 admoni-

422 3699 510 3776 tus,
541 3696 780 3786 agnoscente.
1312 3771 1316 3779 Α

486 3790 617 3872 LXlll.
677 3788 764 3872 Nec
778 3785 876 3870 illam
899 3813 1026 3871 otram
1044 3785 1230 3905 negligere
1243 3785 1357 3873 debes
1371 3848 1382 3893 ,
1398 3788 1453 3874 vir
1469 3788 1669 3901 prudens,
1693 3817 1732 3876 et
1750 3817 1864 3907 poste
1955 3871 1956 3874 a

428 3906 526 3991 ritari
555 3905 753 4007 serviens,
776 3903 918 4019 quique
946 3903 1095 3989 minime
1123 3904 1237 3991 velles
1251 3928 1402 3991 tuarum
1426 3905 1636 4020 vigiliarum
1669 3907 1859 3996 lectionem

426 4024 604 4138 cuiquam
627 4021 819 4125 interdici,
835 4040 894 4106 'ne
910 4081 922 4124 ,
939 4021 967 4106 si
995 4022 1066 4106 hac
1081 4022 1255 4127 ratione,
1287 4051 1385 4138 quae
1403 4022 1463 4109 vel
1478 4022 1555 4109 sola
1572 4023 1611 4107 in
1635 4025 1708 4130 id,
1726 4027 1786 4113 vel
1807 4055 1867 4140 prr

428 4143 564 4226 tissima
589 4140 656 4225 tibi
685 4164 813 4254 patere
839 4139 1012 4243 viderur,
1043 4165 1196 4225 tuorum
1217 4142 1514 4227 obtrectatorum
1530 4143 1734 4228 conatibus
1754 4143 1867 4249 ,dum

362 4353 365 4357 ,
430 4258 544 4364 licet,
576 4286 656 4342 non
686 4255 913 4366 occurreris3
940 4257 1048 4373 quod
1077 4256 1125 4340 illi
1155 4283 1192 4343 te
1214 4258 1393 4362 vivente,
1426 4259 1492 4373 qui
1506 4285 1594 4345 tuos
1619 4260 1740 4347 libros
1758 4259 1867 4379 gratia

430 4401 470 4459 et
485 4375 705 4461 auctoritate
735 4374 872 4478 tueris,
896 4375 1039 4488 assequi
1063 4375 1327 4488 nequiverint,
1351 4376 1386 4461 id
1405 4400 1557 4462 mortuo
1574 4377 1798 4490 perficiant:
1814 4376 1869 4463 sds

429 4493 530 4578 enim
549 4519 646 4606 quos
678 4491 901 4597 crabrones,
922 4516 961 4577 et
985 4520 1103 4607 quam
1123 4493 1311 4578 interdum
1338 4494 1519 4610 propositi
1536 4495 1605 4605 ,sui
1619 4524 1775 4585 tenaces
1800 4496 1867 4580 irri-

430 4635 580 4698 tavent.

505 4725 644 4813 LXIV.
719 4726 843 4821 Quod
879 4753 972 4811 vero
997 4727 1046 4812 ad
1073 4754 1135 4812 me
1164 4726 1332 4832 attinet,
1372 4729 1439 4843 qui
1471 4758 1623 4815 causam
1672 4725 1862 4820 honestisl

431 4873 535 4932 ruam
553 4843 689 4934 summi
703 4845 799 4953 viri,
823 4867 863 4932 et
878 4842 927 4934 de
950 4872 1012 4932 me
1043 4845 1192 4963 optime
1206 4845 1326 4937 meriti
1350 4848 1498 4964 patroni
1512 4849 1700 4940 adversus
1728 4851 1861 4967 initam
1929 4943 1963 4959 ,Α

1802 4989 1868 5057 m„
