4050 5858
511 364 581 434 288
991 364 1426 438 DEMOCRATES

481 485 566 574 deo
584 550 596 593 ,
613 488 816 623 quomodo
841 511 941 574 recte
976 487 1090 603 possit
1118 488 1152 574 ei
1177 517 1265 574 cum
1293 487 1360 574 ista
1390 481 1587 574 elatione
1574 489 1689 574 animi
1705 547 1719 596 ,
1736 512 1840 608 quae
1864 514 1947 580 ma·

487 608 709 722 gnanimiras
725 607 884 714 dicitur,
900 632 939 692 et
962 607 1094 693 divitiis
1118 633 1316 722 tantopere
1342 607 1512 726 gaudet,
1528 607 1752 695 convenire

547 732 609 811 ΙΙΙ.
669 732 769 811 Dm.
807 732 869 811 De
895 724 1108 812 divitiarum
1126 726 1380 840 „Leopolde
1399 728 1700 841 paupertatisque
1719 726 1944 817 rationedi-

487 872 615 930 cemus
635 846 751 960 paulo
780 870 894 960 post:
913 874 1043 949 nune,
1061 875 1089 929 ιι
1078 844 1292 949 videtur,
1309 847 1357 931 de
1381 845 1588 931 humilitate
1613 846 1860 934 disseramus:
1877 878 1943 937 cu·

292 977 437 1036 ιιιιιιιιιι
439 992 476 1029 ιι·
432 963 542 1089 umjus
568 994 629 1049 me
659 990 942 1080 peropportune
966 906 1215 1049 admonuisti.
1248 969 1352 1048 Nam
1378 964 1425 1049 de
1451 964 1710 1100 magnitudine
1736 968 1849 1052 animi
1839 968 1942 1055 dis·

294 1058 385 1160 {all
368 1055 476 1151 iocatur
464 1107 690 1197 putantes,
709 1084 850 1167 nullam
868 1078 989 1167 faeere
1008 1082 1239 1168 mentionem
1260 1081 1502 1189 humilitatis,
1519 1083 1695 1171 vitiosum
1711 1079 1920 1173 fortasse
1883 1119 1938 1176 vr-

295 1168 473 1236 tstvfsllflm

295 1222 474 1356 ιιιιιιιιιιιιο
465 1202 624 1289 deatut
641 1202 803 1317 ,utique
825 1199 854 1285 si
869 1230 925 1288 res
946 1225 1080 1318 agatur
1096 1201 1190 1287 inter
1207 1201 1379 1286 homines
1394 1201 1625 1288 Christianos
1641 1205 1851 1319 ,aquibus
1865 1236 1941 1292 ma·

295 1345 418 1405 ιιιιιιι·
487 1322 585 1408 xime
610 1321 789 1408 virtutem
816 1321 913 1405 hanc
936 1321 1200 1427 nominatam,
1224 1320 1479 1436 inprimisque
1503 1320 1728 1407 celebratam
1757 1354 1838 1411 esse
1861 1352 1942 1412 cet-

487 1465 571 1527 tum
594 1466 649 1526 est
667 1503 679 1546 ,
696 1439 887 1526 vocabulo
902 1441 1089 1526 veteribus
1107 1439 1336 1555 philosophis
1352 1465 1436 1526 tum
1450 1439 1636 1545 Graecis,
1648 1466 1733 1526 tum
1747 1443 1863 1530 etiam
1878 1451 1944 1530 La·

489 1560 574 1645 rinis
599 1558 910 1695 propemodum
902 1584 1067 1694 ignoto.
1101 1561 1298 1653 Hebraeos
1326 1558 1428 1643 enim
1448 1558 1561 1645 video
1585 1586 1710 1675 neque
1736 1561 1816 1648 vim
1834 1562 1946 1676 hujus

491 1678 665 1785 virturis,
696 1707 820 1793 neque
851 1706 995 1762 nomen
1027 1677 1247 1792 ignorasse.
1236 1682 1413 1792 .1taque
1443 1676 1556 1763 ceteri
1591 1677 1647 1762 his
1680 1679 1801 1766 modo
1831 1681 1944 1769 rebus

490 1798 639 1912 proprie
670 1796 885 1883 tribuebant
919 1794 1193 1903 humilitatem,
1227 1799 1373 1882 Graece
1407 1797 1666 1900 ταπείνωσιιιρ
1702 1803 1943 1894 ταπειιοἽιτιι

489 1940 774 2032 nuncupatam,
790 1944 888 2031 quae
905 1913 1097 2030 depressae
1122 1858 1226 1998 huini
1250 1943 1383 2028 parum
1409 1942 1488 1999 sese
1512 1914 1551 1998 in
1570 1912 1727 1998 sublime
1754 1915 1944 2024 tollerent,

489 2061 536 2120 ut
564 2035 751 2176 myricas,
773 2036 1000 2150 arbustaque
1028 2058 1181 2138 cetera,
1211 2056 1251 2117 et
1282 2057 1477 2149 pastorum
1504 2060 1611 2116 casas
1632 2032 1788 2119 humiles
1821 2035 1947 2123 solent

490 2153 614 2238 Latini
632 2157 769 2268 po'e‘tae
794 2181 1038 2288 nuncupare:
1059 2176 1143 2238 tum
1168 2179 1234 2287 per
1256 2151 1538 2238 translationem
1554 2149 1722 2236 homines
1747 2181 1813 2238 eos
1830 2183 1945 2240 voca·

492 2273 587 2358 bant
609 2273 791 2405 humiles,
807 2271 875 2387 qui
894 2296 1016 2358 essent
1033 2271 1093 2358 vel
1120 2272 1249 2356 animo
1265 2270 1327 2358 vel
1347 2267 1500 2356 fortuna
1527 2268 1684 2382 dejecti:
1704 2273 1812 2386 quod
1827 2271 1935 2357 ad
1894 2303 1947 2359 vt

491 2390 680 2507 tuperium
702 2390 826 2506 potius
850 2414 892 2476 ιι
914 2390 1167 2476 infirmitatem
1183 2449 1196 2495 ‚
1215 2417 1333 2504 quam
1349 2388 1400 2475 ad
1422 2386 1574 2473 laudem
1590 2412 1629 2474 et
1650 2387 1829 2476 virtutem
1845 2386 1947 2478 refe·

491 2511 648 2596 rebant.
664 2508 867 2596 Christiani
883 2537 975 2596 vero
997 2509 1131 2598 divinis
1151 2535 1335 2593 sacrarum
1360 2507 1624 2622 scripturarum
1646 2507 1803 2594 oraculis
1819 2507 1946 2595 edocti

491 2627 750 2759 gravissimum
775 2654 1018 2764 peccatorum
1050 2656 1126 2714 esse
1155 2629 1395 2763 superbiam,
1412 2653 1527 2743 atque
1544 2627 1620 2713 hoc
1650 2627 1783 2713 scelere
1807 2651 1846 2713 et
1861 2627 1948 2713 lud·

491 2754 613 2832 lerum
636 2775 724 2832 cum
749 2747 820 2832 suis
837 2747 976 2880 angelis
996 2746 1205 2852 corruisse,
1227 2772 1266 2832 ιι
1290 2746 1452 2862 primum
1475 2746 1671 2832 hominem
1696 2776 1737 2832 se
1764 2776 1949 2862 suamque

412 2864 416 2877 ⁴
491 2865 748 2980 posteritatem
764 2865 998 2980 corrupisse,
1015 2863 1154 2950 nullam
1183 2892 1304 2980 aeque
1318 2864 1495 2953 virtutem
1512 2863 1682 2951 demirari
1710 2864 1948 2981 amplexique

491 3008 611 3088 sunt,
635 3011 680 3067 ac
703 3012 786 3068 eam
804 3046 816 3089 ,
832 3012 931 3098 quae
953 2984 1112 3070 maxime
1135 3011 1224 3069 eum
1248 2984 1325 3070 hoe
1349 2983 1499 3069 crimine
1529 3008 1745 3101 p‚ugnatet
1767 3008 1807 3070 et
1830 3012 1950 3098 quam

492 3101 532 3186 in
548 3045 701 3187 Clitisto
732 3130 776 3185 ac
806 3132 883 3214 ιιιιι
899 3102 1089 3217 Apostolis
1113 3100 1310 3188 clarissimo
1338 3100 1478 3188 lumine
1508 3017 1647 3188 bibisse
1676 3101 1949 3237 intelligebantt

494 3219 741 3306 humilitatem
765 3219 902 3306 idcirco
920 3248 1094 3309 vocatam
1111 3282 1124 3328 ,
1140 3220 1322 3356 quoniam
1343 3247 1387 3306 ut
1407 3221 1555 3335 superbi
1571 3282 1583 3328 ,
1599 3218 1818 3355 quidquid
1809 3250 1847 3305 ιιι
1867 3220 1951 3334 ipsis

494 3364 551 3424 est
577 3334 789 3444 facultatis,
806 3365 889 3426 tum
914 3341 1037 3427 verbis
1064 3363 1104 3425 et
1134 3340 1411 3447 ostentatione,
1432 3364 1516 3425 tum
1541 3339 1656 3426 etiam
1678 3337 1860 3455 opinione
1884 3366 1953 3422 ex

495 3481 720 3574 aggerantcs
741 3453 976 3565 efferuntur,
994 3488 1074 3545 non
1091 3458 1262 3544 homines
1283 3483 1433 3546 tantum
1451 3519 1464 3564 ,
1479 3456 1544 3543 scd
1557 3457 1700 3545 divinas
1719 3486 1831 3572 saepe
1850 3455 1952 3591 leges

497 3600 810 3681 contemnentes;
835 3576 885 3662 sic
917 3577 1073 3663 humiles
1104 3576 1277 3694 appellati
1304 3608 1455 3665 suarum
1485 3576 1777 3664 imbecillitatum
1804 3575 1953 3692 magis,

501 3722 619 3809 quam
637 3695 772 3782 virium
797 3723 982 3783 memores
1006 3697 1186 3782 cohibent
1211 3696 1326 3783 animi
1347 3724 1515 3784 tumores
1531 3700 1765 3812 ,Deumque
1788 3696 1952 3811 primum

503 3842 651 3898 summa
672 3814 809 3928 pietate
825 3812 957 3901 colunt
984 3839 1279 3931 reverenturque
1307 3840 1351 3902 ut
1375 3815 1497 3902 omnis
1511 3814 1656 3902 virtutis
1671 3839 1711 3901 et
1725 3840 1954 3901 camerorum

371 4002 373 4009 ,
505 3929 698 4017 bonorum
721 3956 943 4018 auctorem:
968 3934 1104 4021 deinde
1132 3935 1293 4050 angelos
1309 3963 1348 4021 er
1367 3934 1466 4021 cives
1492 3933 1654 4021 caelestis
1677 3932 1959 4047 Jerosolymae,

504 4071 588 4135 rum
618 4050 791 4136 homines
814 4054 959 4141 ceteros
975 4115 988 4160 ,
1003 4084 1086 4168 quo
1115 4082 1154 4138 ιι
1177 4077 1313 4167 purant
1338 4054 1477 4140 virntre
1501 4082 1735 4169 munereque
1761 4050 1832 4136 Dei
1848 4077 1956 4182 prae

507 4167 741 4275 stantiores,
771 4170 848 4254 hoc
878 4170 945 4256 sibi
976 4171 1189 4288 praeferunt
1220 4170 1362 4285 majore
1393 4171 1615 4258 intervallo·
1637 4170 1822 4257 humilitas
1854 4166 1955 4253 enim

506 4288 681 4399 quamvis
714 4313 835 4402 serpat
865 4289 978 4375 etiarn
1007 4292 1056 4376 ad
1072 4290 1280 4376 humanam
1308 4290 1549 4396 societatem,
1565 4288 1730 4427 primum
1758 4313 1893 4374 tamen
1915 4311 1957 4368 ac

508 4404 706 4518 praecipue
734 4431 901 4493 versatur
928 4409 967 4493 in
994 4409 1126 4496 divino
1150 4409 1287 4516 cultu,
1315 4434 1354 4494 et
1380 4438 1426 4495 ea
1454 4412 1690 4515 reverentia,
1709 4436 1800 4541 ‘qua
1823 4403 1956 4521 suppli-

506 4550 567 4606 ces
582 4527 708 4606 Deum
728 4552 948 4612 veneramur
969 4529 1237 4644 ,exiguitatem
1266 4554 1433 4614 nostram
1463 4553 1502 4614 et
1527 4526 1621 4612 illius
1646 4526 1879 4640 majestatem
1896 4550 1957 4639 ag·

508 4665 728 4727 noscentes
755 4643 851 4737 Quo
875 4639 1017 4729 factum
1046 4671 1130 4752 est,
1146 4671 1191 4731 ut
1217 4645 1336 4732 modo
1363 4646 1561 4753 dicebam,
1588 4674 1637 4731 ne
1661 4670 1741 4732 tam
1769 4642 1956 4758 praeclara

506 4759 626 4847 virtus
658 4757 768 4847 fuerit
801 4790 824 4845 a
851 4762 1036 4848 veteribus
1064 4707 1293 4879 philosophis
1321 4764 1535 4868 celebrata,
1561 4791 1707 4880 praeter
1736 4763 1958 4864 Platonem,

314 4901 409 4964 rua
507 4877 612 4991 cujus
639 4908 684 4966 ea
713 4881 829 4969 verba
857 4905 946 4967 sunt
976 4880 1016 4970 ἱιι
1047 4911 1162 4998 opere
1188 4880 1236 4970 de
1260 4883 1459 4995 Legibus:
1478 4885 1603 4975 Deum
1619 4880 1773 5000 ,inquit
1785 4941 1800 5004 ,
1816 4898 1963 4993 semper

1905 5020 1965 5085 αδ·
