4006 5850
494 357 567 428 424
864 340 931 410 DE
958 333 1079 411 ιιιιιι
1103 333 1245 406 nunt
1269 334 1334 404 nr
1358 334 1555 409 nrsnetrs

532 463 599 544 Xl.
659 460 861 576 Reliquum
877 485 962 567 est,
976 489 1019 549 ιιι
1043 461 1092 548 de
1116 456 1440 575 consanguinitate
1469 483 1507 544 et
1535 454 1765 547 affinitate
1754 458 1924 547 instituto

474 603 606 663 nostro
638 580 879 665 disseramus:
912 577 966 664 his
994 579 1094 665 enim
1121 578 1232 663 rebus
1257 575 1598 683 intercedentibus,
1623 578 1763 692 partim
1780 605 1929 664 natura

473 696 500 780 li
530 720 568 781 et
593 695 721 784 divino
739 755 753 799 ,
770 696 904 811 partim
921 695 1138 811 pontificio
1130 723 1207 807 pure
1223 693 1507 808 impediuntur,
1538 698 1718 830 nullaque
1747 721 1835 781 sunt
1853 726 1926 780 ma

306 892 406 940 canam
409 813 670 955 thmonia.
689 820 755 897 Est
785 840 911 901 autern
936 812 1239 948 consanguinitas
1272 812 1344 924 (ut
1370 813 1419 897 de
1454 811 1525 898 hac
1551 814 1651 927 prius
1668 814 1923 947 disputemus)

281 950 348 1000 „nas
372 898 461 996 lml.
477 932 675 1018 hominum
706 932 913 1016 abendam
940 932 1048 1046 stirpe
1074 931 1286 1045 propinqua
1316 957 1435 1043 genus
1450 958 1560 1013 suum
1593 931 1922 1044 repetentiumso·

477 1050 587 1135 cietas
611 1050 810 1135 naturalis:
837 1047 898 1136 hie
926 1073 983 1134 est
1015 1048 1115 1136 enim
1144 1047 1350 1135 intellectus
1371 1046 1546 1161 vulgatae
1562 1048 1839 1181 theologorum
1853 1047 1919 1132 de·

477 1167 677 1252 finitionis:
708 1167 774 1282 qui
804 1168 1172 1282 consanguinitatem
1204 1163 1396 1249 vinculum
1428 1193 1504 1248 esse
1542 1165 1648 1276 ajunt
1676 1193 1920 1279 personarum

476 1287 527 1369 ab
559 1286 696 1372 eodem
722 1284 842 1398 stipite
869 1283 1171 1375 descendentium
1201 1282 1340 1369 carnali
1374 1285 1647 1396 propagatione
1670 1308 1917 1368 contractum.

478 1406 573 1498 Quo
607 1403 688 1520 plus
716 1426 842 1486 autem
870 1401 1038 1487 minusve
1060 1400 1204 1517 quique
1232 1401 1282 1482 ab
1306 1427 1376 1500 ea,
1398 1429 1515 1511 quam
1533 1399 1688 1486 diximus
1698 1402 1845 1536 ,stirpe
1861 1400 1924 1485 dis

342 1558 352 1563 ·
476 1523 646 1624 cedunt,
677 1519 752 1602 hoc
783 1520 862 1633 plus
885 1519 1089 1607 autminus
1116 1519 1212 1603 inter
1248 1547 1286 1601 se
1317 1519 1639 1630 consanguinitate
1671 1519 1925 1634 contingunt.

476 1666 576 1752 quae
605 1635 795 1722 intervalla
823 1641 969 1745 gradus
997 1638 1117 1722 solent
1141 1665 1164 1719 a
1195 1632 1279 1747 juris
1295 1634 1552 1746 interpretibus
1585 1637 1797 1750 nuncupari
1817 1665 1925 1750 ,pro-

478 1780 609 1870 pterea
632 1755 742 1870 quod
774 1783 892 1870 genus
923 1755 970 1838 ab
999 1779 1151 1839 auctore
1183 1752 1239 1835 sui
1265 1779 1331 1864 per
1358 1751 1545 1864 quosdam
1570 1753 1675 1839 velut
1707 1754 1847 1870 gradus
1873 1751 1920 1837 ad

476 1874 731 1988 posteritatem
757 1872 971 1956 descendat
995 1873 1069 1957 Sed
1095 1868 1277 1986 quoniam
1311 1896 1390 1952 non
1431 1899 1563 1955 omnes
1591 1873 1772 1956 eodem
1762 1897 1857 1956 inter
1885 1898 1921 1955 se

477 1991 598 2075 modo
613 2014 811 2103 spectant,
835 1991 901 2074 sed
916 1989 974 2073 alii
1003 2013 1129 2093 recta,
1155 2014 1199 2071 ut
1225 2009 1358 2100 pater,
1374 1982 1493 2089 filius,
1509 2012 1548 2072 et
1562 2017 1720 2103 nepos·
1748 1990 1807 2073 alii
1832 2014 1925 2073 tam·

370 2111 374 2118 ”
477 2135 595 2222 quam
622 2136 668 2190 ex
682 2105 869 2219 obliquo,
898 2120 941 2190 ut
964 2104 1092 2191 fratres
1117 2130 1156 2190 ct
1185 2101 1427 2207 consobrini,
1457 2105 1518 2189 vel
1550 2107 1768 2220 patrueles,
1801 2103 1926 2219 etqui

479 2248 727 2339 sequuntur:
772 2223 910 2308 idcirco
937 2224 1081 2308 alteri
1073 2253 1110 2305 ιιι
1141 2246 1239 2308 recta
1277 2222 1373 2304 linea
1398 2219 1620 2309 descendere
1649 2224 1923 2327 ascendereve,

479 2341 584 2427 alteri
617 2341 806 2425 exlatere
840 2341 966 2427 venire
1001 2341 1190 2425 dicuntur.
1221 2342 1400 2422 Ceterum
1431 2365 1556 2453 quoto
1581 2342 1728 2456 quique
1744 2339 1885 2458 gradu
1879 2367 1927 2422 ιιι

479 2484 536 2544 ter
573 2489 612 2543 se
643 2459 868 2574 contingant
892 2486 959 2543 aut
990 2459 1168 2562 distent,
1206 2455 1243 2540 in
1272 2454 1582 2588 descendentibus
1611 2458 1772 2574 quidem
1805 2483 1925 2542 anta·

480 2576 742 2662 scendcntibus
772 2603 924 2660 nonest
954 2576 1157 2662 dissensio.
1191 2597 1338 2658 constat
1360 2571 1460 2657 enim
1487 2574 1603 2661 lilium
1632 2607 1655 2659 a
1687 2602 1798 2692 patre
1815 2575 1926 2691 primo

482 2696 605 2811 gradu
626 2691 813 2796 distare,
847 2719 1024 2808 nepotem
1054 2691 1218 2778 secundo
1251 2751 1264 2795 ,
1296 2718 1545 2805 pronepotem
1571 2694 1731 2800 tertio,
1772 2718 1814 2779 et
1838 2717 1929 2778 cete·

482 2841 545 2896 ros
574 2811 710 2895 eodem
725 2754 874 2915 modo,
904 2836 974 2896 nec
1006 2805 1146 2914 relerr,
1162 2807 1386 2893 ascendatne
1416 2838 1466 2892 an
1490 2812 1697 2896 descendat
1729 2837 1929 2898 connume-

483 2928 591 3014 randi
618 2930 738 3013 ratio:
760 2957 841 3042 quo
867 2929 966 3012 enim
997 2927 1116 3044 gradu
1145 2925 1237 3011 filius
1263 2957 1285 3009 a
1315 2949 1449 3040 patre,
1469 2930 1544 3013 hoc
1574 2959 1679 3043 pater
1696 2959 1721 3013 a
1737 2928 1816 3015 lilio
1835 2925 1930 3013 haud

485 3047 597 3133 dubie
626 3047 747 3131 distat.
772 3046 853 3142 Qui
876 3072 1003 3132 autem
1028 3046 1123 3130 inter
1148 3072 1188 3127 se
1210 3044 1319 3129 velut
1345 3044 1500 3158 obliqua
1524 3048 1857 3163 consanguinitate
1889 3074 1929 3130 cx

323 3198 362 3248 ts
377 3196 401 3244 ι·
417 3195 471 3237 aa
485 3165 598 3250 latere
621 3165 938 3280 coniunguntur,
972 3164 1110 3247 horum
1108 3160 1432 3360 propinquitatis
1463 3165 1601 3296 gradus
1635 3166 1745 3251 aliter
1781 3169 1832 3249 ab
1866 3162 1930 3247 aliis

294 3249 326 3298 ad
338 3260 364 3296 se
368 3248 433 3295 tl.enr

365 3366 368 3372 ,
485 3307 767 3415 computantur.
757 3281 930 3365 ‚Nam
922 3310 998 3394 pure
1023 3279 1118 3364 civili
1153 3302 1264 3362 ratres
1294 3308 1332 3361 m
1362 3280 1530 3368 secundo
1547 3281 1666 3416 gradu
1688 3282 1931 3381 collocantur,

245 3390 246 3414 ’
486 3399 549 3486 filii
572 3398 752 3485 fratrum
744 3428 781 3482 ιιι
796 3423 934 3535 quarto
952 3458 966 3502 ,
982 3423 1021 3483 et
1048 3422 1159 3482 ceten
1147 3394 1320 3480 '·eodem
1329 3399 1476 3482 modo:
1493 3399 1548 3483 his
1576 3400 1675 3485 enim
1702 3396 1953 3512 computatio*

488 3515 644 3603 efficitur
669 3547 734 3633 pcr
754 3516 922 3600 lineam
914 3544 1134 3612 incurvam
1166 3541 1266 3629 quae
1294 3515 1399 3600 verbi
1425 3515 1581 3632 gratiaa
1607 3515 1686 3600 lilio
1719 3513 1936 3630 profectas·

490 3637 632 3722 scendit
658 3637 708 3721 ad
739 3658 910 3747 patrem,
940 3658 979 3717 et
1005 3636 1053 3718 ab
1085 3633 1161 3717 hoc
1189 3661 1312 3716 rursus
1329 3632 1519 3718 descendit
1544 3633 1594 3719 ad
1626 3633 1791 3718 alterum
1808 3632 1935 3717 filium:

329 3792 368 3844 ιι
380 3791 405 3837 ι
420 3787 477 3839 ss
492 3757 594 3840 etsie
622 3778 682 3838 tot
708 3752 845 3869 gradus
870 3749 1048 3836 exsistunt
1068 3775 1192 3864 ,quot
1213 3772 1301 3834 sunt
1334 3774 1516 3861 personae
1547 3750 1617 3834 hac
1634 3750 1787 3836 tatione
1802 3779 1937 3836 connu-

299 3851 428 3903 'm‘
494 3896 684 3974 meratae,
704 3899 780 3953 una
795 3892 974 3982 excepta:
966 3897 1082 4068 pure
1099 3895 1190 3954 vero
1215 3864 1409 3982 pontificio
1440 3865 1568 3953 fratres
1604 3866 1750 3954 habent
1785 3871 1934 3997 primum

494 3988 692 4108 gradum
683 4012 777 4072 rnter
806 4015 874 4091 se,
902 3984 964 4069 filii
1007 4011 1147 4070 rutrum
1183 3987 1436 4090 secundum,
1465 4010 1503 4071 et
1540 3985 1618 4120 pari
1648 3985 1797 4071 tatione
1819 3981 1937 4069 ceteri

332 4196 362 4243 n
375 4133 436 4240 ’,ἥς
455 4199 481 4236 e
496 4116 552 4194 Ita
575 4104 638 4210 fit,
655 4130 697 4189 ut
712 4129 808 4220 quot
829 4103 971 4218 quique
995 4103 1206 4220 gradibusa
1230 4100 1424 4187 communi
1444 4103 1624 4217 principio
1639 4102 1849 4207 distant,
1827 4133 1856 4188 st
1869 4129 1937 4237 pa·

305 4249 447 4365 {aptas
442 4228 527 4318 e·ri
553 4222 748 4310 intervallo
773 4222 1030 4325 descendant,
1058 4244 1118 4307 tot
1149 4221 1243 4305 inter
1268 4250 1307 4306 se
1337 4221 1463 4305 abesse
1496 4221 1683 4306 dicantur.
1717 4165 1826 4305 Naris
1854 4251 1881 4306 ει
1869 4216 1939 4302 al·

302 4383 407 4423 ena-m
388 4376 484 4415 mmet
498 4371 556 4430 ter
583 4340 700 4425 altero
727 4339 880 4473 longius·
899 4339 1052 4441 abierit,
1082 4336 1159 4447 ejus
1174 4367 1278 4443 esse,
1298 4367 1378 4422 non
1396 4339 1577 4452 propioris
1595 4339 1817 4424 habendam
1834 4338 1938 4423 ratio-

302 4433 395 4484 inre-riu
380 4428 485 4477 uuir-c

306 4506 336 4557 g
323 4490 387 4538 as
360 4483 485 4536 aute
500 4491 588 4546 nem
614 4456 850 4593 placuit
815 4457 899 4541 uris
927 4456 1202 4562 eruditissimis,
1229 4484 1396 4571 quorum
1419 4479 1581 4543 veterem
1616 4455 1722 4542 velut
1739 4453 1934 4542 formulam

302 4563 398 4617 “⁵⁵¹'‘
369 4546 448 4596 ””’”
499 4577 706 4694 Gregorius
738 4602 860 4658 nonus
892 4573 1138 4659 confirmavit.

358 4670 399 4714 De
424 4677 487 4713 con·

190 4739 195 4755 ·
302 4741 374 4786 sang
381 4725 486 4775 erana.
558 4698 630 4781 Xll
686 4692 835 4787 Quibus
864 4691 972 4776 rebus
995 4692 1241 4797 constitutis,
1275 4692 1348 4802 jam
1379 4691 1419 4777 in
1449 4692 1584 4809 quibus
1612 4691 1939 4827 consanguinitatis

302 4789 344 4837 vir
357 4787 408 4846 qui:
419 4785 490 4835 etibi

177 4883 181 4892 .
302 4801 377 4910 ‚rasi
500 4816 697 4935 gradibus,
715 4836 754 4897 et
781 4840 862 4926 quo
875 4803 954 4924 jure
979 4811 1208 4897 connubia
1184 4835 1255 4896 srnt
1270 4811 1485 4927 prohibita,
1504 4810 1751 4986 dispiciamus.
1772 4811 1944 4929 Jureigi·

1889 4953 1941 5016 tut
