<?xml version="1.0" encoding="UTF-8"?>
<!DOCTYPE html PUBLIC "-//W3C//DTD XHTML 1.0 Transitional//EN"
    "http://www.w3.org/TR/xhtml1/DTD/xhtml1-transitional.dtd">
<html xmlns="http://www.w3.org/1999/xhtml" xml:lang="en" lang="en">
 <head>
  <title>
</title>
<meta http-equiv="Content-Type" content="text/html;charset=utf-8" />
  <meta name='ocr-system' content='tesseract 3.04.00' />
  <meta name='ocr-capabilities' content='ocr_page ocr_carea ocr_par ocr_line ocrx_word'/>
</head>
<body>
  <div class='ocr_page' id='page_1' title='image "./joannisgenesiis01sepgoog/joannisgenesiis01sepgoog_0127.png"; bbox 0 0 4140 5872; ppageno 0'>
   <div class='ocr_carea' id='block_1_1' title="bbox 133 432 1590 1204">
    <p class='ocr_par' dir='ltr' id='par_1_1' title="bbox 133 432 1590 1204">
     <span class='ocr_line' id='line_1_1' title="bbox 1268 432 1564 506; baseline -0.003 1"><span class='ocrx_word' id='word_1_1' title='bbox 1268 434 1274 440; x_wconf 79' lang='grc'><strong>’</strong></span> <span class='ocrx_word' id='word_1_2' title='bbox 1304 432 1313 443; x_wconf 78' lang='grc'>”</span> <span class='ocrx_word' id='word_1_3' title='bbox 1493 443 1564 506; x_wconf 74' lang='lat' dir='ltr'>&#39;aaa</span> 
     </span>
     <span class='ocr_line' id='line_1_2' title="bbox 133 618 1590 795; baseline -0.004 -41"><span class='ocrx_word' id='word_1_4' title='bbox 133 618 1590 795; x_wconf 77' lang='lat' dir='ltr'>JOANNISGENESH</span> 
     </span>
     <span class='ocr_line' id='line_1_3' title="bbox 439 878 1292 978; baseline -0.006 0"><span class='ocrx_word' id='word_1_5' title='bbox 439 878 827 978; x_wconf 75' lang='lat' dir='ltr'><strong>SEPULVEDAE</strong></span> <span class='ocrx_word' id='word_1_6' title='bbox 878 880 1292 976; x_wconf 76' lang='lat' dir='ltr'>CORDUBENsrs</span> 
     </span>
     <span class='ocr_line' id='line_1_4' title="bbox 281 1067 1434 1204; baseline -0.002 -10"><span class='ocrx_word' id='word_1_7' title='bbox 281 1110 377 1203; x_wconf 80' lang='lat' dir='ltr'>ou</span> <span class='ocrx_word' id='word_1_8' title='bbox 425 1107 676 1197; x_wconf 74' lang='lat' dir='ltr'>naono</span> <span class='ocrx_word' id='word_1_9' title='bbox 724 1109 816 1190; x_wconf 77' lang='lat' dir='ltr'>aa</span> <span class='ocrx_word' id='word_1_10' title='bbox 867 1067 1087 1191; x_wconf 62' lang='lat' dir='ltr'>u&#39;uo&#39;rs</span> <span class='ocrx_word' id='word_1_11' title='bbox 1134 1107 1434 1204; x_wconf 79' lang='lat' dir='ltr'>orrrcro</span> 
     </span>
    </p>
   </div>
   <div class='ocr_carea' id='block_1_2' title="bbox 523 1319 1202 1426">
    <p class='ocr_par' dir='ltr' id='par_1_2' title="bbox 523 1319 1202 1426">
     <span class='ocr_line' id='line_1_5' title="bbox 523 1319 1202 1426; baseline -0.003 0"><span class='ocrx_word' id='word_1_12' title='bbox 523 1323 738 1426; x_wconf 87' lang='lat' dir='ltr'><strong>LIBER</strong></span> <span class='ocrx_word' id='word_1_13' title='bbox 780 1319 1202 1426; x_wconf 86' lang='lat' dir='ltr'><strong>SECUNDUS.</strong></span> 
     </span>
    </p>
   </div>
   <div class='ocr_carea' id='block_1_3' title="bbox 72 1514 1777 4082">
    <p class='ocr_par' dir='ltr' id='par_1_3' title="bbox 136 1514 1581 1707">
     <span class='ocr_line' id='line_1_6' title="bbox 136 1514 1581 1707; baseline 0.003 -24"><span class='ocrx_word' id='word_1_14' title='bbox 136 1654 138 1657; x_wconf 27' lang='grc' dir='ltr'>ψ</span> <span class='ocrx_word' id='word_1_15' title='bbox 194 1601 224 1683; x_wconf 88' lang='lat'>1.</span> <span class='ocrx_word' id='word_1_16' title='bbox 268 1514 582 1691; x_wconf 83' lang='lat' dir='ltr'>DEINCEPS</span> <span class='ocrx_word' id='word_1_17' title='bbox 604 1592 653 1678; x_wconf 88' lang='lat' dir='ltr'>de</span> <span class='ocrx_word' id='word_1_18' title='bbox 667 1591 769 1707; x_wconf 89' lang='lat' dir='ltr'>regia</span> <span class='ocrx_word' id='word_1_19' title='bbox 783 1589 955 1707; x_wconf 81' lang='lat' dir='ltr'>civilique</span> <span class='ocrx_word' id='word_1_20' title='bbox 969 1589 1308 1701; x_wconf 79' lang='lat' dir='ltr'>administratione,</span> <span class='ocrx_word' id='word_1_21' title='bbox 1323 1617 1451 1683; x_wconf 89' lang='lat' dir='ltr'>utrum</span> <span class='ocrx_word' id='word_1_22' title='bbox 1471 1599 1581 1689; x_wconf 80' lang='lat' dir='ltr'>utrius</span> 
     </span>
    </p>

    <p class='ocr_par' dir='ltr' id='par_1_4' title="bbox 134 1710 1577 1828">
     <span class='ocr_line' id='line_1_7' title="bbox 134 1710 1577 1828; baseline 0.001 -25"><span class='ocrx_word' id='word_1_23' title='bbox 134 1713 296 1803; x_wconf 87' lang='lat' dir='ltr'>hominis</span> <span class='ocrx_word' id='word_1_24' title='bbox 319 1715 481 1800; x_wconf 89' lang='lat' dir='ltr'>arbitrio</span> <span class='ocrx_word' id='word_1_25' title='bbox 497 1740 538 1797; x_wconf 89' lang='lat' dir='ltr'>et</span> <span class='ocrx_word' id='word_1_26' title='bbox 560 1710 799 1815; x_wconf 82' lang='lat' dir='ltr'>auctoritati,</span> <span class='ocrx_word' id='word_1_27' title='bbox 821 1740 922 1826; x_wconf 88' lang='lat' dir='ltr'>quae</span> <span class='ocrx_word' id='word_1_28' title='bbox 952 1710 1095 1828; x_wconf 86' lang='lat' dir='ltr'>legibus</span> <span class='ocrx_word' id='word_1_29' title='bbox 1126 1738 1193 1798; x_wconf 90' lang='lat' dir='ltr'>aut</span> <span class='ocrx_word' id='word_1_30' title='bbox 1216 1715 1402 1821; x_wconf 90' lang='lat' dir='ltr'>omnino,</span> <span class='ocrx_word' id='word_1_31' title='bbox 1431 1743 1498 1803; x_wconf 92' lang='lat' dir='ltr'>aut</span> <span class='ocrx_word' id='word_1_32' title='bbox 1522 1747 1577 1805; x_wconf 90' lang='lat' dir='ltr'>re·</span> 
     </span>
    </p>

    <p class='ocr_par' dir='ltr' id='par_1_5' title="bbox 135 1828 1583 1948">
     <span class='ocr_line' id='line_1_8' title="bbox 135 1828 1583 1948; baseline 0.003 -28"><span class='ocrx_word' id='word_1_33' title='bbox 135 1858 196 1920; x_wconf 90' lang='lat' dir='ltr'>cte</span> <span class='ocrx_word' id='word_1_34' title='bbox 224 1835 400 1920; x_wconf 90' lang='lat' dir='ltr'>constitui</span> <span class='ocrx_word' id='word_1_35' title='bbox 426 1858 507 1917; x_wconf 91' lang='lat' dir='ltr'>non</span> <span class='ocrx_word' id='word_1_36' title='bbox 536 1853 721 1944; x_wconf 87' lang='lat' dir='ltr'>possunt,</span> <span class='ocrx_word' id='word_1_37' title='bbox 744 1857 795 1914; x_wconf 91' lang='lat' dir='ltr'>an</span> <span class='ocrx_word' id='word_1_38' title='bbox 823 1828 985 1944; x_wconf 90' lang='lat' dir='ltr'>plurium</span> <span class='ocrx_word' id='word_1_39' title='bbox 1014 1829 1167 1944; x_wconf 79' lang='lat' dir='ltr'>consilio</span> <span class='ocrx_word' id='word_1_40' title='bbox 1197 1857 1237 1917; x_wconf 92' lang='lat' dir='ltr'>et</span> <span class='ocrx_word' id='word_1_41' title='bbox 1263 1834 1483 1948; x_wconf 86' lang='lat' dir='ltr'>prudentiae</span> <span class='ocrx_word' id='word_1_42' title='bbox 1510 1835 1583 1925; x_wconf 91' lang='lat' dir='ltr'>sint</span> 
     </span>
    </p>

    <p class='ocr_par' dir='ltr' id='par_1_6' title="bbox 133 1946 1583 2067">
     <span class='ocr_line' id='line_1_9' title="bbox 133 1946 1583 2067; baseline 0.004 -32"><span class='ocrx_word' id='word_1_43' title='bbox 133 1949 175 2035; x_wconf 91' lang='lat' dir='ltr'>in</span> <span class='ocrx_word' id='word_1_44' title='bbox 203 1953 307 2037; x_wconf 91' lang='lat' dir='ltr'>bona</span> <span class='ocrx_word' id='word_1_45' title='bbox 342 1947 529 2067; x_wconf 85' lang='lat' dir='ltr'>republica</span> <span class='ocrx_word' id='word_1_46' title='bbox 557 1946 802 2062; x_wconf 90' lang='lat' dir='ltr'>relinquenda</span> <span class='ocrx_word' id='word_1_47' title='bbox 818 1947 1129 2061; x_wconf 71' lang='lat' dir='ltr'>,disputandum</span> <span class='ocrx_word' id='word_1_48' title='bbox 1155 1972 1244 2035; x_wconf 90' lang='lat' dir='ltr'>est.</span> <span class='ocrx_word' id='word_1_49' title='bbox 1279 1956 1364 2038; x_wconf 90' lang='lat' dir='ltr'>Nec</span> <span class='ocrx_word' id='word_1_50' title='bbox 1391 1952 1492 2038; x_wconf 90' lang='lat' dir='ltr'>enim</span> <span class='ocrx_word' id='word_1_51' title='bbox 1524 1983 1583 2041; x_wconf 88' lang='lat' dir='ltr'>res</span> 
     </span>
    </p>

    <p class='ocr_par' dir='ltr' id='par_1_7' title="bbox 134 2060 1777 2195">
     <span class='ocr_line' id='line_1_10' title="bbox 134 2060 1777 2195; baseline 0 -38"><span class='ocrx_word' id='word_1_52' title='bbox 134 2096 249 2157; x_wconf 86' lang='lat' dir='ltr'>vacat</span> <span class='ocrx_word' id='word_1_53' title='bbox 277 2068 559 2172; x_wconf 89' lang='lat' dir='ltr'>controversia,</span> <span class='ocrx_word' id='word_1_54' title='bbox 584 2066 613 2151; x_wconf 92' lang='lat' dir='ltr'>si</span> <span class='ocrx_word' id='word_1_55' title='bbox 639 2066 793 2180; x_wconf 89' lang='lat' dir='ltr'>quidem</span> <span class='ocrx_word' id='word_1_56' title='bbox 811 2060 859 2150; x_wconf 88' lang='lat' dir='ltr'>de</span> <span class='ocrx_word' id='word_1_57' title='bbox 889 2066 1037 2182; x_wconf 90' lang='lat' dir='ltr'>regibus</span> <span class='ocrx_word' id='word_1_58' title='bbox 1070 2074 1151 2152; x_wconf 88' lang='lat' dir='ltr'>non</span> <span class='ocrx_word' id='word_1_59' title='bbox 1178 2069 1381 2173; x_wconf 89' lang='lat' dir='ltr'>heroicae,</span> <span class='ocrx_word' id='word_1_60' title='bbox 1408 2073 1475 2158; x_wconf 91' lang='lat' dir='ltr'>sed</span> <span class='ocrx_word' id='word_1_61' title='bbox 1508 2075 1577 2159; x_wconf 90' lang='lat' dir='ltr'>usi·</span> <span class='ocrx_word' id='word_1_62' title='bbox 1596 2121 1711 2195; x_wconf 50' lang='lat' dir='ltr'>nm„</span> <span class='ocrx_word' id='word_1_63' title='bbox 1731 2136 1777 2178; x_wconf 43' lang='lat' dir='ltr'>ce,</span> 
     </span>
    </p>

    <p class='ocr_par' dir='ltr' id='par_1_8' title="bbox 135 2184 1774 2302">
     <span class='ocr_line' id='line_1_11' title="bbox 135 2184 1774 2302; baseline 0.004 -30"><span class='ocrx_word' id='word_1_64' title='bbox 135 2213 237 2274; x_wconf 90' lang='lat' dir='ltr'>tatae</span> <span class='ocrx_word' id='word_1_65' title='bbox 265 2189 439 2294; x_wconf 90' lang='lat' dir='ltr'>virturis,</span> <span class='ocrx_word' id='word_1_66' title='bbox 471 2184 684 2299; x_wconf 89' lang='lat' dir='ltr'>dequibus</span> <span class='ocrx_word' id='word_1_67' title='bbox 715 2210 818 2269; x_wconf 89' lang='lat' dir='ltr'>nunc</span> <span class='ocrx_word' id='word_1_68' title='bbox 846 2186 1065 2301; x_wconf 86' lang='lat' dir='ltr'>quaeritur,</span> <span class='ocrx_word' id='word_1_69' title='bbox 1084 2185 1312 2302; x_wconf 91' lang='lat' dir='ltr'>disputetur.</span> <span class='ocrx_word' id='word_1_70' title='bbox 1347 2190 1451 2273; x_wconf 89' lang='lat' dir='ltr'>Nam</span> <span class='ocrx_word' id='word_1_71' title='bbox 1488 2189 1580 2278; x_wconf 90' lang='lat' dir='ltr'>illud</span> <span class='ocrx_word' id='word_1_72' title='bbox 1597 2187 1774 2296; x_wconf 52' lang='lat' dir='ltr'>{ligem</span> 
     </span>
    </p>

    <p class='ocr_par' dir='ltr' id='par_1_9' title="bbox 133 2302 1774 2423">
     <span class='ocr_line' id='line_1_12' title="bbox 133 2302 1774 2423; baseline 0.004 -33"><span class='ocrx_word' id='word_1_73' title='bbox 133 2305 294 2392; x_wconf 86' lang='lat' dir='ltr'>&#39;dubium</span> <span class='ocrx_word' id='word_1_74' title='bbox 325 2329 518 2411; x_wconf 89' lang='lat' dir='ltr'>nonest,</span> <span class='ocrx_word' id='word_1_75' title='bbox 549 2305 644 2419; x_wconf 91' lang='lat' dir='ltr'>quin</span> <span class='ocrx_word' id='word_1_76' title='bbox 667 2332 826 2420; x_wconf 88' lang='lat' dir='ltr'>regnum</span> <span class='ocrx_word' id='word_1_77' title='bbox 860 2302 986 2389; x_wconf 89' lang='lat' dir='ltr'>ceteris</span> <span class='ocrx_word' id='word_1_78' title='bbox 1018 2305 1283 2419; x_wconf 88' lang='lat' dir='ltr'>rebuspublicis</span> <span class='ocrx_word' id='word_1_79' title='bbox 1314 2305 1435 2423; x_wconf 91' lang='lat' dir='ltr'>longo</span> <span class='ocrx_word' id='word_1_80' title='bbox 1466 2308 1578 2396; x_wconf 89' lang='lat' dir='ltr'>intet-</span> <span class='ocrx_word' id='word_1_81' title='bbox 1597 2305 1774 2366; x_wconf 47' lang='grc' dir='ltr'>ΝΜ·</span> 
     </span>
    </p>

    <p class='ocr_par' dir='ltr' id='par_1_10' title="bbox 136 2417 1580 2541">
     <span class='ocr_line' id='line_1_13' title="bbox 136 2417 1580 2541; baseline 0.003 -31"><span class='ocrx_word' id='word_1_82' title='bbox 136 2424 239 2511; x_wconf 85' lang='lat' dir='ltr'>vallo·</span> <span class='ocrx_word' id='word_1_83' title='bbox 261 2423 518 2541; x_wconf 88' lang='lat' dir='ltr'>praeferatur,</span> <span class='ocrx_word' id='word_1_84' title='bbox 535 2420 564 2507; x_wconf 92' lang='lat' dir='ltr'>si</span> <span class='ocrx_word' id='word_1_85' title='bbox 591 2433 655 2507; x_wconf 85' lang='lat' dir='ltr'>rex</span> <span class='ocrx_word' id='word_1_86' title='bbox 685 2422 735 2507; x_wconf 90' lang='lat' dir='ltr'>ad</span> <span class='ocrx_word' id='word_1_87' title='bbox 763 2417 926 2507; x_wconf 90' lang='lat' dir='ltr'>formam</span> <span class='ocrx_word' id='word_1_88' title='bbox 946 2421 1219 2508; x_wconf 83' lang='lat' dir='ltr'>Aristotelicum</span> <span class='ocrx_word' id='word_1_89' title='bbox 1250 2424 1478 2541; x_wconf 90' lang='lat' dir='ltr'>contingat,</span> <span class='ocrx_word' id='word_1_90' title='bbox 1503 2427 1580 2515; x_wconf 93' lang='lat' dir='ltr'>hoc</span> 
     </span>
    </p>

    <p class='ocr_par' dir='ltr' id='par_1_11' title="bbox 72 2535 1579 2661">
     <span class='ocr_line' id='line_1_14' title="bbox 72 2535 1579 2661; baseline 0.003 -34"><span class='ocrx_word' id='word_1_91' title='bbox 72 2575 76 2578; x_wconf 58' lang='grc'>’</span> <span class='ocrx_word' id='word_1_92' title='bbox 134 2567 220 2648; x_wconf 92' lang='lat' dir='ltr'>est,</span> <span class='ocrx_word' id='word_1_93' title='bbox 245 2544 273 2628; x_wconf 89' lang='lat' dir='ltr'>si</span> <span class='ocrx_word' id='word_1_94' title='bbox 304 2545 503 2661; x_wconf 89' lang='lat' dir='ltr'>prudentia</span> <span class='ocrx_word' id='word_1_95' title='bbox 520 2564 570 2642; x_wconf 87' lang='lat' dir='ltr'>et</span> <span class='ocrx_word' id='word_1_96' title='bbox 584 2540 722 2629; x_wconf 87' lang='lat' dir='ltr'>virtute</span> <span class='ocrx_word' id='word_1_97' title='bbox 750 2566 793 2624; x_wconf 87' lang='lat' dir='ltr'>ac</span> <span class='ocrx_word' id='word_1_98' title='bbox 822 2539 929 2625; x_wconf 90' lang='lat' dir='ltr'>omni</span> <span class='ocrx_word' id='word_1_99' title='bbox 943 2539 1037 2625; x_wconf 91' lang='lat' dir='ltr'>civili</span> <span class='ocrx_word' id='word_1_100' title='bbox 1073 2535 1250 2626; x_wconf 77' lang='lat' dir='ltr'>facultate</span> <span class='ocrx_word' id='word_1_101' title='bbox 1277 2567 1420 2628; x_wconf 90' lang='lat' dir='ltr'>ceteros</span> <span class='ocrx_word' id='word_1_102' title='bbox 1445 2573 1579 2633; x_wconf 91' lang='lat' dir='ltr'>omnes</span> 
     </span>
    </p>

    <p class='ocr_par' dir='ltr' id='par_1_12' title="bbox 136 2657 1578 2779">
     <span class='ocr_line' id='line_1_15' title="bbox 136 2657 1578 2779; baseline 0.008 -37"><span class='ocrx_word' id='word_1_103' title='bbox 136 2660 359 2769; x_wconf 90' lang='lat' dir='ltr'>antecellat,</span> <span class='ocrx_word' id='word_1_104' title='bbox 381 2662 490 2779; x_wconf 91' lang='lat' dir='ltr'>quod</span> <span class='ocrx_word' id='word_1_105' title='bbox 514 2659 635 2774; x_wconf 85' lang='lat' dir='ltr'>optari</span> <span class='ocrx_word' id='word_1_106' title='bbox 667 2657 783 2774; x_wconf 90' lang='lat' dir='ltr'>magis</span> <span class='ocrx_word' id='word_1_107' title='bbox 807 2683 957 2772; x_wconf 88' lang='lat' dir='ltr'>potest,</span> <span class='ocrx_word' id='word_1_108' title='bbox 979 2687 1095 2773; x_wconf 90' lang='lat' dir='ltr'>quarn</span> <span class='ocrx_word' id='word_1_109' title='bbox 1129 2659 1290 2774; x_wconf 88' lang='lat' dir='ltr'>sperari,</span> <span class='ocrx_word' id='word_1_110' title='bbox 1316 2685 1578 2779; x_wconf 87' lang='lat' dir='ltr'>praeterquam</span> 
     </span>
    </p>

    <p class='ocr_par' dir='ltr' id='par_1_13' title="bbox 136 2775 1578 2898">
     <span class='ocr_line' id='line_1_16' title="bbox 136 2775 1578 2898; baseline 0.006 -37"><span class='ocrx_word' id='word_1_111' title='bbox 136 2775 318 2896; x_wconf 85' lang='lat' dir='ltr'>ingente</span> <span class='ocrx_word' id='word_1_112' title='bbox 348 2780 472 2898; x_wconf 88' lang='lat' dir='ltr'>aliqua</span> <span class='ocrx_word' id='word_1_113' title='bbox 503 2777 678 2882; x_wconf 88' lang='lat' dir='ltr'>inculta,</span> <span class='ocrx_word' id='word_1_114' title='bbox 709 2777 843 2893; x_wconf 82' lang='lat' dir='ltr'>agresti</span> <span class='ocrx_word' id='word_1_115' title='bbox 873 2803 913 2863; x_wconf 94' lang='lat' dir='ltr'>et</span> <span class='ocrx_word' id='word_1_116' title='bbox 950 2775 1135 2882; x_wconf 85' lang='lat' dir='ltr'>barbara,</span> <span class='ocrx_word' id='word_1_117' title='bbox 1164 2777 1292 2892; x_wconf 90' lang='lat' dir='ltr'>quales</span> <span class='ocrx_word' id='word_1_118' title='bbox 1331 2778 1471 2866; x_wconf 89' lang='lat' dir='ltr'>multae</span> <span class='ocrx_word' id='word_1_119' title='bbox 1505 2785 1578 2896; x_wconf 90' lang='lat' dir='ltr'>pti·</span> 
     </span>
    </p>

    <p class='ocr_par' dir='ltr' id='par_1_14' title="bbox 133 2893 1577 3011">
     <span class='ocr_line' id='line_1_17' title="bbox 133 2893 1577 3011; baseline 0.006 -31"><span class='ocrx_word' id='word_1_120' title='bbox 133 2895 200 2981; x_wconf 89' lang='lat' dir='ltr'>scis</span> <span class='ocrx_word' id='word_1_121' title='bbox 229 2898 459 3011; x_wconf 89' lang='lat' dir='ltr'>temporibus</span> <span class='ocrx_word' id='word_1_122' title='bbox 483 2895 591 2982; x_wconf 83' lang='lat' dir='ltr'>fuisse</span> <span class='ocrx_word' id='word_1_123' title='bbox 619 2919 906 2980; x_wconf 85' lang='lat' dir='ltr'>memorantur.</span> <span class='ocrx_word' id='word_1_124' title='bbox 941 2893 1085 2979; x_wconf 86' lang='lat' dir='ltr'>Idcirco</span> <span class='ocrx_word' id='word_1_125' title='bbox 1114 2894 1215 2980; x_wconf 90' lang='lat' dir='ltr'>enim</span> <span class='ocrx_word' id='word_1_126' title='bbox 1242 2894 1338 2980; x_wconf 88' lang='lat' dir='ltr'>circa</span> <span class='ocrx_word' id='word_1_127' title='bbox 1364 2926 1488 2983; x_wconf 91' lang='lat' dir='ltr'>terum</span> <span class='ocrx_word' id='word_1_128' title='bbox 1515 2902 1577 2989; x_wconf 82' lang='lat' dir='ltr'>ini·</span> 
     </span>
    </p>

    <p class='ocr_par' dir='ltr' id='par_1_15' title="bbox 133 3012 1586 3130">
     <span class='ocr_line' id='line_1_18' title="bbox 133 3012 1577 3130; baseline -0.001 -23"><span class='ocrx_word' id='word_1_129' title='bbox 133 3012 186 3107; x_wconf 86' lang='lat' dir='ltr'>tia</span> <span class='ocrx_word' id='word_1_130' title='bbox 215 3012 387 3102; x_wconf 89' lang='lat' dir='ltr'>homines</span> <span class='ocrx_word' id='word_1_131' title='bbox 421 3013 498 3102; x_wconf 88' lang='lat' dir='ltr'>fere</span> <span class='ocrx_word' id='word_1_132' title='bbox 526 3014 682 3128; x_wconf 87' lang='lat' dir='ltr'>imperio</span> <span class='ocrx_word' id='word_1_133' title='bbox 713 3013 818 3130; x_wconf 89' lang='lat' dir='ltr'>regio</span> <span class='ocrx_word' id='word_1_134' title='bbox 849 3012 1060 3128; x_wconf 86' lang='lat' dir='ltr'>parebant,</span> <span class='ocrx_word' id='word_1_135' title='bbox 1091 3013 1180 3127; x_wconf 91' lang='lat' dir='ltr'>quia</span> <span class='ocrx_word' id='word_1_136' title='bbox 1219 3013 1257 3097; x_wconf 91' lang='lat' dir='ltr'>in</span> <span class='ocrx_word' id='word_1_137' title='bbox 1289 3014 1348 3101; x_wconf 91' lang='lat' dir='ltr'>illa</span> <span class='ocrx_word' id='word_1_138' title='bbox 1377 3016 1577 3106; x_wconf 91' lang='lat' dir='ltr'>hominum</span> 
     </span>
    </p>

    <p class='ocr_par' dir='ltr' id='par_1_16' title="bbox 131 3129 1578 3253">
     <span class='ocr_line' id='line_1_19' title="bbox 131 3129 1578 3253; baseline 0.008 -39"><span class='ocrx_word' id='word_1_139' title='bbox 131 3132 319 3245; x_wconf 91' lang='lat' dir='ltr'>paucitate</span> <span class='ocrx_word' id='word_1_140' title='bbox 345 3134 495 3222; x_wconf 88' lang='lat' dir='ltr'>vicatim</span> <span class='ocrx_word' id='word_1_141' title='bbox 523 3157 563 3221; x_wconf 93' lang='lat' dir='ltr'>et</span> <span class='ocrx_word' id='word_1_142' title='bbox 583 3130 749 3250; x_wconf 84' lang='lat' dir='ltr'>pagatim</span> <span class='ocrx_word' id='word_1_143' title='bbox 780 3129 1027 3217; x_wconf 81' lang='lat' dir='ltr'>habitantium</span> <span class='ocrx_word' id='word_1_144' title='bbox 1055 3130 1229 3244; x_wconf 89' lang='lat' dir='ltr'>perpauci</span> <span class='ocrx_word' id='word_1_145' title='bbox 1247 3133 1495 3241; x_wconf 85' lang='lat' dir='ltr'>exsistebant,</span> <span class='ocrx_word' id='word_1_146' title='bbox 1511 3138 1578 3253; x_wconf 91' lang='lat' dir='ltr'>qui</span> 
     </span>
    </p>

    <p class='ocr_par' dir='ltr' id='par_1_17' title="bbox 130 3244 1577 3368">
     <span class='ocr_line' id='line_1_20' title="bbox 130 3244 1577 3368; baseline 0.003 -32"><span class='ocrx_word' id='word_1_147' title='bbox 130 3276 253 3338; x_wconf 88' lang='lat' dir='ltr'>essent</span> <span class='ocrx_word' id='word_1_148' title='bbox 283 3252 423 3340; x_wconf 86' lang='lat' dir='ltr'>virtute</span> <span class='ocrx_word' id='word_1_149' title='bbox 454 3279 570 3368; x_wconf 91' lang='lat' dir='ltr'>atque</span> <span class='ocrx_word' id='word_1_150' title='bbox 602 3248 832 3366; x_wconf 88' lang='lat' dir='ltr'>prudentia,</span> <span class='ocrx_word' id='word_1_151' title='bbox 859 3278 959 3366; x_wconf 93' lang='lat' dir='ltr'>quae</span> <span class='ocrx_word' id='word_1_152' title='bbox 997 3244 1152 3334; x_wconf 87' lang='lat' dir='ltr'>facultas</span> <span class='ocrx_word' id='word_1_153' title='bbox 1179 3249 1290 3335; x_wconf 83' lang='lat' dir='ltr'>civilis</span> <span class='ocrx_word' id='word_1_154' title='bbox 1313 3252 1476 3361; x_wconf 88' lang='lat' dir='ltr'>dicitur,</span> <span class='ocrx_word' id='word_1_155' title='bbox 1501 3286 1577 3341; x_wconf 90' lang='lat' dir='ltr'>ma·</span> 
     </span>
    </p>

    <p class='ocr_par' dir='ltr' id='par_1_18' title="bbox 128 3366 1574 3488">
     <span class='ocr_line' id='line_1_21' title="bbox 128 3366 1574 3488; baseline 0.003 -34"><span class='ocrx_word' id='word_1_156' title='bbox 128 3398 298 3486; x_wconf 88' lang='lat' dir='ltr'>gnopete</span> <span class='ocrx_word' id='word_1_157' title='bbox 327 3373 378 3458; x_wconf 87' lang='lat' dir='ltr'>ad</span> <span class='ocrx_word' id='word_1_158' title='bbox 409 3369 669 3488; x_wconf 89' lang='lat' dir='ltr'>imperandum</span> <span class='ocrx_word' id='word_1_159' title='bbox 694 3369 889 3454; x_wconf 85' lang='lat' dir='ltr'>instructi.</span> <span class='ocrx_word' id='word_1_160' title='bbox 917 3372 1052 3454; x_wconf 89' lang='lat' dir='ltr'>Postea</span> <span class='ocrx_word' id='word_1_161' title='bbox 1080 3395 1173 3454; x_wconf 87' lang='lat' dir='ltr'>veto</span> <span class='ocrx_word' id='word_1_162' title='bbox 1206 3366 1414 3456; x_wconf 87' lang='lat' dir='ltr'>civitatibus</span> <span class='ocrx_word' id='word_1_163' title='bbox 1440 3375 1574 3460; x_wconf 90' lang='lat' dir='ltr'>consti·</span> 
     </span>
    </p>

    <p class='ocr_par' dir='ltr' id='par_1_19' title="bbox 130 3485 1574 3604">
     <span class='ocr_line' id='line_1_22' title="bbox 130 3485 1574 3604; baseline 0.001 -31"><span class='ocrx_word' id='word_1_164' title='bbox 130 3488 219 3574; x_wconf 90' lang='lat' dir='ltr'>tutis</span> <span class='ocrx_word' id='word_1_165' title='bbox 244 3514 284 3592; x_wconf 85' lang='lat' dir='ltr'>et</span> <span class='ocrx_word' id='word_1_166' title='bbox 315 3491 460 3596; x_wconf 89' lang='lat' dir='ltr'>auctis,</span> <span class='ocrx_word' id='word_1_167' title='bbox 490 3519 577 3575; x_wconf 92' lang='lat' dir='ltr'>cum</span> <span class='ocrx_word' id='word_1_168' title='bbox 612 3486 718 3572; x_wconf 88' lang='lat' dir='ltr'>multi</span> <span class='ocrx_word' id='word_1_169' title='bbox 746 3512 898 3592; x_wconf 89' lang='lat' dir='ltr'>essent,</span> <span class='ocrx_word' id='word_1_170' title='bbox 930 3514 1097 3601; x_wconf 90' lang='lat' dir='ltr'>quorum</span> <span class='ocrx_word' id='word_1_171' title='bbox 1126 3485 1281 3573; x_wconf 90' lang='lat' dir='ltr'>virtutes</span> <span class='ocrx_word' id='word_1_172' title='bbox 1317 3490 1452 3604; x_wconf 87' lang='lat' dir='ltr'>pariter</span> <span class='ocrx_word' id='word_1_173' title='bbox 1485 3491 1574 3575; x_wconf 89' lang='lat' dir='ltr'>emi·</span> 
     </span>
    </p>

    <p class='ocr_par' dir='ltr' id='par_1_20' title="bbox 131 3603 1573 3724">
     <span class='ocr_line' id='line_1_23' title="bbox 131 3603 1573 3724; baseline 0.002 -35"><span class='ocrx_word' id='word_1_174' title='bbox 131 3629 292 3711; x_wconf 87' lang='lat' dir='ltr'>nerent,</span> <span class='ocrx_word' id='word_1_175' title='bbox 322 3637 549 3724; x_wconf 86' lang='lat' dir='ltr'>nonaequo</span> <span class='ocrx_word' id='word_1_176' title='bbox 573 3605 701 3691; x_wconf 86' lang='lat' dir='ltr'>arrimo</span> <span class='ocrx_word' id='word_1_177' title='bbox 730 3632 847 3722; x_wconf 90' lang='lat' dir='ltr'>regna</span> <span class='ocrx_word' id='word_1_178' title='bbox 871 3603 1108 3690; x_wconf 87' lang='lat' dir='ltr'>tolerabant:</span> <span class='ocrx_word' id='word_1_179' title='bbox 1137 3605 1188 3691; x_wconf 89' lang='lat' dir='ltr'>ita</span> <span class='ocrx_word' id='word_1_180' title='bbox 1221 3635 1270 3691; x_wconf 91' lang='lat' dir='ltr'>ne</span> <span class='ocrx_word' id='word_1_181' title='bbox 1294 3635 1386 3721; x_wconf 89' lang='lat' dir='ltr'>par.</span> <span class='ocrx_word' id='word_1_182' title='bbox 1402 3609 1441 3690; x_wconf 89' lang='lat' dir='ltr'>in</span> <span class='ocrx_word' id='word_1_183' title='bbox 1468 3636 1573 3721; x_wconf 91' lang='lat' dir='ltr'>pates</span> 
     </span>
    </p>

    <p class='ocr_par' dir='ltr' id='par_1_21' title="bbox 129 3723 1574 3842">
     <span class='ocr_line' id='line_1_24' title="bbox 129 3723 1574 3842; baseline 0.002 -33"><span class='ocrx_word' id='word_1_184' title='bbox 129 3749 354 3838; x_wconf 89' lang='lat' dir='ltr'>perpetuum</span> <span class='ocrx_word' id='word_1_185' title='bbox 377 3727 574 3842; x_wconf 88' lang='lat' dir='ltr'>imperium</span> <span class='ocrx_word' id='word_1_186' title='bbox 589 3723 802 3828; x_wconf 87' lang='lat' dir='ltr'>obtineret,</span> <span class='ocrx_word' id='word_1_187' title='bbox 821 3723 1087 3837; x_wconf 88' lang='lat' dir='ltr'>rempublicam</span> <span class='ocrx_word' id='word_1_188' title='bbox 1111 3724 1387 3810; x_wconf 85' lang='lat' dir='ltr'>constinrerunt</span> <span class='ocrx_word' id='word_1_189' title='bbox 1403 3786 1414 3830; x_wconf 94' lang='lat'>,</span> <span class='ocrx_word' id='word_1_190' title='bbox 1432 3723 1497 3808; x_wconf 92' lang='lat' dir='ltr'>ubi</span> <span class='ocrx_word' id='word_1_191' title='bbox 1511 3755 1574 3841; x_wconf 90' lang='lat' dir='ltr'>pa·</span> 
     </span>
    </p>

    <p class='ocr_par' dir='ltr' id='par_1_22' title="bbox 131 3840 1767 4082">
     <span class='ocr_line' id='line_1_25' title="bbox 131 3840 1767 3964; baseline 0.001 -37"><span class='ocrx_word' id='word_1_192' title='bbox 131 3840 239 3928; x_wconf 91' lang='lat' dir='ltr'>tendi</span> <span class='ocrx_word' id='word_1_193' title='bbox 265 3866 304 3926; x_wconf 92' lang='lat' dir='ltr'>et</span> <span class='ocrx_word' id='word_1_194' title='bbox 329 3843 536 3959; x_wconf 90' lang='lat' dir='ltr'>imperandi</span> <span class='ocrx_word' id='word_1_195' title='bbox 557 3840 769 3929; x_wconf 90' lang='lat' dir='ltr'>vicissitudo</span> <span class='ocrx_word' id='word_1_196' title='bbox 790 3841 962 3957; x_wconf 90' lang='lat' dir='ltr'>aequales</span> <span class='ocrx_word' id='word_1_197' title='bbox 989 3840 1135 3956; x_wconf 88' lang='lat' dir='ltr'>aequali</span> <span class='ocrx_word' id='word_1_198' title='bbox 1158 3844 1236 3956; x_wconf 83' lang='lat' dir='ltr'>jure</span> <span class='ocrx_word' id='word_1_199' title='bbox 1251 3844 1480 3928; x_wconf 85' lang='lat' dir='ltr'>contineret.</span> <span class='ocrx_word' id='word_1_200' title='bbox 1586 3901 1767 3964; x_wconf 64' lang='lat'>,„,„„„‚,„‚</span> 
     </span>
     <span class='ocr_line' id='line_1_26' title="bbox 186 3959 1765 4082; baseline 0.002 -38"><span class='ocrx_word' id='word_1_201' title='bbox 186 3964 233 4044; x_wconf 86' lang='lat'>11.</span> <span class='ocrx_word' id='word_1_202' title='bbox 295 3963 386 4047; x_wconf 88' lang='lat' dir='ltr'>Hoc</span> <span class='ocrx_word' id='word_1_203' title='bbox 411 3961 521 4079; x_wconf 86' lang='lat' dir='ltr'>igitur</span> <span class='ocrx_word' id='word_1_204' title='bbox 547 3960 586 4045; x_wconf 91' lang='lat' dir='ltr'>in</span> <span class='ocrx_word' id='word_1_205' title='bbox 614 3960 919 4082; x_wconf 89' lang='lat' dir='ltr'>controversiam</span> <span class='ocrx_word' id='word_1_206' title='bbox 939 3960 1072 4064; x_wconf 90' lang='lat' dir='ltr'>venit,</span> <span class='ocrx_word' id='word_1_207' title='bbox 1098 3961 1126 4042; x_wconf 91' lang='lat' dir='ltr'>si</span> <span class='ocrx_word' id='word_1_208' title='bbox 1150 3960 1259 4074; x_wconf 89' lang='lat' dir='ltr'>copia</span> <span class='ocrx_word' id='word_1_209' title='bbox 1289 3960 1335 4045; x_wconf 91' lang='lat' dir='ltr'>sit</span> <span class='ocrx_word' id='word_1_210' title='bbox 1364 3959 1404 4044; x_wconf 90' lang='lat' dir='ltr'>in</span> <span class='ocrx_word' id='word_1_211' title='bbox 1433 3990 1572 4080; x_wconf 90' lang='lat' dir='ltr'>magna</span> <span class='ocrx_word' id='word_1_212' title='bbox 1587 3962 1765 4013; x_wconf 61' lang='lat' dir='ltr'>¹¹⁰⁰²⁸fb³ffi⁰</span> 
     </span>
    </p>
   </div>
   <div class='ocr_carea' id='block_1_4' title="bbox 1587 4023 1766 4072">
    <p class='ocr_par' dir='ltr' id='par_1_23' title="bbox 1587 4023 1766 4072">
     <span class='ocr_line' id='line_1_27' title="bbox 1587 4023 1766 4072; baseline 0.011 -2"><span class='ocrx_word' id='word_1_213' title='bbox 1587 4023 1676 4071; x_wconf 86' lang='lat' dir='ltr'>mellus</span> <span class='ocrx_word' id='word_1_214' title='bbox 1712 4037 1766 4072; x_wconf 83' lang='lat' dir='ltr'>res·</span> 
     </span>
    </p>
   </div>
   <div class='ocr_carea' id='block_1_5' title="bbox 124 4077 1765 5026">
    <p class='ocr_par' dir='ltr' id='par_1_24' title="bbox 126 4077 1765 4315">
     <span class='ocr_line' id='line_1_28' title="bbox 128 4077 1765 4198; baseline 0.002 -37"><span class='ocrx_word' id='word_1_215' title='bbox 128 4077 277 4165; x_wconf 90' lang='lat' dir='ltr'>civitate</span> <span class='ocrx_word' id='word_1_216' title='bbox 305 4106 373 4166; x_wconf 89' lang='lat' dir='ltr'>aut</span> <span class='ocrx_word' id='word_1_217' title='bbox 405 4106 520 4198; x_wconf 87' lang='lat' dir='ltr'>genre</span> <span class='ocrx_word' id='word_1_218' title='bbox 543 4078 712 4165; x_wconf 89' lang='lat' dir='ltr'>virorum</span> <span class='ocrx_word' id='word_1_219' title='bbox 741 4078 820 4194; x_wconf 90' lang='lat' dir='ltr'>pari</span> <span class='ocrx_word' id='word_1_220' title='bbox 845 4077 983 4164; x_wconf 90' lang='lat' dir='ltr'>virtute</span> <span class='ocrx_word' id='word_1_221' title='bbox 1012 4101 1051 4162; x_wconf 90' lang='lat' dir='ltr'>et</span> <span class='ocrx_word' id='word_1_222' title='bbox 1072 4078 1249 4193; x_wconf 87' lang='lat' dir='ltr'>sapientia</span> <span class='ocrx_word' id='word_1_223' title='bbox 1275 4080 1572 4192; x_wconf 87' lang='lat' dir='ltr'>praestantium,</span> <span class='ocrx_word' id='word_1_224' title='bbox 1586 4082 1765 4192; x_wconf 48' lang='lat' dir='ltr'>ffilffle</span> 
     </span>
     <span class='ocr_line' id='line_1_29' title="bbox 126 4193 1571 4315; baseline 0.003 -36"><span class='ocrx_word' id='word_1_225' title='bbox 126 4219 258 4280; x_wconf 90' lang='lat' dir='ltr'>utrum</span> <span class='ocrx_word' id='word_1_226' title='bbox 281 4198 518 4284; x_wconf 90' lang='lat' dir='ltr'>commodius</span> <span class='ocrx_word' id='word_1_227' title='bbox 546 4222 585 4283; x_wconf 88' lang='lat' dir='ltr'>er</span> <span class='ocrx_word' id='word_1_228' title='bbox 612 4196 730 4315; x_wconf 83' lang='lat' dir='ltr'>magis</span> <span class='ocrx_word' id='word_1_229' title='bbox 755 4225 777 4282; x_wconf 90' lang='lat' dir='ltr'>e</span> <span class='ocrx_word' id='word_1_230' title='bbox 805 4198 914 4284; x_wconf 92' lang='lat' dir='ltr'>bono</span> <span class='ocrx_word' id='word_1_231' title='bbox 943 4193 1094 4310; x_wconf 86' lang='lat' dir='ltr'>publico</span> <span class='ocrx_word' id='word_1_232' title='bbox 1114 4196 1185 4303; x_wconf 91' lang='lat' dir='ltr'>sit,</span> <span class='ocrx_word' id='word_1_233' title='bbox 1212 4193 1353 4302; x_wconf 90' lang='lat' dir='ltr'>unius,</span> <span class='ocrx_word' id='word_1_234' title='bbox 1383 4228 1433 4283; x_wconf 88' lang='lat' dir='ltr'>an</span> <span class='ocrx_word' id='word_1_235' title='bbox 1462 4197 1571 4313; x_wconf 90' lang='lat' dir='ltr'>pluri·</span> 
     </span>
    </p>

    <p class='ocr_par' dir='ltr' id='par_1_25' title="bbox 124 4309 1570 4435">
     <span class='ocr_line' id='line_1_30' title="bbox 124 4309 1570 4435; baseline 0.005 -38"><span class='ocrx_word' id='word_1_236' title='bbox 124 4342 197 4397; x_wconf 90' lang='lat' dir='ltr'>um</span> <span class='ocrx_word' id='word_1_237' title='bbox 212 4313 361 4404; x_wconf 89' lang='lat' dir='ltr'>arbitrio</span> <span class='ocrx_word' id='word_1_238' title='bbox 376 4316 643 4435; x_wconf 90' lang='lat' dir='ltr'>rempublicam</span> <span class='ocrx_word' id='word_1_239' title='bbox 664 4317 885 4433; x_wconf 88' lang='lat' dir='ltr'>temperari.</span> <span class='ocrx_word' id='word_1_240' title='bbox 918 4320 1002 4401; x_wconf 90' lang='lat' dir='ltr'>Nec</span> <span class='ocrx_word' id='word_1_241' title='bbox 1017 4314 1118 4400; x_wconf 90' lang='lat' dir='ltr'>enim</span> <span class='ocrx_word' id='word_1_242' title='bbox 1140 4309 1342 4400; x_wconf 86' lang='lat' dir='ltr'>defuerunt</span> <span class='ocrx_word' id='word_1_243' title='bbox 1366 4316 1502 4431; x_wconf 91' lang='lat' dir='ltr'>quibus</span> <span class='ocrx_word' id='word_1_244' title='bbox 1520 4317 1570 4404; x_wconf 88' lang='lat' dir='ltr'>in·</span> 
     </span>
    </p>

    <p class='ocr_par' dir='ltr' id='par_1_26' title="bbox 127 4429 1573 4551">
     <span class='ocr_line' id='line_1_31' title="bbox 127 4429 1573 4551; baseline 0.006 -36"><span class='ocrx_word' id='word_1_245' title='bbox 127 4429 268 4545; x_wconf 79' lang='lat' dir='ltr'>justum</span> <span class='ocrx_word' id='word_1_246' title='bbox 295 4459 335 4517; x_wconf 90' lang='lat' dir='ltr'>et</span> <span class='ocrx_word' id='word_1_247' title='bbox 365 4462 510 4547; x_wconf 90' lang='lat' dir='ltr'>praeter</span> <span class='ocrx_word' id='word_1_248' title='bbox 539 4459 714 4521; x_wconf 89' lang='lat' dir='ltr'>naturam</span> <span class='ocrx_word' id='word_1_249' title='bbox 742 4433 958 4540; x_wconf 90' lang='lat' dir='ltr'>videretur,</span> <span class='ocrx_word' id='word_1_250' title='bbox 982 4458 1026 4520; x_wconf 95' lang='lat' dir='ltr'>ut</span> <span class='ocrx_word' id='word_1_251' title='bbox 1051 4433 1089 4517; x_wconf 91' lang='lat' dir='ltr'>in</span> <span class='ocrx_word' id='word_1_252' title='bbox 1114 4461 1159 4516; x_wconf 88' lang='lat' dir='ltr'>ea</span> <span class='ocrx_word' id='word_1_253' title='bbox 1186 4431 1364 4539; x_wconf 88' lang='lat' dir='ltr'>civitate,</span> <span class='ocrx_word' id='word_1_254' title='bbox 1396 4462 1496 4551; x_wconf 88' lang='lat' dir='ltr'>quae</span> <span class='ocrx_word' id='word_1_255' title='bbox 1526 4465 1573 4524; x_wconf 85' lang='lat' dir='ltr'>ex</span> 
     </span>
    </p>

    <p class='ocr_par' dir='ltr' id='par_1_27' title="bbox 125 4548 1765 5026">
     <span class='ocr_line' id='line_1_32' title="bbox 127 4548 1764 4668; baseline 0.001 -33"><span class='ocrx_word' id='word_1_256' title='bbox 127 4548 252 4635; x_wconf 89' lang='lat' dir='ltr'>multis</span> <span class='ocrx_word' id='word_1_257' title='bbox 281 4548 454 4639; x_wconf 90' lang='lat' dir='ltr'>similibus</span> <span class='ocrx_word' id='word_1_258' title='bbox 483 4579 697 4661; x_wconf 86' lang='lat' dir='ltr'>constaret,</span> <span class='ocrx_word' id='word_1_259' title='bbox 725 4584 823 4639; x_wconf 90' lang='lat' dir='ltr'>unus</span> <span class='ocrx_word' id='word_1_260' title='bbox 849 4555 888 4639; x_wconf 91' lang='lat' dir='ltr'>in</span> <span class='ocrx_word' id='word_1_261' title='bbox 919 4579 1052 4639; x_wconf 91' lang='lat' dir='ltr'>omnes</span> <span class='ocrx_word' id='word_1_262' title='bbox 1081 4576 1264 4668; x_wconf 87' lang='lat' dir='ltr'>perpetuo</span> <span class='ocrx_word' id='word_1_263' title='bbox 1296 4553 1453 4668; x_wconf 89' lang='lat' dir='ltr'>imperio</span> <span class='ocrx_word' id='word_1_264' title='bbox 1491 4550 1572 4637; x_wconf 90' lang='lat' dir='ltr'>fun·</span> <span class='ocrx_word' id='word_1_265' title='bbox 1586 4612 1764 4665; x_wconf 49' lang='lat' dir='ltr'>pamm,</span> 
     </span>
     <span class='ocr_line' id='line_1_33' title="bbox 125 4670 1765 4787; baseline 0.002 -33"><span class='ocrx_word' id='word_1_266' title='bbox 125 4692 305 4785; x_wconf 87' lang='lat' dir='ltr'>geretur.</span> <span class='ocrx_word' id='word_1_267' title='bbox 340 4674 445 4755; x_wconf 89' lang='lat' dir='ltr'>Nam</span> <span class='ocrx_word' id='word_1_268' title='bbox 474 4673 541 4787; x_wconf 91' lang='lat' dir='ltr'>qui</span> <span class='ocrx_word' id='word_1_269' title='bbox 569 4700 660 4758; x_wconf 51' lang='lat' dir='ltr'>sunt¹</span> <span class='ocrx_word' id='word_1_270' title='bbox 685 4670 840 4786; x_wconf 90' lang='lat' dir='ltr'>ingenio</span> <span class='ocrx_word' id='word_1_271' title='bbox 868 4695 908 4757; x_wconf 94' lang='lat' dir='ltr'>et</span> <span class='ocrx_word' id='word_1_272' title='bbox 933 4670 1072 4757; x_wconf 90' lang='lat' dir='ltr'>virtute</span> <span class='ocrx_word' id='word_1_273' title='bbox 1097 4701 1203 4787; x_wconf 87' lang='lat' dir='ltr'>pares</span> <span class='ocrx_word' id='word_1_274' title='bbox 1219 4734 1231 4777; x_wconf 96' lang='lat'>,</span> <span class='ocrx_word' id='word_1_275' title='bbox 1248 4671 1319 4757; x_wconf 91' lang='lat' dir='ltr'>hos</span> <span class='ocrx_word' id='word_1_276' title='bbox 1349 4672 1488 4758; x_wconf 92' lang='lat' dir='ltr'>eodem</span> <span class='ocrx_word' id='word_1_277' title='bbox 1519 4672 1572 4786; x_wconf 77' lang='lat' dir='ltr'>ju·</span> <span class='ocrx_word' id='word_1_278' title='bbox 1586 4674 1765 4786; x_wconf 51' lang='grc' dir='ltr'>ζξξηζῗωω·</span> 
     </span>
     <span class='ocr_line' id='line_1_34' title="bbox 127 4785 1710 4906; baseline 0.002 -34"><span class='ocrx_word' id='word_1_279' title='bbox 127 4813 206 4904; x_wconf 67' lang='grc' dir='ltr'>τε,</span> <span class='ocrx_word' id='word_1_280' title='bbox 234 4785 448 4905; x_wconf 77' lang='lat' dir='ltr'>eademque</span> <span class='ocrx_word' id='word_1_281' title='bbox 480 4789 659 4906; x_wconf 86' lang='lat' dir='ltr'>dignitate</span> <span class='ocrx_word' id='word_1_282' title='bbox 690 4815 768 4872; x_wconf 86' lang='lat' dir='ltr'>esse</span> <span class='ocrx_word' id='word_1_283' title='bbox 795 4786 879 4904; x_wconf 92' lang='lat' dir='ltr'>lege</span> <span class='ocrx_word' id='word_1_284' title='bbox 909 4812 1101 4876; x_wconf 72' lang='lat' dir='ltr'>nanctae:</span> <span class='ocrx_word' id='word_1_285' title='bbox 1135 4788 1220 4904; x_wconf 78' lang='lat' dir='ltr'>jutis</span> <span class='ocrx_word' id='word_1_286' title='bbox 1234 4796 1237 4801; x_wconf 81' lang='grc'><strong>’</strong></span> <span class='ocrx_word' id='word_1_287' title='bbox 1250 4813 1376 4874; x_wconf 91' lang='lat' dir='ltr'>autem</span> <span class='ocrx_word' id='word_1_288' title='bbox 1412 4791 1575 4906; x_wconf 87' lang='lat' dir='ltr'>aequali-</span> <span class='ocrx_word' id='word_1_289' title='bbox 1680 4794 1710 4809; x_wconf 82' lang='grc'>”</span> 
     </span>
     <span class='ocr_line' id='line_1_35' title="bbox 128 4906 1576 5026; baseline -0.001 -33"><span class='ocrx_word' id='word_1_290' title='bbox 128 4928 246 4993; x_wconf 83' lang='lat' dir='ltr'>ratem</span> <span class='ocrx_word' id='word_1_291' title='bbox 268 4907 321 4993; x_wconf 90' lang='lat' dir='ltr'>ita</span> <span class='ocrx_word' id='word_1_292' title='bbox 347 4906 503 4997; x_wconf 87' lang='lat' dir='ltr'>demum</span> <span class='ocrx_word' id='word_1_293' title='bbox 530 4907 627 4996; x_wconf 88' lang='lat' dir='ltr'>inter</span> <span class='ocrx_word' id='word_1_294' title='bbox 656 4933 762 5024; x_wconf 87' lang='lat' dir='ltr'>pares</span> <span class='ocrx_word' id='word_1_295' title='bbox 791 4906 954 5016; x_wconf 91' lang='lat' dir='ltr'>servari,</span> <span class='ocrx_word' id='word_1_296' title='bbox 981 4907 1010 4992; x_wconf 91' lang='lat' dir='ltr'>si</span> <span class='ocrx_word' id='word_1_297' title='bbox 1036 4937 1103 5026; x_wconf 93' lang='lat' dir='ltr'>per</span> <span class='ocrx_word' id='word_1_298' title='bbox 1134 4936 1255 4996; x_wconf 88' lang='lat' dir='ltr'>annos</span> <span class='ocrx_word' id='word_1_299' title='bbox 1287 4932 1355 4995; x_wconf 86' lang='lat' dir='ltr'>aut</span> <span class='ocrx_word' id='word_1_300' title='bbox 1385 4906 1456 4994; x_wconf 86' lang='lat' dir='ltr'>alia</span> <span class='ocrx_word' id='word_1_301' title='bbox 1486 4935 1576 4994; x_wconf 88' lang='lat' dir='ltr'>tem·</span> 
     </span>
    </p>
   </div>
   <div class='ocr_carea' id='block_1_6' title="bbox 192 5026 1578 5142">
    <p class='ocr_par' dir='ltr' id='par_1_28' title="bbox 192 5026 1578 5142">
     <span class='ocr_line' id='line_1_36' title="bbox 192 5026 1578 5142; baseline 0.003 -31"><span class='ocrx_word' id='word_1_302' title='bbox 192 5026 385 5118; x_wconf 75' lang='lat' dir='ltr'>Tole.</span> <span class='ocrx_word' id='word_1_303' title='bbox 714 5111 717 5115; x_wconf 81' lang='grc'><em>,</em></span> <span class='ocrx_word' id='word_1_304' title='bbox 972 5027 1016 5140; x_wconf 81' lang='lat' dir='ltr'><strong>Q</strong></span> <span class='ocrx_word' id='word_1_305' title='bbox 1503 5055 1578 5142; x_wconf 88' lang='lat' dir='ltr'>po-</span> 
     </span>
    </p>
   </div>
   <div class='ocr_carea' id='block_1_7' title="bbox 0 0 2074 5872">
    <p class='ocr_par' dir='ltr' id='par_1_29' title="bbox 0 0 2074 5872">
     <span class='ocr_line' id='line_1_37' title="bbox 0 0 2074 5872; baseline 0 0"><span class='ocrx_word' id='word_1_306' title='bbox 0 0 2074 5872; x_wconf 95' lang='lat' dir='ltr'> </span> 
     </span>
    </p>
   </div>
  </div>
 </body>
</html>
