4034 5858
410 374 948 499 ⁴altus···cnus1s¹·³occtn·u
975 374 1162 458 eninm.
1212 383 1218 435 r
1424 384 1491 479 389

74 510 183 627 quod
200 509 344 596 boniet
361 505 473 623 aequi
489 505 680 592 ‚homines
711 506 960 624 intelligant,
984 507 1096 592 etiam
1115 507 1144 591 si
1157 506 1266 621 quod
1279 503 1435 593 verbum
1465 537 1526 594 ex·

72 629 202 735 ciderit
233 628 434 745 loquenti,
464 625 541 713 sive
568 649 778 742 utcumque
802 628 993 742 prolatum
1020 623 1130 712 fuerit
1164 686 1177 730 ,
1207 625 1317 740 quod
1344 625 1456 739 possit
1486 627 1526 711 in

71 747 296 837 calumniam
320 745 412 861 rapi
430 743 616 831 malitiose
636 740 956 861 interpretatione.
987 746 1102 830 Haec·
1113 745 1212 829 enim
1230 767 1343 849 sunt,
1371 743 1399 827 si
1425 772 1525 831 tecte

71 867 253 974 memini,
279 864 610 981 verbaGregotii
632 894 678 950 ex
706 861 910 950 Moralium
952 863 1037 949 libr.
1061 895 1161 951 xxvr.
1188 863 1388 946 Humanae
1414 891 1525 953 aures
1553 911 1716 965 flamm„

68 993 164 1069 talia
183 987 305 1071 verbu
321 986 662 1091 nostrajudicunt,
694 991 821 1092 qualia
835 983 946 1090 foris
972 999 1130 1068 sonant:
1156 986 1290 1065 divina
1308 1008 1400 1066 vern
1416 986 1525 1092 jum*
1539 979 1719 1089 ξῐὲῥᾷἲμω·

69 1111 133 1188 cia
164 1110 260 1188 talia
279 1101 389 1210 foris
406 1108 595 1207 andiunt,
636 1111 761 1210 qualia
779 1109 987 1204 enintimis
997 1102 1257 1211 profiterentur.
1289 1099 1401 1183 Certe
1417 1128 1526 1185 none-

70 1232 128 1310 rit
144 1229 208 1306 ille
223 1282 237 1327 ,
250 1326 252 1330 ι
265 1230 330 1328 qui
349 1229 585 1304 intentionem
610 1248 657 1303 nc
685 1229 910 1306 voluntatem
933 1228 1089 1305 ulterius
1104 1226 1232 1303 variis
1248 1226 1417 1328 explicat
1439 1247 1527 1305 ver·

68 1343 160 1424 bis:
188 1349 278 1448 quin
307 1365 375 1424 non
407 1342 514 1421 debet
544 1345 696 1445 niquis
712 1336 833 1428 verba
859 1345 1120 1445 considerare,
1149 1342 1219 1422 sed
1240 1345 1466 1424 voluntatem
1488 1355 1526 1424 et

73 1467 341 1563 intentionem,
366 1465 455 1564 qnia
482 1461 680 1541 morderet
707 1465 863 1545 intentio
889 1461 1023 1543 verbis
1047 1465 1243 1543 deservire
1270 1515 1285 1561 ,
1312 1463 1382 1541 sad
1405 1461 1526 1542 verba

71 1583 270 1661 intentioni
277 1618 296 1661 ·.
330 1577 462 1670 Quam
480 1575 705 1660 orationem
733 1577 910 1692 Gregorii
947 1577 1031 1691 quis
1057 1604 1138 1661 non
1173 1577 1301 1664 videat
1333 1577 1382 1662 ad
1423 1577 1522 1662 calu·

74 1693 216 1781 mniam
233 1696 432 1781 dumtaxat
454 1690 698 1777 refellendam
712 1694 897 1806 pertinere
914 1702 925 1778 ἒ
944 1694 1205 1781 Calumniatut
1221 1694 1351 1800 enim,
1380 1705 1445 1803 qui
1469 1705 1524 1780 in·
1539 1685 1718 1805 ᾱξξῖζὸξξὲῑξῑ·

74 1818 273 1898 tentionem
291 1828 330 1895 et
345 1818 575 1896 voluntatem
591 1816 748 1896 aderint
767 1871 779 1915 ,
806 1837 850 1898 ut
866 1813 941 1926 ipse
958 1812 1008 1897 ait
1026 1876 1038 1918 ,
1054 1821 1183 1897 uariis
1199 1821 1364 1930 explicat
1379 1817 1522 1902 verbio.

75 1934 182 2016 Nam
199 1931 285 2016 licet
301 1929 338 2014 in
357 1926 478 2015 dubiis
495 1956 576 2013 non
594 1927 639 2013 sit
655 1958 678 2012 a
694 1927 814 2014 verbis
840 1930 1109 2017 discedendum
1126 1992 1138 2037 ,
1163 1957 1208 2017 ut
1224 1932 1438 2019 Alexander
1462 1940 1524 2020 111.
1651 1949 1655 1956 “

75 2050 380 2164 'Archiepiscopo'
393 2045 876 2161 Cantuariensitescripsit,
904 2074 949 2134 ut
978 2051 1098 2135 modo
1121 2050 1364 2136 dicebamus:
1397 2076 1526 2139 tamen
1540 2042 1719 2157 fflssffgffl
1850 2153 1851 2159 p

72 2196 167 2254 cum
181 2168 230 2255 de
259 2165 449 2252 intellectu
482 2189 634 2251 constat
649 2224 662 2272 ,
679 2164 825 2251 animus
850 2167 975 2280 potius
1001 2167 1189 2283 loquentis
1204 2170 1432 2256 considerati
1461 2173 1524 2258 de*
1539 2176 1564 2223 ‘¹‘
1574 2176 1600 2224 ⁵·

75 2286 142 2372 bet
157 2322 182 2392 ,·
197 2315 315 2402 quam
332 2286 459 2372 verna.
494 2283 554 2369 Sic
566 2284 671 2370 enim
688 2284 816 2371 locum
831 2285 899 2371 viri
914 2287 1114 2371 doctissimi
1139 2287 1443 2405 interpretantur,
1460 2282 1526 2406 qui
1540 2315 1613 2384 om.
1624 2313 1649 2384 it
1661 2329 1718 2377 cn·

73 2403 247 2511 docent,
269 2432 358 2489 cum
375 2400 553 2491 calliditas
566 2402 767 2489 adhibent
783 2405 831 2488 ab
857 2402 1041 2490 alterutro.
1061 2405 1236 2515 dicente,
1264 2408 1325 2494 vel
1342 2410 1526 2523 accipien-
1539 2387 1581 2484 iis
1592 2388 1720 2494 iiim*

71 2546 139 2629 te,
173 2547 256 2609 tum
273 2528 400 2620 Deum
415 2520 628 2607 orationem
645 2521 809 2637 accipere
825 2522 875 2608 ad
905 2546 1071 2609 mentem
1097 2522 1204 2634 eius,
1228 2525 1295 2641 qui
1320 2526 1527 2642 simpliciter

72 2641 263 2758 intelligit.
277 2692 282 2706 ‚
294 2638 638 2737 Quemadmodum
655 2640 764 2756 igitur
781 2641 988 2757 Gregorius
1004 2643 1230 2727 calumniam
1254 2674 1386 2729 eorum
1409 2670 1525 2759 taxat,
1574 2678 1577 2684 ’

73 2759 290 2876 quicontra
321 2757 509 2875 loquentis
526 2758 774 2845 indubitatam
804 2768 972 2846 mentem
1001 2761 1117 2847 verba
1145 2762 1527 2882 malitioseintetpreae

73 2888 228 2965 tantur:
260 2876 576 2994 ,sic‘Augustinus
599 2888 638 2961 et
661 2877 822 2964 isidorus
848 2878 1039 2964 stultitiam
1061 2908 1195 2966 eorum
1226 2883 1411 2968 damnant
1425 2908 1443 2990 ,¹
1458 2888 1524 3002 qui
1553 2879 1718 2934 ”mmm

73 3024 113 3082 se
138 3026 206 3113 pet
224 2996 335 3082 dolos
352 3020 392 3081 et
413 2995 564 3081 astutias
580 3019 744 3130 putant,
777 3026 885 3111 posse
899 2998 1140 3083 mendacium
1157 3024 1225 3084 aut
1239 3001 1440 3114 perjurium
1471 3002 1524 3090 ef-
1538 2953 1717 3108 gpggggpua-

1610 3063 1717 3113 nubetur

73 3110 234 3231 sugere.
267 3114 436 3202 Isidorus¹
458 3114 559 3198 enim
589 3141 638 3198 stc
666 3114 805 3227 scripsit
828 3115 867 3199 in
898 3112 994 3200 libro
1026 3114 1303 3204 Sententiarum
1335 3122 1714 3234 secundozisszlfficgjp·

76 3233 325 3344 ,Quacumque
342 3248 426 3318 arte
443 3240 527 3340 quis
533 3234 640 3342 juret
658 3288 672 3338 ,
696 3230 806 3316 Deus
819 3247 943 3319 tumen
957 3293 970 3341 ,
985 3242 1049 3342 qni
1065 3245 1309 3322 conscientiae
1323 3248 1434 3326 testis
1450 3261 1521 3352 est,

74 3361 133 3438 ita
149 3355 218 3438 bo'c
245 3358 395 3463 :accipit
418 3360 519 3461 sicut
536 3357 597 3437 ille
613 3410 626 3455 ,
644 3359 706 3436 cui
721 3352 879 3462 juratur
896 3360 1111 3463 ,imelligit
1143 3358 1374 3473 Augustinus
1391 3386 1522 3449 autem

73 3469 116 3557 in
141 3474 315 3588 quodam
342 3500 541 3559 sermone:
568 3472 691 3554 Multi·
704 3470 931 3577 falluntur,
952 3473 1074 3588 inquit
1099 3535 1112 3579 ,
1134 3483 1173 3558 in
1187 3478 1255 3561 hoc
1269 3507 1282 3584 ,
1295 3493 1332 3562 et
1355 3497 1519 3589 putant,

73 3599 168 3698 quia
184 3596 280 3676 nihil
293 3606 376 3698 est,
395 3610 468 3701 per
483 3594 581 3699 quod
590 3591 756 3698 jurant,
786 3595 867 3676 ideo
880 3617 950 3676 non
965 3617 1007 3674 se
1032 3601 1186 3677 crimine
1196 3599 1363 3706 perjurii
1387 3609 1519 3684 teneri.

66 3719 240 3795 <Prorsus
249 3713 433 3821 perjurus
451 3737 526 3814 es,
550 3712 725 3818 qniaper
738 3713 808 3815 id,
825 3715 1100 3816 quadrimatum
1116 3739 1185 3798 non
1202 3731 1347 3822 putas,
1367 3715 1518 3822 fhlsum

61 3830 208 3940 juras:
240 3836 276 3911 si
299 3844 342 3912 tu
365 3835 469 3914 iilum
485 3843 656 3912 sanctum
681 3853 750 3912 nnn
761 3844 906 3938 putas,
931 3847 1099 3914 sanctum
1123 3846 1269 3941 putat,
1295 3843 1358 3918 cui
1376 3839 1517 3947 juras:

68 3973 141 4033 non
158 3956 257 4034 em‘m
273 3951 415 4059 quando
422 3952 539 4058 juras
557 4005 571 4052 ,
587 3947 663 4030 tibi
679 3961 743 4031 unt
757 3951 877 4057 lapidi
891 4009 903 4053 ,
918 3954 988 4033 sed
993 3957 1168 4059 proximo
1183 3967 1245 4036 tuo
1255 3955 1381 4064 juras.
1414 3957 1516 4051 Qui-

70 4063 143 4149 bus
159 4066 290 4154 Isidori
304 4091 344 4152 et
365 4065 572 4187 Augustini
584 4065 706 4156 verbis
729 4065 827 4153 satisw
842 4065 1054 4184 intelligitur
1077 4132 1089 4179 ,
1111 4100 1181 4156 nec
1205 4074 1357 4162 dicentis
1381 4077 1514 4161 astniu

74 4186 312 4272 mendacium
329 4212 396 4276 aut
410 4187 612 4306 perjurium
628 4188 765 4296 vitati,
790 4187 894 4276 etde
909 4192 1114 4284 verborum
1143 4194 1299 4283 veritate
1327 4193 1376 4279 ad
1407 4216 1517 4280 men³

70 4325 153 4387 tem
169 4304 351 4392 audientis
368 4331 408 4392 et
422 4311 539 4396 verba
555 4312 761 4398 secundum
777 4341 1019 4399 communem
1049 4314 1274 4400 intellectum
1305 4312 1517 4427 accipientis
1584 4385 1586 4389 ⁷

71 4447 151 4505 esse
181 4421 452 4532 iudicandum:
482 4428 696 4544 siquidem,
728 4455 771 4516 ut
787 4432 990 4519 Gratianus
1013 4432 1070 4519 vir
1098 4433 1329 4520 doctissimus
1357 4457 1396 4518 et
1410 4433 1513 4519 idem

70 4539 307 4656 gravissimus
330 4543 381 4630 ait
404 4607 416 4651 ,
443 4547 552 4631 Deus
568 4554 1048 4659 duplicitatisuspernator
1063 4558 1267 4663 simplicem
1282 4559 1513 4637 intentionem

67 4666 265 4767 utriusque
291 4666 501 4749 considerat
522 4726 536 4773 ,
561 4691 600 4752 et
629 4691 709 4753 tum
738 4693 905 4781 exparte
934 4669 1165 4783 recipientis,
1197 4700 1317 4787 quam
1338 4700 1383 4755 ex
1408 4694 1512 4784 parte
1601 4696 1603 4698 ·

70 4779 305 4891 praestantis,
321 4780 524 4868 verborum
541 4808 659 4870 artem
677 4810 894 4903 aspernatur
920 4813 960 4874 et
982 4789 1087 4875 odit.
1122 4793 1177 4874 Ut
1191 4789 1302 4905 igitur
1318 4788 1528 4912 redeamus]

67 4895 124 4984 ad
142 4896 244 4990 illam
259 4923 367 4993 tuam
381 4903 661 5022 responsionem
678 4967 693 5016 ,
708 4907 737 4994 si
752 4905 892 4995 crinea
904 4908 1120 5015 occultum,
1149 4906 1254 5023 cuius
1268 4905 1434 4999 conscius
1459 4926 1513 5012 es,

1477 5049 1517 5113 te
