4140 5872
428 375 502 443 -168
642 393 647 404 ·
749 371 828 440 DE
861 362 1330 451 CORRECTIONE
1364 366 1561 438 ANNI

412 502 496 589 nuit
522 497 766 586 solstitiorum
780 523 818 583 et
835 493 1161 609 aequinoctiorum
1190 490 1503 579 inveniendorum
1529 495 1649 581 ratio:
1675 497 1778 613 quae
1808 495 1864 589 li-

408 646 472 708 ιιι
496 621 545 706 ad
561 643 727 704 exactam
744 640 783 700 et
806 611 1062 727 scrupulosam
1078 609 1380 745 observationem
1398 607 1590 697 difficilis
1564 636 1638 720 stt,
1655 639 1786 703 tamen
1803 617 1864 706 fa

412 737 515 825 cilior
539 762 596 822 est
612 764 766 850 ,quarn
793 759 837 817 ut
861 755 923 817 tot
952 730 1095 815 dierum
1130 757 1233 814 error
1261 727 1300 812 in
1331 729 1565 816 mediocriter
1594 732 1787 821 eruditum
1817 764 1863 840 et

413 855 628 972 diligentem
650 851 845 938 hominem
871 848 1004 934 cadere
1029 877 1138 963 posse
1168 846 1339 934 videatur
1361 908 1373 953 ,
1394 877 1474 935 non
1499 850 1619 936 modo
1637 881 1703 966 per
1732 880 1857 943 astro·

408 973 563 1089 logica
552 995 826 1075 instrumenta,
851 967 917 1054 sed
937 968 1050 1053 etiam
1078 995 1143 1081 ριι
1158 963 1317 1082 figuram
1342 966 1493 1079 planam
1508 967 1821 1081 orbicularem,
1811 1004 1854 1062 ιιι

413 1091 501 1177 loco
529 1090 579 1175 ad
604 1089 772 1206 regulam
789 1112 829 1172 et
853 1085 1012 1170 libellam
1029 1107 1239 1198 exaequato
1254 1082 1503 1219 descriptam.
1535 1091 1638 1171 Nam
1656 1088 1770 1176 ducta
1784 1122 1857 1228 pet

414 1208 591 1294 circulum
606 1207 817 1311 diametro,
842 1231 942 1319 quae
969 1203 1015 1287 sit
1029 1202 1127 1286 linea
1147 1200 1349 1288 meridiana
1363 1203 1497 1317 ,cujus
1519 1202 1733 1292 inveniendi
1747 1211 1859 1324 opti·-

416 1327 595 1414 matario
621 1324 778 1411 traditur
802 1351 826 1405 a
849 1320 1027 1410 Vitruvio
1047 1319 1144 1406 libro
1163 1318 1212 1403 de
1233 1264 1507 1406 Archilearura
1530 1322 1682 1437 primo,
1707 1350 1801 1412 tunc
1824 1329 1859 1415 si

409 1446 639 1532 diametrum
662 1442 816 1528 alteram
840 1468 906 1556 per
921 1460 1094 1524 centrum
1116 1437 1233 1523 ducas
1252 1498 1265 1543 ,
1291 1466 1391 1554 quae
1406 1465 1505 1525 secet
1530 1440 1772 1529 meridianam
1799 1446 1860 1535 ad

415 1563 574 1697 angulos
597 1586 746 1664 rectos,
772 1558 864 1643 haec
887 1556 955 1642 tibi
979 1582 1108 1643 ortum
1133 1581 1172 1642 et
1195 1582 1368 1642 occasum
1397 1558 1702 1674 aequinoctialem
1725 1586 1863 1648 osten·

415 1681 503 1768 dit
493 1711 532 1765 ιιι
547 1680 681 1796 quovis
705 1621 851 1762 climate
872 1700 911 1760 et
937 1674 1119 1790 regione.
1107 1673 1322 1789 .Itaque
1297 1703 1327 1758 sr
1348 1673 1387 1758 in
1402 1702 1534 1791 centro
1563 1706 1795 1794 gnomonem
1811 1711 1860 1765 a·

411 1799 603 1914 praveris,
625 1796 760 1882 umbra
776 1855 788 1898 ,
804 1820 903 1908 quae
918 1793 1062 1880 oriente
1078 1791 1322 1879 occidenteve
1347 1775 1444 1878 sole
1447 1822 1513 1907 per
1528 1794 1626 1879 hanc
1648 1794 1809 1880 lineam
1781 1826 1860 1910 Ja-

411 1917 556 2024 cietur,
573 1916 671 2001 diern
697 1909 1007 2026 aequinoctialem
1032 1908 1249 1999 observanti
1277 1910 1524 1997 monstrabit.
1555 1909 1676 1998 hieme
1698 1942 1795 2000 vero
1825 1917 1860 2002 si

411 2033 541 2120 diebus
568 2031 785 2118 brevissimis
807 2030 956 2115 umbras
978 2029 1193 2135 notaveris,
1212 2057 1313 2144 quae
1344 2028 1488 2128 oriente
1517 2026 1595 2116 sole
1624 2056 1857 2120 cunctarum

409 2150 569 2237 maxime
588 2148 830 2283 proximeque
845 2147 989 2233 accedit
1003 2149 1058 2235 ad
1069 2172 1183 2263 caput
1197 2145 1315 2232 lneae
1332 2147 1568 2254 meridianae,
1583 2177 1661 2265 qua
1676 2151 1799 2266 vergit
1813 2151 1861 2237 in

407 2267 714 2382 septemtrionem
732 2327 743 2371 ‚
766 2266 865 2351 diem
880 2265 1077 2354 brumae
1052 2295 1128 2353 srve
1143 2264 1286 2351 hiberni
1302 2264 1446 2351 solstitii
1470 2259 1712 2382 designabit,
1726 2289 1766 2352 et
1781 2295 1854 2382 per

409 2385 509 2472 hanc
534 2385 648 2471 ducta
664 2384 843 2469 diameter
863 2412 911 2469 cx
940 2384 1012 2469 hac
1036 2408 1141 2499 parte
1169 2410 1344 2469 occasum
1368 2383 1580 2489 aestivum,
1596 2411 1643 2469 ex
1671 2382 1789 2468 altera
1804 2415 1860 2470 o-

407 2504 559 2590 stendet
591 2525 718 2588 ortum
740 2500 975 2587 brumalem.
1003 2525 1145 2637 atque
1145 2502 1284 2586 eodem
1311 2499 1468 2586 modo
1458 2528 1498 2583 ιιι
1527 2524 1665 2588 aestate
1694 2503 1858 2612 umbra,

388 2618 392 2621 '‘
407 2649 509 2756 quae
538 2618 681 2705 oriente
710 2618 788 2703 sole
814 2618 973 2704 maxime
994 2619 1116 2737 vergit
1136 2618 1175 2703 in
1199 2642 1400 2723 ιιιιιιιιιιι,
1422 2617 1522 2703 diem
1547 2616 1689 2705 sobtitii
1719 2621 1858 2708 aestivi

301 2779 307 2794 ν
407 2738 562 2854 signat,
588 2762 628 2823 et
642 2736 756 2822 ducta
769 2764 847 2872 ριι
862 2736 980 2850 ipsam
1004 2737 1183 2825 diameter
1212 2746 1342 2824 ortum'
1369 2734 1579 2844 aestivum,
1608 2759 1648 2823 et
1675 2764 1861 2826 occasum

336 2932 338 2938 s
411 2854 621 2946 brumalem
646 2852 826 2967 oppositis
845 2855 1016 2991 partibus
1044 2853 1298 2943 demonstrat.

487 2975 554 3056 IX.
613 2970 816 3063 Quidam
788 2973 920 3106 agitur
942 2972 1011 3060 viri
1040 2973 1210 3087 perdocti
1243 2970 1333 3059 nihil
1359 2995 1484 3057 errore
1515 2971 1758 3058 commissum
1785 2973 1865 3060 hac

408 3092 450 3180 in
478 3112 583 3203 parte
607 3085 715 3174 luisse
743 3087 1017 3197 existimantes,
1043 3090 1142 3176 illam
1159 3090 1284 3204 potius
1301 3089 1588 3225 discrepantiae
1588 3117 1740 3175 causam
1766 3089 1862 3177 affe·

410 3208 543 3296 rebant
560 3265 572 3310 ,
587 3205 721 3322 quod
711 3229 837 3292 vetere
863 3208 1158 3295 Romanorum
1148 3209 1347 3314 mstituto,
1365 3230 1407 3292 ut
1431 3207 1521 3292 anni
1536 3207 1758 3342 principium
1774 3236 1860 3295 erat

410 3322 634 3439 capiendum
651 3350 794 3410 anovo
821 3324 928 3430 sole,
944 3324 993 3412 sic
1015 3325 1122 3439 primi
1137 3325 1271 3413 mensis
1297 3355 1321 3410 a
1345 3351 1450 3411 nova
1466 3324 1580 3410 luna:
1602 3353 1722 3441 aquo
1747 3324 1858 3413 insti·

411 3467 500 3529 tuto
520 3469 614 3525 curn
631 3439 768 3525 Caesar
793 3470 874 3526 non
900 3387 997 3528 sibi
988 3472 1054 3556 rpsr
1043 3442 1282 3529 cedendum
1306 3471 1383 3528 esse
1398 3443 1608 3549 stantisset,
1626 3468 1664 3528 et
1681 3472 1730 3529 eo
1750 3470 1859 3530 anno

412 3556 652 3645 interlunium
677 3555 883 3643 incidisset
874 3589 913 3644 tn
929 3583 1108 3646 octavum
1124 3560 1223 3645 diern
1238 3586 1325 3675 post
1340 3559 1538 3644 hibernum
1554 3503 1778 3664 solstitium,
1792 3559 1860 3646 la-

411 3702 518 3765 ctum
540 3674 671 3760 scilicet
700 3703 776 3759 esse
800 3675 939 3761 idcirco
963 3680 1177 3791 putabant,
1197 3701 1243 3763 ut
1271 3667 1311 3763 id
1327 3677 1473 3763 dierum
1494 3676 1769 3765 intervallum
1757 3699 1863 3766 mter
2002 3661 2003 3664 .

413 3794 503 3879 anni
516 3817 555 3878 et
578 3791 687 3907 primi
703 3792 835 3876 mensis
862 3792 1008 3878 initium
1031 3795 1359 3910 interponeretur,
1374 3818 1442 3880 aut
1471 3819 1571 3881 certe
1587 3818 1631 3881 ut
1657 3794 1746 3880 anni
1759 3795 1863 3909 prin

414 3910 591 4025 cipiuma
613 3937 679 3995 sua
699 3906 863 4024 legitima
887 3935 926 3996 et
950 3911 1108 4007 natruali
1123 3912 1241 3999 sede
1231 3941 1272 3996 ιιι
1300 3935 1481 4000 octavum
1509 3936 1597 4026 post
1622 3913 1719 3999 diem
1736 3937 1860 4000 trans·

415 4025 599 4114 ferretur.
624 4025 698 4111 Sed
719 4026 857 4111 horum
884 4029 1087 4115 sententiae
1109 4028 1278 4146 protinus
1305 4028 1396 4116 illud
1421 4029 1617 4137 occurrit,
1636 4028 1740 4146 quod
1764 4056 1864 4117 curn

408 4149 565 4250 Caesar
569 4205 581 4251 ,
605 4144 770 4279 priorum
786 4145 1057 4233 consuetudine
1078 4176 1220 4233 menses
1237 4146 1287 4233 ad
1304 4172 1453 4233 motum
1468 4146 1579 4234 lunae
1593 4145 1774 4264 dirigendi
1789 4148 1864 4234 da·

409 4286 571 4367 mnata,
584 4286 629 4347 ut
657 4261 874 4376 importuna
893 4288 933 4350 et
959 4292 1147 4380 operosa,
1164 4263 1451 4382 frequentesque
1474 4293 1519 4351 ac
1546 4265 1704 4383 longas
1695 4290 1864 4350 interca-

417 4377 575 4465 lationes
598 4379 837 4492 postulante,
861 4382 1016 4468 eosdem
1046 4380 1097 4467 ad
1127 4381 1212 4468 solis
1234 4384 1429 4470 dumtaxat
1445 4411 1512 4498 per
1520 4383 1712 4518 “singula
1704 4381 1864 4470 Zodiaci

418 4498 533 4614 signa
549 4523 783 4612 progressum
812 4497 901 4583 inita
932 4529 1035 4598 nova
1064 4523 1102 4585 et
1135 4500 1435 4587 commodissima
1462 4499 1636 4607 ratione,
1658 4501 1715 4586 uti
1747 4531 1865 4615 supra

286 4683 287 4689 ι
418 4615 562 4702 dictum
577 4638 659 4719 est,
674 4618 933 4720 revocaverit,
949 4647 1031 4703 non
1053 4618 1232 4707 convenit
1247 4618 1434 4704 erundem
1439 4619 1493 4704 ob
1508 4617 1682 4704 eamdem
1694 4646 1865 4728 caussam,

420 4732 553 4818 scilicet
576 4755 622 4817 ut
643 4731 785 4817 mensis
804 4760 891 4818 curn
908 4676 997 4818 lltna
1017 4762 1270 4853 congrueret,
1277 4736 1347 4822 ad
1377 4736 1687 4827 statuendum
1632 4736 1743 4877 pruni
1756 4767 1868 4825 men·

420 4850 466 4940 sis
492 4848 635 4937 initium
661 4826 899 5007 interlunium
931 4877 1018 4969 post
1046 4854 1244 4954 hibernum
1271 4853 1468 4946 solstitiun
1496 4879 1537 4944 et
1563 4858 1654 4948 anni
1686 4857 1870 4946 naturalis

1814 4975 1872 5062 in.
2010 5082 2011 5085 ,
