4140 5872
426 387 508 478 1'44
662 378 884 476 sonuu-
916 374 1652 459 G‘EnEsrt'snuUL-‘v-EDAE·
1690 398 1695 401 v*

396 516 466 605 bus
482 538 654 632 praesens
670 510 784 627 judex
798 507 928 597 omnia
950 535 1244 626 circumspiciens
1270 539 1352 597 non
1375 513 1595 603 dubitavit.

474 639 526 722 Χ.
596 637 699 719 Cum
732 631 810 719 hoc
844 629 957 749 igitur
979 629 1117 716 timore
1144 661 1255 748 saepe
1283 630 1423 746 judices
1445 635 1734 745 deterreantur,
1764 668 1863 729 sae-

395 754 478 873 pius
493 754 606 843 etiarn
631 752 772 867 injustis
789 749 1125 868 provocationibus
1139 777 1179 840 et
1193 752 1386 840 calumniis
1407 755 1458 841 ab
1473 753 1587 843 oflicii
1614 759 1860 850 exsecutione

396 875 694 991 prohibeantur,
718 902 867 957 summa
893 870 1041 955 ratione
1064 870 1303 988 maximaque
1325 902 1460 993 regum
1492 877 1693 991 prudentia
1725 881 1860 996 provi-

207 1006 255 1038 ·’
397 1024 483 1084 sum
498 1007 581 1101 es't,
601 1018 646 1079 ut
662 989 1034 1129 praetoresquidam
1048 988 1127 1076 sine
1141 1019 1417 1111 provocatione
1438 998 1731 1085 et‘correctione
1751 1029 1854 1087 con-

396 1114 640 1203 stituerentur
657 1174 670 1220 ,
685 1141 752 1228 qur
782 1140 864 1197 non
891 1109 1017 1196 solum
1038 1108 1139 1200 circa.
1159 1112 1302 1230 regiam
1323 1113 1477 1221 aulam,
1506 1145 1625 1233 quam
1652 1119 1854 1205 seditioni.

397 1235 470 1322 bus
498 1258 566 1320 aut
592 1232 817 1319 tumultibus
839 1229 1021 1318 solicitare
1046 1229 1162 1317 scelus
1189 1256 1273 1340 est,
1291 1233 1511 1321 imminutae
1542 1235 1725 1348 maiestati
1751 1237 1855 1326 simi·

397 1352 463 1461 le,
489 1349 706 1440 facinorosis
733 1349 949 1439 hominibus
977 1349 1112 1440 terrori
1135 1376 1286 1455 essem,
1310 1354 1377 1441 sed
1403 1353 1455 1440 rei
1487 1356 1750 1474 magnitudine
1781 1389 1854 1474 po·
1991 1453 1992 1456 w
2052 1419 2070 1454 ..

399 1498 526 1562 scente
541 1535 554 1580 ,
569 1500 732 1589 quoquo
748 1501 876 1584 uersus
896 1467 997 1562 missi
1009 1469 1185 1587 capitales
1209 1500 1340 1576 causas
1363 1500 1638 1593 cognoscerent
1651 1504 1720 1584 ,zet
1738 1475 1854 1564 nullis

396 1589 590 1682 fraudibus
614 1616 654 1679 er
678 1589 870 1677 caluntniis
897 1588 1184 1705 impedientibus
1212 1621 1285 1709 pro
1307 1624 1375 1680 sua
1395 1593 1595 1709 prudentia
1617 1596 1662 1681 in
1684 1594 1855 1711 flagitio·

300 1724 304 1730 ’
397 1739 460 1799 sos
484 1711 745 1819 vindicarent,
769 1739 819 1797 ne
846 1708 982 1796 callido
1002 1709 1136 1829 legum
1162 1710 1353 1826 praesidio
1369 1743 1436 1830 pet
1460 1714 1637 1801 versutias
1665 1738 1705 1800 et
1733 1713 1858 1802 dolos

394 1828 692 1950 magnaflagitia
716 1860 805 1916 cum
833 1829 968 1947 grandi
994 1830 1219 1947 reipublicae
1243 1831 1494 1920 incommodo
1509 1832 1694 1948 impunita
1719 1861 1858 1919 mane·

397 1967 508 2038 rent.
537 1950 762 2037 Curandum
779 1973 915 2036 tamen
937 1971 1021 2056 est,
1044 1950 1301 2087 inprimisque
1320 1951 1565 2059 cavendum,
1588 1980 1640 2038 ne
1656 1948 1854 2064 huiusmo·
1994 2022 1996 2030 ,
2054 1944 2070 2046 ’.

398 2068 438 2161 di
460 2066 594 2157 officio·
609 2070 838 2189 quisquam,
865 2068 933 2156 nisi
948 2067 1114 2186 prudens
1132 2099 1312 2189 ,gravrs,
1339 2072 1485 2191 integer
1504 2134 1518 2178 ,
1534 2070 1692 2184 justitiae
1706 2070 1850 2179 cultor,

394 2186 483 2303 juris
512 2195 713 2308 rerumque
742 2188 882 2308 peritus
912 2185 1172 2305 praeficiatur.
1204 2192 1457 2308 Quamquam
1486 2191 1588 2278 enim
1622 2189 1742 2276 multa
1770 2188 1853 2275 ho-

394 2309 728 2427 tumprudentiae
756 2309 1024 2426 permittuntur
1039 2340 1049 2394 :
1066 2307 1133 2424 ipsi
1156 2335 1286 2406 tamen
1301 2334 1345 2397 et.
1358 2310 1526 2418 debent,
1554 2333 1596 2398 et
1617 2307 1850 2427 solentlegi·

395 2425 466 2516 bus
493 2453 534 2516 et
563 2430 758 2533 moribus,
786 2428 921 2545 quoad
937 2425 1016 2514 fieri
1040 2427 1183 2544 possit,
1212 2428 1373 2517 servire.
1498 2460 1503 2466 ·
1590 2519 1593 2523 ,

217 2582 256 2636 oe
287 2581 402 2663 ruem„
457 2549 527 2634 ΞΗ.
584 2554 647 2636 De
669 2548 872 2636 liberorum
899 2547 1160 2664 procreatione
1181 2576 1263 2635 non
1283 2547 1406 2665 placet
1427 2543 1659 2664 philosophis
1675 2608 1688 2654 ,
1704 2573 1778 2634 uec
1795 2545 1853 2632 ni·

204 2654 383 2781 lildmfm‘
398 2664 466 2751 mis
482 2665 737 2755 adolescentes
761 2666 802 2753 in
822 2666 1133 2773 matrimonium,
1152 2694 1222 2751 nec
1245 2667 1407 2754 seniores
1420 2666 1618 2783 copulari,
1644 2694 1734 2752 cum
1750 2665 1793 2752 in
1812 2697 1857 2751 u-

205 2819 385 2882 Quanam
397 2807 533 2902 traque
556 2811 681 2874 aetate
703 2786 799 2872 filios
813 2810 853 2873 et
868 2813 1027 2901 corpore
1043 2810 1084 2873 et
1097 2784 1225 2870 animo
1248 2786 1433 2876 invalidos
1447 2786 1552 2906 gigni
1572 2809 1748 2872 constet.
1779 2788 1855 2871 lta·

206 2885 331 2936 ‘¹¹¹⁶‘¹¹‘¹⁸'
397 2931 474 3020 que
502 2904 588 2994 viris
612 2906 717 2992 circa
732 2933 877 2990 annum
907 2906 1038 2991 aetatis
1062 2904 1294 3024 trigesimum
1320 2933 1466 2992 sextum
1482 2968 1494 3012 ,
1511 2902 1654 2992 feminis
1668 2903 1768 2990 circa
1782 2903 1853 2991 de·

265 3062 376 3126 tortu,
396 3022 538 3109 cimum
553 3048 736 3115 octavum
753 3023 992 3139 tempestivas
1004 3052 1082 3112 esse
1104 3023 1254 3160 nuptias
1270 3086 1285 3131 ,
1301 3024 1518 3112 Aristoteles
1535 3023 1722 3112 decernit.
1742 3027 1855 3110 Nam

398 3141 509 3228 Plato
530 3142 753 3262 vigesimum
778 3138 967 3251 feminae,
992 3144 1077 3232 viro
1102 3144 1334 3262 trigesimum
1357 3144 1494 3261 nuptiis
1518 3142 1749 3260 aptissimum
1774 3169 1859 3228 esse
1999 3148 2000 3151 ‘
2067 3124 2070 3157 ⁴

227 3268 230 3274 ’
312 3322 349 3330 ψ
398 3259 497 3349 libro
521 3295 557 3345 v.
585 3266 632 3346 de
652 3263 863 3373 Republica
879 3261 1077 3378 prodidit,
1102 3286 1142 3350 et
1167 3262 1381 3350 mulieribus
1410 3261 1461 3351 ad
1486 3261 1854 3379 quadragesimum,

399 3379 486 3474 viris
501 3380 554 3467 ad
566 3381 923 3499 quinquagesimum
945 3382 1086 3468 circiter
1111 3382 1242 3468 aetatis
1265 3410 1410 3469 annum
1429 3379 1524 3467 lilios
1547 3407 1744 3498 procreare
1758 3402 1859 3463 tem·

399 3499 591 3615 pestivum
606 3529 704 3587 esse.
720 3503 845 3600 Quae.
858 3501 994 3587 cutasi
1014 3500 1143 3587 ceteris
1157 3500 1374 3588 hominibus
1389 3498 1607 3588 adhibenda
1621 3523 1677 3585 est
1694 3558 1707 3603 ,
1723 3524 1853 3612 quan·

402 3643 447 3708 to
479 3619 598 3737 magis
618 3619 795 3737 regibus,
819 3621 956 3735 quibus
983 3620 1086 3735 apud
1117 3621 1439 3708 lacedaemonios
1459 3647 1594 3706 uxores
1622 3617 1735 3704 etiam
1765 3644 1860 3730 pro·
1998 3668 1999 3720 3

212 3737 545 3833 tracenuxorcetio‘re
575 3762 717 3824 sutura
741 3738 878 3825 ducere
903 3738 1112 3858 legitimum
1143 3764 1252 3845 erat,
1276 3763 1321 3825 ut
1349 3740 1512 3844 liberos,
1541 3737 1610 3854 qui
1640 3759 1860 3823 maternam
1997 3750 1998 3755 '

211 3843 268 3954 {12⁸¹
298 3842 692 3972 ‘¹¹¹⁰‘¹¹'corporaturam
716 3856 798 3973 plus
823 3857 961 3966 etiarn,
982 3888 1100 3975 quam
1123 3882 1319 3974 paternam
1342 3852 1477 3944 referre
1503 3856 1657 3962 solent,
1681 3852 1865 3974 grandio-
1999 3887 2000 3890 ¹

404 4003 462 4061 res
488 4002 752 4089 procrearent.
785 3978 1034 4093 Quamquam
1058 3978 1098 4063 in
1123 3975 1329 4083 mediocri,
1348 4000 1416 4062 aut
1438 3974 1689 4091 etiamparva'
1709 3995 1862 4058 statura
1997 4071 1998 4074 p

243 4195 364 4258 mm
407 4092 657 4210 magnitudini
672 4120 755 4181 turn
781 4095 894 4180 anim
911 4157 924 4202 ,
941 4121 1025 4182 tum
1046 4095 1161 4183 etiam
1178 4095 1317 4182 consilii
1340 4093 1447 4182 locus
1466 4120 1549 4200 cst,
1568 4119 1613 4182 ut
1637 4094 1686 4181 de
1709 4089 1862 4227 Tydeo
1998 4132 1999 4155 2

215 4259 368 4328 corporum
406 4211 574 4325 prodidit
601 4214 820 4300 Homerus:
845 4213 998 4301 etitem
1027 4215 1166 4305 viribus
1197 4214 1397 4333 ingenuis,
1451 4242 1523 4300 uae
1548 4214 1649 4301 vitos
1673 4210 1865 4325 principes
2067 4284 2070 4313 ,

216 4315 385 4377 mutarentur!

215 4380 267 4436 νὴ,
407 4329 567 4415 maxime
593 4329 753 4438 decent,
778 4361 848 4419 nec
871 4332 1029 4420 enimin
1061 4333 1117 4420 his
1142 4333 1413 4421 athletarumh
1462 4332 1533 4420 itus
1557 4358 1596 4419 et
1618 4332 1737 4417 robur
1755 4327 1866 4413 desi-
1996 4397 1997 4401 a
2068 4411 2070 4430 ,

407 4446 583 4536 deratur.
612 4450 887 4539 Verumtamen
916 4452 1083 4569 corporis
1112 4452 1363 4587 proceritate,
1393 4452 1470 4540 sine
1500 4480 1579 4569 qua
1605 4444 1860 4567 pulchritudo
1997 4435 1999 4508 ἶ

407 4593 490 4654 non
512 4589 691 4676 constat,
716 4569 878 4656 multum
895 4573 1039 4660 accedit
1055 4572 1261 4687 marcenti:
1279 4571 1384 4658 unde
1399 4599 1493 4658 nora
1511 4595 1568 4657 est
1581 4569 1766 4656 Indorum
1786 4567 1865 4660 Ae·
1998 4577 1999 4581 ‘

406 4683 658 4803 thiopumque
683 4689 923 4777 consuetudo
939 4753 952 4796 ,
968 4693 1017 4779 de
1032 4719 1111 4810 qua
1139 4690 1311 4780 meminit
1326 4688 1570 4796 Aristoteles,
1593 4687 1753 4775 maxima
1783 4684 1870 4769 cui-
1998 4724 1999 4728 Ν

408 4821 486 4919 que
498 4829 640 4892 statura
654 4833 815 4926 regnum
830 4809 1067 4927 popularium
1091 4807 1270 4934 srrffragio
1285 4805 1478 4899 deferendi
1494 4840 1504 4895 ι
1520 4807 1581 4894 cui
1596 4801 1805 4893 sententiae
1821 4825 1871 4889 et

408 4924 671 5018 consuetudini
692 4927 899 5042 convenit,
922 4930 1201 5053 plurinumque
1224 4929 1454 5022 auumitatis
1477 4925 1584 5018 addit
1600 4925 1718 5017 Saulis
1732 4950 1871 5129 erlrem·

1734 5072 1870 5161 pum,
