4192 5880
530 395 666 470 Aac.
702 356 1310 470 ιιιιιοιιιιοιιιιιι.ι
1580 422 1621 473 ιι

194 519 402 632 „fecisset,
431 538 663 637 magnopere
687 520 810 608 mirari
823 581 836 626 ,
850 544 960 608 tanto
982 517 1098 638 magis
1118 547 1207 605 cum
1230 520 1341 635 ipsius
1371 520 1536 608 studium
1566 524 1645 610 ani-

192 704 217 751 „
230 669 389 759 musque
421 639 460 724 in
491 642 681 727 ecclesiam
705 670 915 756 numquam
943 636 1069 726 fitisset
1100 639 1332 726 dubitabilis
1352 647 1379 692 “
1412 634 1562 739 Quibus
1592 666 1644 729 ta

191 790 279 847 men
313 761 434 849 verbis
453 791 541 846 cum
563 761 690 877 iniqua
713 760 903 877 postulata
923 760 1172 864 addidissent,
1194 788 1234 845 te
1260 757 1422 896 infecta,
1456 763 1524 848 sed
1550 790 1639 848 cum
1769 864 1771 867 .

187 882 288 1016 pacis
315 878 464 967 futurae
491 910 576 1016 spe,
593 880 804 967 redierunt.
838 878 1051 965 Tandem
1042 876 1171 964 ttinere
1198 907 1280 967 non
1311 879 1544 985 intermisso,
1562 881 1642 996 qui-

188 1001 244 1086 nis
271 1001 376 1088 denis
407 999 531 1085 castris
557 999 782 1087 Florentiam
806 999 976 1114 pervenit
991 1057 1004 1106 ,
1019 994 1166 1112 fuitque
1192 1026 1216 1081 a
1240 998 1459 1085 Florentinis
1486 999 1686 1122 splendi·Ae
1675 1013 1829 1068 norem„

189 1119 238 1206 de
268 1150 313 1205 ac
336 1117 537 1238 magnifice
561 1143 761 1233 exceptus,
777 1119 960 1235 nulloque
985 1113 1113 1203 officio
1139 1117 1259 1202 sociae
1288 1141 1328 1202 et
1349 1115 1489 1203 amicae
1516 1118 1667 1204 civita·v
1650 1073 1830 1184 “illidat

144 1354 147 1358 ι
186 1238 232 1324 tis
261 1239 545 1353 praetermisso,
564 1265 716 1326 centum
739 1238 1014 1357 quinquaginta
1039 1236 1181 1354 equites
1202 1235 1237 1322 ei
1266 1237 1387 1323 auxilii
1411 1229 1521 1322 causa
1544 1237 1638 1323 haec
1650 1195 1717 1316 {ii
1718 1209 1743 1244 ω
1761 1196 1830 1246 “⁰¹

186 1357 317 1445 civitas
340 1358 525 1444 decrevit

247 1477 300 1562 X.
359 1475 447 1612 Jam
472 1477 558 1564 hinc
581 1476 775 1595 Aegidio,
800 1506 900 1595 quos
927 1471 1027 1565 viros
1062 1473 1112 1563 ab
1128 1474 1419 1591 Archiepiseopo
1449 1474 1636 1562 Mediola·
1644 1493 1770 1622 Joffgpeq
1783 1495 1831 1609 pf}

187 1593 291 1682 nensi
318 1596 498 1712 accepisse
530 1596 897 1699 demonstravimus,
929 1596 1072 1731 legatos
1103 1596 1153 1682 ad
1163 1596 1366 1707 Joannem
1393 1594 1531 1681 Vicum
1559 1596 1641 1682 mit
1627 1629 1716 1669 cum
1835 1629 1841 1633 ·

187 1738 266 1801 tete
297 1713 443 1829 placet,
473 1714 609 1834 quibus
636 1716 820 1823 mandat,
852 1740 896 1802 ut
926 1714 1092 1831 exposita
1124 1700 1401 1828 Archiepiscopi
1441 1715 1640 1803 voluntate

188 1861 232 1919 ac
251 1835 407 1921 consilio
435 1864 526 1954 erga
554 1859 765 1972 susceptam
790 1832 1092 1950 expeditionem,
1117 1831 1305 1919 Pontificis
1338 1832 1486 1948 suisque
1517 1835 1639 1922 verbis

75 2021 79 2039 .,
188 1952 222 2037 ei
245 1951 488 2062 renuntient,
522 1954 692 2068 oppida,
721 1955 862 2061 vicos,
872 1953 1044 2059 castella,
1066 1950 1253 2069 quidquid
1276 1952 1429 2037 demum
1461 1980 1640 2069 occupas·

190 2070 459 2188 set,quod
450 2102 528 2185 rute
555 2072 606 2158 ad
633 2073 822 2161 ecclesiam
849 2072 1074 2189 pertineret,
1099 2067 1333 2156 Pontifici
1308 2099 1384 2156 stne
1410 2070 1484 2156 ulla
1530 2102 1639 2158 mora

186 2190 420 2297 restitueret;
446 2191 710 2297 habiturus,
683 2224 712 2279 ιι
744 2193 795 2281 ita
819 2186 959 2278 lecisset
975 2249 988 2298 ,
1005 2189 1186 2277 omnium
1206 2190 1490 2325 praeteritorum
1523 2191 1639 2278 malo

186 2333 272 2394 rum
299 2340 323 2395 a
349 2340 500 2400 summo
524 2309 705 2398 Pontifice
734 2309 916 2415 veniam,
944 2310 998 2397 sin
1025 2332 1235 2414 recusaret,
1263 2332 1330 2394 aut
1354 2308 1492 2424 quovis
1517 2309 1640 2397 modo

186 2427 518 2545 tergiversaretur,
554 2454 599 2517 ut
628 2430 800 2518 ecclesiae
818 2427 1081 2545 Pontificisque
1106 2427 1206 2514 hosti
1233 2426 1372 2512 bellum
1405 2427 1637 2535 indicerent,

186 2568 227 2632 et
246 2547 353 2635 minis
386 2572 663 2636 conterrerem.
695 2554 733 2637 A
763 2547 947 2635 Florentia
976 2547 1155 2684 Aegidius
1185 2545 1328 2663 magnis
1365 2541 1554 2632 itineribus
1580 2550 1638 2633 Se·
1641 2570 1829 2684 {transeat

186 2690 255 2749 nas
276 2666 327 2751 ire
353 2665 574 2773 contendit,
608 2666 717 2780 hujus
743 2667 845 2754 enim
867 2667 1022 2756 civitatis
1052 2665 1230 2782 primores
1257 2682 1494 2781 cognoverat
1530 2665 1643 2759 vene,
1648 2633 1705 2686 ‘¹¹³⁸
1718 2632 1798 2685 ’Μ

188 2808 336 2869 menter
366 2788 621 2921 tumultuare,
646 2788 739 2873 dum
769 2786 872 2871 alteri
901 2783 1040 2899 Joarmi
1061 2785 1190 2888 Vico,
1208 2782 1312 2868 alteri
1336 2781 1506 2869 Pontifici
1530 2780 1639 2872 Max.
1658 2877 1661 2879 Α

183 2901 400 2991 studerent:
411 2907 515 3021 cujus
548 2905 719 2993 adventu
746 2932 971 3022 operaque,
1002 2928 1041 2989 et
1069 2902 1268 3036 prudentia
1296 2902 1474 3038 Episcopi
1496 2906 1637 2989 Senen-

183 3020 231 3105 sis
263 3021 451 3111 celerrime
474 3021 650 3111 effectum
680 3050 766 3131 est,
797 3051 842 3110 ut
862 3023 1071 3138 composita
1095 3020 1277 3107 seditione
1307 3046 1440 3111 omnes
1465 3017 1503 3105 in
1519 3022 1636 3109 eccle·

182 3139 257 3224 siae
301 3165 424 3254 partes
452 3144 752 3249 adducerentur,
778 3167 818 3228 et
843 3142 1037 3228 communi
1067 3140 1221 3228 consilio
1255 3162 1410 3225 centum
1448 3138 1635 3229 auxiliares

182 3258 329 3374 equites
359 3261 522 3379 Aegidio
553 3291 598 3349 ea
626 3260 753 3349 civitas
779 3260 904 3348 daret.

244 3379 314 3462 XI.
371 3384 517 3466 Interea
539 3380 692 3466 allatum
717 3399 772 3467 est
787 3379 937 3468 hostiles
962 3375 1088 3494 copias
1112 3404 1194 3463 non
1216 3372 1333 3495 longe
1350 3376 1477 3462 abesse
1501 3395 1525 3460 a
1547 3373 1634 3464 Me«

182 3495 296 3580 vania
323 3523 363 3582 et
387 3500 527 3586 Monte
561 3498 811 3605 Faliscortun,
836 3528 958 3619 quare
984 3527 1029 3583 ea
1012 3410 1202 3612 poppida
1230 3525 1311 3582 non
1344 3496 1631 3583 contemnendis

183 3613 367 3725 praesidiis
398 3618 532 3702 munin
523 3618 711 3753 placuit.
745 3614 958 3704 Influxerat
970 3614 1093 3702 ltaliae
1119 3616 1349 3730 temporibus
1374 3612 1437 3699 illis
1468 3613 1633 3728 perdito

183 3757 273 3815 rum
302 3733 505 3821 multitudo
522 3738 614 3852 ,qui
642 3765 666 3819 a
689 3735 893 3821 Germama
922 3765 1003 3820 non
1030 3733 1258 3820 domicilium
1282 3757 1348 3821 aut
1371 3758 1492 3821 novas
1524 3735 1631 3822 sedes
1730 3757 1736 3767 “

98 3915 106 3925 .
182 3851 362 3962 captandi
387 3853 530 3970 gratia,
547 3879 591 3940 ut
606 3853 780 3940 Cimbros
804 3853 895 3939 olim
915 3850 1038 3938 fecisse
1054 3852 1208 3969 legimus
1227 3849 1317 3957 ,sed
1348 3848 1511 3938 bellandi
1528 3880 1631 3967 prae

182 3966 377 4087 dandique
400 3970 527 4059 sruclio
552 3971 711 4079 conciti,
737 3976 918 4060 Montem
938 3968 1121 4088 Regalem
1141 3992 1181 4057 et
1199 3971 1391 4057 Comitem
1416 3884 1632 4059 Laudiitum
1768 4052 1772 4059 ι

183 4082 299 4174 duces
329 4091 602 4206 sequebantur.
634 4092 706 4176 His
732 4089 817 4177 belli
839 4090 1004 4209 gerendi
1016 4114 1061 4174 ea
1083 4090 1179 4176 ratio
1208 4108 1313 4194 erat,
1331 4112 1374 4176 ut
1401 4089 1632 4223 singularum

182 4201 380 4293 civitatum
406 4239 517 4327 agros
539 4210 721 4296 hactenus
747 4205 962 4296 infestarent
974 4206 1200 4325 ,otiumque
1224 4233 1354 4293 earum
1386 4206 1653 4314 solicirarent,

179 4320 308 4408 donec
340 4327 471 4463 populi
503 4357 646 4446 magno
668 4329 794 4464 pretio
833 4328 883 4415 ab
922 4328 972 4414 eis
999 4356 1130 4444 pacem
1164 4324 1340 4416 redimere
1380 4346 1625 4443 cogerentur:

180 4467 263 4556 qua
295 4440 523 4533 immanitate
551 4476 639 4532 cum
667 4447 705 4531 in
734 4446 896 4563 populos
935 4446 1194 4534 ecclesiasticae
1232 4440 1381 4533 ditionis
1402 4444 1636 4558 potissimum

185 4586 274 4644 usos
304 4584 522 4670 constaret,
538 4593 618 4652 non
641 4589 770 4651 tamen
793 4563 973 4684 Aegidius
996 4564 1045 4652 ad
1079 4590 1249 4702 praesens
1269 4591 1334 4651 eos
1359 4562 1460 4650 bello
1486 4563 1635 4650 lacesse

182 4704 227 4764 re
244 4680 283 4763 in
308 4706 388 4765 rem
416 4672 499 4766 fore
515 4683 705 4791 ducebat,
720 4713 769 4770 ne
798 4712 836 4770 ιι
860 4684 1109 4797 JoanniVico
1135 4685 1217 4770 id
1208 4714 1332 4799 rpsum
1355 4679 1499 4800 magnis
1528 4712 1630 4797 prae
1709 4756 1715 4760 .

183 4795 266 4882 miis
296 4797 698 4918 pollicitationibusque
738 4802 909 4890 suadenti
939 4803 1041 4888 socia
1076 4833 1179 4888 arma
1202 4803 1438 4939 junxissent,
1472 4800 1639 4888 hostium

183 4940 367 5006 numems
397 4949 538 5039 magna
575 4921 815 5012 mulitudine
842 4945 1061 5040 augeretur.
1107 4928 1201 5012 Erat
1233 4922 1335 5010 enim
1368 4947 1415 5009 ea
1455 4919 1640 5026 societas,

1165 5044 1240 5127 Ba
1552 5062 1644 5125 narn
