4034 5858
529 371 599 441 ot
626 366 776 462 Jusurs
799 368 1130 443 teutrannus.
1456 400 1522 472 135

90 525 137 586 ut
162 500 295 585 lnnoc.
322 520 362 583 et
392 490 586 582 Hosriens.
617 492 820 610 gravissimi
809 489 1021 581 Auctores
1049 496 1343 604 tradiderunts
1333 525 1430 583 mc.
1452 506 1553 608 quod

90 637 207 730 super
221 619 281 700 his
297 618 343 699 de
358 629 468 700 voto:
484 612 622 727 quibus
653 611 769 745 ann.
796 613 970 698 Andreas
1000 639 1039 700 ιι
1062 619 1202 701 Panos.
1223 616 1488 734 suffragantur

150 738 251 820 VII.
306 739 409 825 Nam
426 730 597 816 Christus
611 729 707 844 ,qui
734 729 783 814 sic
805 732 992 847 praecepit
1021 734 1211 845 Apostolis
1228 734 1443 848 (Matthaei
1456 736 1548 823 ulti-

90 852 172 969 mo)
186 858 310 939 docete
327 878 447 938 omnes
467 864 599 958 gentes
615 907 629 952 ,
645 874 890 955 quaecumque
907 855 1087 934 mandavi
1106 855 1237 937 vobis:
1275 854 1376 938 idem
1393 880 1549 941 naturae

90 969 178 1086 lex,
208 1000 308 1107 quae
339 968 567 1085 decalogo,
593 993 631 1052 et
662 965 862 1052 dilectione
889 970 1046 1083 proximi
1068 971 1325 1075 continetur,
1351 970 1390 1054 in
1424 975 1549 1087 primis

88 1090 228 1180 servari
253 1088 361 1201 iussit.
397 1092 452 1174 Ut
479 1110 609 1172 autem
641 1082 805 1171 infideles
833 1087 1106 1203 Evangelicam
1134 1031 1451 1202 praedicationem
1483 1121 1548 1177 au

89 1207 172 1294 dire
195 1233 233 1293 et
252 1209 390 1341 legem
398 1230 556 1291 naturae
583 1231 729 1290 servare
767 1230 1001 1319 cogantur,
1033 1235 1181 1292 necesse
1208 1232 1264 1293 est
1293 1232 1337 1293 ut
1369 1208 1546 1294 Christia-

91 1353 240 1427 norum
264 1323 420 1439 imperio
446 1322 707 1434 subjiciantur:
738 1321 969 1408 causaliter
960 1324 1100 1440 rgitur,
1115 1350 1158 1410 ut
1188 1351 1273 1411 utar
1301 1325 1420 1412 verbo
1451 1353 1549 1440 pon·

89 1437 237 1550 tificio,
238 1444 322 1529 hoc
348 1470 506 1558 quoque
537 1440 696 1555 pertinet
712 1438 762 1523 ad
793 1465 1019 1555 potestatem
1048 1447 1173 1556 Papae
1204 1505 1217 1549 ,
1245 1443 1354 1579 quod
1383 1473 1548 1560 magno·

90 1590 181 1678 pete
197 1505 363 1679 dirigitur
384 1561 434 1647 ad
451 1559 648 1674 spiritalia,
673 1584 773 1699 quae
799 1583 886 1643 sunt
911 1559 1077 1672 ejusdem
1103 1562 1324 1674 potestatis,
1340 1590 1373 1645 c.
1394 1579 1469 1671 per
1482 1591 1549 1648 ve·

89 1680 321 1786 nerabilem,
347 1679 610 1780 §.rationibus
626 1702 689 1784 qut
683 1672 790 1773 'l'fi
758 1704 788 1759 ιι
805 1685 884 1759 sint
899 1684 1004 1788 legit.
1036 1680 1118 1774 Qui
1133 1703 1262 1764 autem
1285 1679 1387 1765 idola
1403 1680 1548 1788 colunt,
1676 1784 1680 1785 ⁷

90 1795 115 1884 ii
141 1799 302 1886 maxime
318 1797 465 1885 violant
485 1794 609 1936 legem
636 1819 818 1878 naturae.
850 1795 984 1907 Jure
975 1797 1085 1913 rgitur
1110 1796 1330 1882 idololatrae
1346 1797 1446 1883 bello
1463 1829 1550 1912 pos·

92 1944 181 2002 sunt
209 1945 232 2000 a
260 1914 480 2002 Christianis
507 1912 713 2016 coerceri,
756 1936 801 1999 ut
827 1913 993 2026 ipsorum
1019 1915 1177 2030 imperio
1208 1914 1387 2026 subjecti,
1404 1916 1550 2033 exlege

89 2058 250 2129 naturae
282 2033 409 2124 vivere
437 2055 653 2149 cogantur,
680 2058 780 2117 neve
808 2060 874 2144 pet
904 2031 1096 2119 idolorum
1119 2033 1262 2119 cultum
1279 2032 1355 2118 ab
1345 2032 1428 2146 rpsis
1444 2039 1550 2120 Deus

89 2151 401 2288 blasphemetur,
432 2175 471 2238 et
499 2147 729 2237 offendatur.
758 2154 902 2283 Legem
934 2176 1062 2236 autem
1093 2175 1249 2237 natutae
1279 2152 1328 2236 ab
1357 2151 1550 2242 idolorum

88 2271 361 2359 cultoribus
312 2272 465 2356 ιιιιιιὶιιιι
482 2268 622 2354 servati
648 2266 810 2353 dubitari
835 2296 917 2354 non
941 2269 1101 2383 poterit,
1133 2300 1163 2354 sr
1152 2269 1309 2386 legem
1327 2294 1484 2356 naturae
1501 2273 1552 2357 ab

89 2388 216 2504 aliqua
239 2412 353 2506 gente
381 2417 466 2475 non
492 2386 630 2474 servati
656 2385 806 2500 quid
780 2411 824 2471 stt
842 2387 1121 2505 ,intelligatur.
1152 2388 1418 2505 Quamvisque
1450 2390 1602 2523 enimcp
1599 2422 1647 2466 na
1661 2411 1743 2464 taust

89 2507 221 2603 omnia
250 2529 403 2621 peccata
423 2504 596 2592 mortalia
625 2503 698 2588 sint
722 2528 857 2589 comta
884 2501 1008 2620 legem
1035 2530 1221 2612 natutae,
1254 2531 1298 2590 ut
1327 2535 1404 2592 esse
1436 2476 1656 2594 (ΙοιιιΜ

87 2625 359 2759 Augustinus,
389 2651 471 2709 non
487 2636 645 2727 tamen,
662 2620 691 2705 si
716 2649 798 2736 qua
824 2621 862 2706 in
879 2646 997 2739 gente
1026 2647 1178 2740 peccata
1206 2624 1379 2710 mortalia
1401 2648 1551 2761 patran

90 2767 154 2827 tur
171 2803 183 2849 ,
201 2742 373 2857 protinus
389 2743 427 2828 hi
456 2740 606 2827 dicendi
629 2765 718 2825 sunt
733 2741 858 2857 legem
874 2767 1032 2828 naturae
1058 2772 1140 2830 non
1157 2771 1308 2831 servate
1326 2803 1338 2849 ‚
1364 2767 1409 2830 ut
1432 2743 1552 2856 junio·-

88 2888 148 2947 res
176 2861 350 2976 quidam
360 2858 533 2976 theologi
561 2857 656 2944 falso
684 2882 895 2974 putarunt.
927 2864 1033 2945 Nam
1063 2889 1113 2947 eo
1143 2861 1297 2997 quidem
1328 2864 1448 2949 modo
1466 2892 1552 2948 nus

89 3005 213 3113 quam
229 2979 401 3094 gentium
421 2977 490 3063 lert
512 3001 670 3063 naturae
700 3000 937 3063 servaretur.
971 2982 1097 3065 Causa
1127 2981 1229 3065 enim
1262 2980 1408 3094 publica
1427 2982 1552 3096 publi-
1584 3005 1691 3067 ιιιι

91 3095 143 3180 cis
174 3096 339 3182 moribus
371 3120 411 3181 et
432 3095 603 3182 institutis
633 3092 885 3206 dijudicanda
888 3120 974 3200 est,
1000 3121 1045 3183 ut
1077 3099 1192 3185 docet
1213 3098 1454 3205 Aristoteles,
1470 3129 1552 3187 non

87 3212 355 3330 singulorum
343 3238 444 3306 tecte
483 3238 549 3300 aut
578 3240 777 3329 perperam
795 3209 913 3300 factis.
945 3213 1021 3298 Sed
1051 3243 1097 3300 ea
1127 3215 1284 3300 demmr
1308 3229 1400 3331 gens
1429 3215 1553 3351 legem

90 3353 253 3422 naturae
272 3361 355 3419 non
380 3361 527 3421 servate
543 3330 785 3446 intelligenda
801 3355 857 3417 est
872 3318 1008 3446 ,apud
1024 3361 1142 3447 quam
1171 3358 1369 3448 peccatum
1396 3334 1551 3450 aliquod

88 3449 309 3539 mortalem
335 3452 446 3536 rebus
471 3449 642 3565 turpibus
658 3475 738 3531 non
767 3449 966 3554 habenas,
1000 3448 1067 3536 sed
1096 3451 1242 3567 publice
1265 3453 1471 3566 probatum
1507 3480 1552 3540 ut

91 3568 196 3680 apud
220 3569 292 3655 hos
307 3570 488 3655 barbatos
510 3566 792 3657 homicidium
782 3569 1079 3675 innocentium,
1111 3570 1177 3684 qui
1205 3570 1368 3654 multis
1357 3599 1397 3654 ιιι
1425 3571 1547 3686 regio·

92 3685 203 3783 nibus
229 3685 547 3790 immolabantur,
581 3710 620 3771 et
643 3683 784 3798 ubique
813 3684 918 3799 apud
943 3684 1097 3772 eosdem
1113 3687 1323 3773 idololatria
1339 3748 1352 3793 ,
1368 3688 1477 3802 quod
1494 3713 1551 3778 est

89 3827 332 3920 peccatorum
357 3805 638 3923 gravissimum.
670 3803 825 3898 Quibus
848 3802 1054 3890 rationibus
1078 3805 1190 3919 plane
1224 3805 1439 3922 intelligitur
1467 3836 1549 3896 non

90 3923 266 4037 peculiari
289 3925 371 4009 1)ιί
376 3923 575 4012 voluntate
590 3941 640 4007 et
657 3920 809 4013 ocouro
825 3920 995 4034 judicio,
1030 3924 1096 4009 sed
1110 3924 1308 4009 communi
1338 3924 1422 4039 lege
1436 3952 1550 4014 natu·

90 4067 155 4124 rae
199 4067 354 4159 propter
386 4066 594 4129 memorata
609 4036 780 4157 flagitia,
807 4067 907 4156 quae
923 4040 1109 4154 pertinent
1125 4041 1254 4127 omnia
1278 4042 1337 4128 ad
1356 4042 1548 4132 idolorum

92 4157 267 4267 cultum,
298 4161 375 4248 illas
393 4186 525 4278 gentes
553 4156 663 4246 fauisse
680 4158 849 4244 deletas..
882 4163 1015 4274 ltaque
1039 4160 1095 4245 his
1122 4159 1275 4245 divinae
1307 4159 1481 4247 historiae
1507 4187 1548 4251 et

90 4301 282 4362 sacrorum
296 4279 501 4366 doctorum
530 4276 748 4367 testimoniis
774 4275 959 4394 colligitur
977 4278 1048 4363 hos
1073 4266 1254 4364 barbaros
1279 4303 1432 4412 propter
1465 4311 1549 4370 suas

90 4390 328 4526 impietates,
356 4397 385 4483 si
400 4397 479 4512 jure
500 4426 652 4488 summo
683 4396 877 4528 agendum
892 4418 1013 4501 esset,
1044 4394 1208 4509 potuisse
1238 4419 1277 4483 et
1299 4395 1377 4485 vita
1416 4424 1462 4485 et
1477 4425 1550 4486 ter·

88 4509 139 4596 ris
162 4540 208 4597 ac
237 4512 346 4600 bonis
365 4516 542 4603 omnibus
571 4514 742 4600 mulctari
767 4514 852 4600 ad
844 4537 978 4626 rustam
1009 4513 1274 4647 punitionem.
1304 4539 1451 4630 quanto
1481 4518 1551 4633 igi·

87 4651 154 4715 tur
157 4630 288 4766 magis
313 4631 476 4749 jurepo
476 4656 581 4720 ssunt
611 4632 935 4727 Christianorum
923 4631 1082 4745 imperio
1098 4632 1251 4747 subjici,
1286 4662 1377 4717 non
1389 4659 1433 4718 ut
1463 4636 1549 4718 talia

86 4746 281 4861 patiantur
306 4666 495 4866 (nampo
495 4750 731 4838 ssessionibus
759 4780 825 4836 eos
840 4773 908 4834 aut
933 4749 1104 4837 libertate
1132 4752 1278 4865 private
1303 4750 1462 4838 vetitum
1491 4777 1549 4839 est

87 4862 175 4984 lege
202 4872 360 4988 Regum
392 4867 679 4989 llispanorum)
705 4870 772 4958 scd
801 4891 845 4956 ut
875 4867 1213 4959 Christianorum
1203 4868 1360 5037 ampetio
1393 4867 1546 5057 subjecp
