4192 5880
460 415 845 493 HISPANORUM
883 411 1279 488 nonontettsts.
1525 403 1566 487 ai

110 550 114 556 ’
147 578 225 666 que
248 547 439 662 utriusque
450 541 534 655 juris
560 541 812 629 doctissimum
828 564 984 627 testatus
1001 568 1106 626 sum:
1124 565 1250 655 quae,
1269 565 1313 626 ut
1328 538 1470 643 video,
1495 540 1594 627 edita

51 757 55 761 .
148 667 339 783 invulgus
363 690 418 750 est
446 661 622 748 cumillis
652 659 947 764 commentariis,
964 688 1065 775 quae
1093 658 1169 769 ipse
1188 656 1226 739 in
1253 666 1279 742 l.
1294 658 1425 744 Gallus
1454 662 1500 740 de
1531 661 1596 742 lib.

149 801 187 868 at
205 802 308 893 post.
327 783 379 888 ff.
411 781 638 894 composuit.
671 780 736 864 Ad
766 782 858 864 haec
885 778 1074 864 Antonius
1100 778 1148 863 de
1179 777 1312 892 burgis
1339 776 1791 898 salmanticendpgggggj

148 903 220 1007 sis,
238 903 299 988 cui
324 903 528 989 doctorum
552 925 752 983 consensus
775 896 909 1011 primas
924 896 962 979 in
978 895 1062 1007 jutis
1077 892 1259 980 Pontificii
1284 895 1500 1011 cognitione
1529 897 1592 983 de·
1611 870 1709 970 {altiss
1727 878 1788 957 lc·

143 1019 232 1106 lert.
259 1021 377 1132 Cujus
400 1017 612 1103 discessum·
630 1016 764 1099 mirum
800 1038 855 1099 est
886 1044 1002 1129 quam
1025 1042 1136 1130 aegre
1164 1011 1289 1097 tulerit
1304 1013 1506 1099 Academia
1523 1018 1594 1098 us
1640 1054 1641 1061 Ν

145 1136 337 1223 boniensis
351 1199 363 1242 ‚
379 1134 444 1219 ubi
470 1133 724 1219 honestissima
743 1132 961 1218 conditione
984 1133 1039 1245 jus
1055 1126 1290 1216 Pontificium
1308 1129 1450 1246 publice
1484 1131 1598 1217 doce·

147 1254 218 1339 bat
233 1315 245 1358 ‚
261 1284 349 1339 cum
371 1276 427 1336 est
452 1281 476 1334 a
496 1258 623 1336 [eone
652 1250 799 1336 decimo
827 1248 1009 1336 Pontifice
1031 1253 1136 1334 Max.
1165 1246 1379 1360 hujusmodi
1412 1248 1598 1361 opinionis

147 1367 254 1455 fama
279 1395 477 1457 commoto
503 1373 667 1453 Romam
700 1368 920 1471 accersitus3
952 1392 996 1453 ut
1025 1369 1101 1479 ejus
1127 1365 1298 1451 doctrina
1323 1395 1367 1450 ac
1395 1365 1536 1477 judlcio
1560 1368 1600 1450 in

141 1488 317 1572 -maxitnis
339 1487 448 1573 rebus
475 1509 655 1572 uteretur.
686 1485 931 1602 Dignissimus
963 1514 1143 1601 quoque,
1160 1483 1226 1597 qui
1259 1483 1353 1569 inter
1382 1484 1601 1597 praecipuos

151 1629 393 1708 numeretur,
424 1605 589 1716 Joaunes
604 1605 859 1690 Montesdoca
873 1603 1123 1716 Hispalensis,
1138 1600 1230 1716 qui,
1245 1625 1291 1686 ut
1312 1626 1455 1687 taceam
1483 1631 1600 1717 quam
1612 1620 1663 1730 gc
1664 1623 1790 1728 pugg·

144 1720 191 1806 in
205 1721 398 1838 theologia
420 1720 471 1805 acl
485 1721 669 1805 Scoticam
692 1720 930 1806 subtilitatem
948 1780 961 1825 ‚
978 1748 1094 1837 quam
1118 1718 1348 1832 potissimum
1369 1692 1722 1826 aemulatumnd

151 1838 321 1953 proxime
341 1839 521 1940 accedat,
552 1865 641 1922 cum
672 1835 780 1950 hujus
810 1840 1011 1923 memoriae
1033 1836 1343 1951 philosophorum
1376 1835 1601 1951 principibus

153 1984 279 2071 aequo
296 1958 425 2041 Marte
452 1978 569 2039 certat
599 1954 784 2068 deprimo
800 1954 908 2040 loco:
924 1956 1183 2072 quiquenunc
1201 1953 1242 2037 in
1277 1953 1516 2039 celeberrimo
1532 1985 1602 2071 gy·

154 2072 298 2158 mnasio
311 2072 494 2159 Patauino
516 2070 827 2186 philosophorum
842 2069 946 2157 facile
970 2075 1166 2188 princeps,
1186 2099 1316 2156 annuo
1341 2079 1602 2156 sexcentorum

154 2188 385 2276 ducatorum.
414 2189 547 2276 salario
573 2189 780 2275 naturalem
802 2189 1012 2276 doctrinam
1032 2191 1158 2275 docet.
1190 2194 1332 2275 Noster
1359 2209 1516 2304 quoque
1545 2214 1602 2276 est

153 2307 211 2394 vir
247 2306 462 2424 theologica
486 2305 656 2393 doctrina
683 2305 801 2392 'clarus
819 2307 1007 2393 Martinus
1021 2308 1170 2392 Garsias
1195 2308 1402 2422 Episcopus
1426 2306 1601 2394 Barcino
1668 2325 1793 2377 Mutat·

154 2425 276 2511 nensis
295 2456 304 2509 :
322 2426 403 2541 qui,
432 2449 477 2510 ut
492 2424 545 2510 tei
565 2454 750 2510 summam
765 2425 991 2539 complectar
1008 2487 1021 2532 ‚
1038 2425 1139 2509 nulla
1155 2425 1338 2537 majorum
1354 2453 1508 2508 suorum
1527 2424 1599 2508 da·
1613 2385 1714 2515 diiii
1733 2383 1794 2512 ,llil

154 2540 263 2627 ritate
288 2542 462 2656 adjutus,
494 2570 541 2627 ex
580 2537 733 2626 fortuna
759 2571 940 2657 perquam
967 2542 1145 2627 mediocri
1170 2543 1220 2627 ad
1250 2570 1409 2658 magnos
1424 2545 1603 2656 processit
1614 2513 1770 2554 ‘mmm'

149 2658 321 2744 bonores
335 2720 348 2765 ‚
363 2683 403 2745 et
433 2657 577 2775 ingenti
602 2687 646 2742 ac
672 2657 871 2772 multiplice
904 2660 1041 2746 virtute
1060 2660 1262 2774 conjuncta
1295 2660 1374 2774 pari
1403 2659 1604 2772 sapientiae
1676 2678 1678 2681 ’

155 2772 196 2860 id
226 2798 282 2860 est
297 2801 510 2880 assecutus,
528 2802 571 2860 ut
598 2775 795 2891 episcopali
810 2777 979 2895 dignitati
995 2807 1137 2894 ‚quam
1150 2778 1221 2863 suis
1237 2776 1301 2860 sibi
1330 2776 1466 2863 meritis
1489 2807 1603 2892 pepe·

155 2917 254 2976 terat
270 2954 282 2997 ‚
297 2922 379 2979 non
405 2894 525 2977 minus
542 2892 667 2978 decori
684 2922 761 2979 esse
776 2919 969 3007 putaretur
987 2957 1000 3000 ,
1015 2925 1130 3009 quam
1160 2897 1209 2979 ab
1225 2895 1356 2980 eadem
1382 2894 1458 3007 ipse
1485 2894 1612 2980 hone-v

154 3033 313 3095 starettn
330 3041 340 3094 τ
357 3038 456 3124 quae
481 3010 685 3095 multorum
702 3071 715 3117 ,
735 3012 801 3126 qui
815 3012 938 3097 virum
963 3009 1170 3098 familiarius
1198 3035 1464 3129 cognoverunt
1481 3073 1492 3116 ‚
1510 3039 1599 3097 con·

154 3125 268 3212 stanti
283 3128 392 3212 nobis
416 3155 587 3213 sermone
600 3128 738 3232 relata,
754 3157 858 3242 spem
883 3130 1070 3216 dederunt
1086 3192 1098 3235 ,
1114 3159 1222 3244 posse
1245 3132 1348 3214 hunc
1379 3129 1469 3214 mihi
1500 3125 1602 3217 fama

155 3266 306 3329 tantum
330 3269 467 3331 notum
482 3245 577 3329 inter
594 3245 763 3334 viventes
778 3247 856 3332 sine
877 3247 1017 3335 invidia
1030 3247 1229 3333 nominari.
1267 3252 1370 3331 Nam
1403 3247 1604 3360 dequibus

154 3385 244 3446 ante
274 3361 376 3446 hunc
406 3361 635 3446 mentionem
667 3359 765 3469 feci,
790 3393 855 3449 eos
877 3388 922 3450 ut
949 3364 1172 3451 nominatim
1197 3360 1392 3471 referrem,
1412 3366 1512 3451 duae
1541 3393 1605 3450 me

157 3505 289 3563 causae
310 3477 540 3593 potissimum
555 3479 732 3593 impulere
750 3511 759 3563 ε
776 3481 890 3566 altera
903 3484 1012 3596 quod
1036 3482 1094 3568 alii
1109 3484 1177 3570 viri
1199 3483 1448 3588 eruditissimi,
1466 3505 1505 3565 et
1519 3509 1595 3565 me·

158 3619 309 3680 moratu
329 3595 554 3714 dignissimi,
570 3597 704 3710 quanti
728 3597 824 3701 sint,
839 3600 966 3685 audivi
987 3624 1135 3685 tantum
1152 3660 1165 3705 ,
1181 3599 1252 3685 hos
1280 3599 1428 3686 diversis
1450 3596 1605 3712 quidem

158 3734 199 3796 et
221 3711 308 3797 locis
335 3737 375 3799 et
397 3714 626 3827 temporibus
658 3742 828 3829 praesens
852 3740 980 3803 tamen
1011 3717 1138 3823 colui,
1155 3743 1194 3802 et
1217 3717 1257 3802 iis
1284 3716 1421 3830 partim
1456 3742 1604 3828 praece·

156 3828 326 3942 ptoribus
354 3861 437 3916 sum
450 3860 539 3916 usus
553 3862 563 3915 :
579 3830 694 3917 altera
710 3833 819 3947 quod
846 3834 958 3921 iidem
972 3859 1056 3920 tum
1086 3836 1263 3921 docendo
1293 3835 1331 3917 in
1361 3830 1605 3918 celeberrimis

155 3947 356 4061 gymnasiis
370 4007 383 4052 ,
399 3975 542 4064 magno
559 3947 710 4062 'publice
724 3952 918 4065 proposito
944 3952 1111 4067 praemio
1129 4019 1140 4054 ,
1157 3977 1240 4038 tum
1275 3951 1380 4035 editis
1412 3949 1483 4034 suis
1506 3977 1603 4062 ope-

156 4064 254 4149 tibus
285 4063 507 4181 singularem
521 4095 627 4150 suam
643 4067 852 4152 doctrinam
869 4071 1009 4156 cunctis
1032 4070 1247 4155 hominibus
1273 4088 1404 4152 'notam
1421 4064 1604 4168 fecerunt;

157 4181 328 4269 uttimor
344 4184 512 4288 nonsit,
528 4213 600 4289 ne,
617 4182 710 4269 dum
725 4185 863 4272 horum
883 4173 1122 4273 excellentem
1140 4185 1349 4274 doctrinam
1365 4212 1599 4269 commemo·

156 4325 311 4403 ramus,
337 4300 470 4386 nostris
490 4299 727 4418 indulgenter
750 4299 880 4391 favisse
896 4306 1101 4392 videamur.
1451 4305 1453 4319 '

156 4527 160 4537 Ι
216 4416 287 4498 VI.
346 4417 418 4502 Sed
435 4443 706 4526 cumcetetos,
722 4420 893 4535 quiante
919 4423 1018 4508 hanc
1041 4422 1259 4508 memoriam
1281 4418 1442 4507 floruere
1458 4448 1529 4525 ,ex
1544 4419 1605 4503 in·

158 4528 300 4617 dustria
318 4554 461 4618 taceam
476 4564 489 4639 ·,
507 4564 557 4620 ne
571 4561 632 4622 tot
646 4536 801 4624 virnttes
828 4564 867 4624 et
894 4541 1117 4653 praeclaram
1146 4541 1360 4654 sapientiam
1382 4563 1490 4624 tanta
1518 4537 1607 4620 bre-

157 4646 303 4754 vitate,
331 4672 487 4765 tamque
518 4652 650 4768 iniquis
678 4655 799 4767 spatiis
829 4659 1071 4762 co'e'rcendo,
1094 4658 1131 4741 in
1156 4658 1332 4774 plurimos
1379 4653 1607 4768 eosdemque

160 4793 325 4853 summos
350 4767 450 4856 viros
475 4767 643 4880 injuriam
663 4771 791 4858 videat
814 4772 974 4860 intulisse
987 4803 1000 4877 ·,
1015 4806 1135 4861 unum
1159 4777 1236 4862 sine
1251 4772 1393 4890 flagitio
1409 4772 1606 4888 praeterire

162 4885 509 5088 norgposslerideor
526 4917 535 4971 :
553 4886 620 5004 qui
646 4916 727 4975 non
745 4889 915 4978 doctrina
940 4917 1088 4982 tantum
1112 4917 1152 4980 et
1178 4893 1370 4981 sanctitate
1386 4892 1517 4981 vivens
1545 4916 1602 5086 eal·

152 5057 156 5060 >
254 5026 323 5086 om.
391 5065 402 5087 .
1140 5015 1173 5096 L
1543 5031 1616 5088 ce·
