4006 5850
676 390 706 458 L
730 390 748 458 I
772 384 854 457 BE
879 383 932 458 Κ
964 386 1014 456 Π.
1283 415 1286 418 ·
1451 395 1523 482 '499

95 544 152 606 cst
167 516 271 605 haud
288 512 401 601 dubie
416 507 563 628 falsum.
599 508 743 624 Neque
768 507 868 594 enim
898 507 1013 594 libero
1030 507 1180 596 arbitrio
1209 531 1301 600 tunc
1315 510 1450 600 animal
1475 517 1544 603 uri-

95 659 185 741 tur,
214 664 302 721 cum
319 631 478 746 speciem
493 658 559 717 seu
576 627 697 715 visum
712 625 903 739 objecnsm
933 625 1167 745 insequitur,
1200 653 1239 715 et
1272 632 1310 716 in
1338 630 1405 737 id,
1433 635 1541 750 quod

95 755 277 855 videtur,
302 747 476 864 impetit,
498 746 574 833 'sed
599 746 676 832 boc
693 770 788 832 esset
811 743 966 834 fortasse
976 774 1116 833 munus
1143 748 1300 835 libenter
1328 750 1445 836 obire.
1480 757 1540 840 At
1568 801 1626 850 noa
1651 813 1689 852 aa
1707 803 1728 853 r.

94 899 174 960 non
191 873 220 958 si
236 868 399 986 quidest
413 865 557 970 libens,
584 863 620 971 id
646 866 816 980 protinus
841 895 865 951 a
887 865 1005 950 libero
1021 867 1174 953 arbitrio
1185 865 1439 982 proficiscitur.
1469 877 1538 958 Est
1550 861 1728 980 lesslqullli

92 989 322 1078 enimlibens
338 984 472 1102 ,qnod
488 1014 533 1075 es
546 984 753 1070 assensione
769 1012 851 1069 non
875 982 1042 1071 violenta
1057 984 1260 1099 procedit:
1290 985 1454 1073 innobis
1469 1018 1537 1074 au·
1553 981 1707 1042 ‘'W“

93 1130 172 1194 tem
189 1131 394 1218 nostroque
411 1102 562 1189 arbitrio
577 1100 616 1185 id
629 1129 706 1186 esse
723 1102 884 1207 dicitur,
905 1103 1016 1218 quod
1041 1130 1130 1191 cum
1155 1102 1300 1219 rarione
1325 1127 1364 1188 et
1379 1106 1533 1194 consilio

94 1223 382 1311 administratur.
400 1225 457 1306 Ita
470 1248 705 1336 quamquam
717 1220 762 1305 sit
776 1220 916 1327 libens,
932 1220 1119 1337 quidquid
1134 1244 1189 1306 est
1214 1219 1452 1337 inpotestate
1465 1254 1535 1312 no·

95 1366 195 1446 stra,
220 1362 441 1449 nontamen
457 1338 540 1425 licet
555 1338 810 1452 reciprocare,
834 1363 878 1425 ut
894 1338 1048 1425 vicissim
1072 1337 1316 1426 omnelibens
1333 1340 1434 1425 sitin
1460 1371 1532 1429 no·

97 1483 173 1547 stra
187 1482 385 1574 potestate.
415 1461 519 1541 Nam
536 1456 722 1572 quidquid
751 1456 923 1544 animalia
952 1457 1102 1544 rationis
1125 1455 1287 1572 expertia
1318 1456 1463 1573 impetu
1494 1483 1535 1548 et

96 1577 305 1663 assensione
324 1573 491 1680 faciunt,
518 1574 675 1666 libenter
688 1571 856 1660 faciunt:
883 1575 1042 1661 liberum
1063 1604 1158 1664 vero
1171 1574 1362 1660 arbitrium
1386 1577 1531 1665 homini
1549 1531 1728 1646 'illinisteiis

96 1693 325 1809 peculiariter
340 1718 432 1779 esta
448 1718 582 1786 natura
595 1691 788 1810 tributam.
818 1693 927 1791 Quid
941 1718 998 1779 est
1024 1693 1125 1779 enim
1151 1692 1345 1777 hominem
1373 1723 1450 1781 esse
1478 1724 1536 1783 ra·
1549 1653 1727 1776 iiiiiiiaw‘

98 1811 211 1897 tionis
233 1810 449 1928 participem
471 1871 484 1917 ,
505 1810 572 1895 nisi
586 1809 770 1896 rationem
785 1810 823 1895 in
842 1840 892 1911 se
909 1811 1079 1897 obtinere
1100 1810 1285 1924 judicem,
1310 1835 1350 1896 et
1374 1813 1538 1924 objectas

98 1956 224 2015 rerum
252 1927 482 2047 agendarum
521 1924 860 2044 fugiendarumque
876 1929 1012 2044 species
1036 1928 1304 2016 discernentem
1333 1951 1449 2045 atque
1472 1933 1539 2017 eli-

126 2057 281 2133 entem?
307 2053 439 2162 ltaque
452 2075 541 2130 cum
555 2044 725 2131 animalia
737 2045 889 2135 rationis
901 2045 1386 2162 expertia,qualiscumque
1412 2077 1538 2138 rerum

98 2076 209 2251 {cies
224 2164 422 2278 objicimr,
448 2162 504 2248 bis
518 2165 802 2276 obsequantur,
828 2188 868 2250 et
884 2164 1034 2252 easdem
1048 2192 1176 2261 causas
1204 2165 1456 2252 assensionem
1477 2191 1540 2254 at·

98 2309 176 2397 que
193 2283 353 2396 impetus
369 2281 562 2386 habeant,
592 2283 712 2367 homo
729 2282 875 2368 rarione
891 2281 1078 2398 praeditus
1092 2305 1175 2385 est,
1190 2308 1406 2394 quarerum
1422 2312 1540 2400 agen·

100 2399 237 2484 darum
265 2399 342 2486 visa
369 2398 590 2484 extrinsecus
614 2398 723 2484 allata
764 2398 937 2510 dijudicat
969 2461 983 2504 ,
1013 2398 1146 2485 taliane
1177 2398 1286 2504 sint,
1313 2399 1436 2513 qualia
1459 2429 1559 2489 esse»

101 2515 311 2623 videntur,
333 2539 379 2602 ut
394 2512 489 2600 falsis
514 2516 733 2632 imaginibus
747 2517 885 2628 rejectis
900 2518 1094 2606 veritatem
1113 2543 1237 2601 rerum
1254 2516 1538 2632 complectatur.

101 2634 199 2739 Quo
211 2631 282 2739 fit,
298 2657 341 2719 ut
355 2662 463 2749 saepe
479 2662 502 2719 a
518 2634 629 2720 rebus
644 2633 851 2748 jucundam
865 2635 1023 2750 speciem
1038 2631 1326 2751 praeferentibus
1347 2634 1539 2743 cohibens,

101 2778 183 2866 quo
199 2751 240 2836 in
268 2751 361 2866 ipsas
384 2751 537 2869 agitur,
560 2752 766 2868 appetitum
795 2752 1005 2859 abstineat,
1037 2750 1188 2862 ratione·
1208 2749 1380 2839 videlicet
1404 2753 1537 2866 hujus-

102 2869 209 2956 modi
229 2869 311 2957 viso
326 2867 535 2987 refragante
550 2929 565 2978 ,
582 2895 621 2957 et
635 2869 755 2956 multa
771 2870 937 2985 perinde,
952 2898 1052 2987 quae
1068 2869 1243 2957 videntur
1257 2868 1373 2974 utilia,
1390 2871 1538 2983 rejiciat.

102 2986 162 3071 Ut
188 2985 297 3100 plane
324 2986 579 3104 intelligatis,
607 2988 764 3075 liberum
789 2988 982 3073 arbitrium
1008 2987 1048 3072 in
1078 2985 1285 3073 assensione
1331 2986 1538 3101 rationabili

101 3105 329 3210 consistere,
347 3134 446 3221 quae
461 3135 486 3191 a
500 3105 773 3193 consultatione
789 3103 1055 3221 proficiscitur,
1082 3132 1224 3220 magno
1250 3103 1405 3190 istorum
1434 3135 1537 3222 erro·

101 3247 166 3325 re,
193 3221 328 3337 quibus
344 3251 420 3309 esse
435 3223 609 3337 placetin
626 3225 833 3310 assensione
850 3249 964 3340 arque
980 3223 1122 3338 impetu
1139 3220 1300 3306 animali.
1324 3225 1427 3308 Nam
1444 3225 1537 3340 quid
1639 3228 1645 3239 ’

101 3336 204 3425 aliud
225 3365 281 3426 est
301 3341 553 3428 esserationis
577 3342 788 3457 particeps,
812 3370 930 3456 quam
955 3369 1034 3426 csse
1066 3337 1285 3453 principium
1316 3340 1536 3427 actionum?

101 3455 442 3550 Quemadmodum
456 3487 550 3575 ergo
564 3488 642 3544 esse
656 3457 878 3544 animalisin
902 3488 951 3544 eo
964 3455 1156 3561 consistit,
1187 3481 1231 3542 ut
1256 3456 1437 3571 impetum
1464 3457 1537 3544 ba·

103 3570 191 3660 beat
204 3574 402 3660 animalem
419 3635 432 3679 ,
456 3575 551 3692 ignis
568 3636 581 3682 ,
605 3599 649 3661 ut
667 3573 808 3662 calidus
821 3575 868 3662 sit
881 3601 921 3663 et
935 3572 1123 3660 calefaciat
1138 3573 1152 3686 (
1169 3572 1311 3658 sirecte
1328 3575 1441 3661 hoca
1457 3575 1538 3691 qui·

103 3689 262 3777 busdam
276 3689 483 3805 traditum)
511 3694 560 3779 sic
574 3692 735 3779 hominis
750 3721 826 3778 esse
841 3694 880 3777 in
894 3693 999 3798 hoc,
1018 3718 1062 3778 ur
1076 3690 1299 3777 rationabilis
1313 3691 1388 3796 sit,
1412 3691 1536 3801 idest,

103 3806 141 3892 in
159 3810 330 3925 eoquod
347 3838 425 3896 tam
442 3811 601 3928 agendi,
615 3839 732 3927 quarn
747 3839 829 3896 non
844 3810 981 3928 agendi
996 3809 1212 3924 principium
1225 3807 1415 3915 obtineat,
1432 3839 1561 3942 pror·t
1579 3833 1727 3947 lffomupp

102 3952 163 4012 sus
178 3954 222 4013 ut
237 3927 304 4043 qui
326 3927 483 4014 liberum
499 3928 689 4015 arbitrium
704 3959 752 4016 ex
780 3929 888 4016 nobis
904 3929 1071 4034 tollunt,
1095 3954 1161 4013 eos
1188 3924 1381 4015 bominem
1402 3906 1728 4024 etho-birir'nlin13

103 4044 203 4130 mite
225 4045 385 4151 tollere,
408 4074 488 4131 non
506 4047 621 4164 possit
636 4046 811 4135 dubitari.
1463 4037 1466 4043 ’
1551 4014 1712 4068 “immi

162 4164 261 4250 Xlll.
320 4169 422 4250 Nam
442 4167 551 4281 quod
564 4164 690 4278 ajunt,
706 4195 806 4283 quae
821 4193 887 4280 per
902 4163 1096 4251 hominem
1121 4159 1245 4268 fiunt,
1263 4189 1309 4250 ea
1333 4190 1413 4251 non
1428 4191 1536 4278 posse

103 4273 207 4362 aliter
223 4310 344 4480 quam
366 4311 431 4397 pet
446 4284 758 4372 consultationem
774 4282 880 4390 lieri,
909 4307 1106 4398 propterea
1120 4280 1229 4398 quod
1245 4281 1364 4367 homo
1387 4280 1536 4369 consul·

102 4396 210 4481 tandi
237 4399 682 4509 acultatecenseatut,id
708 4403 861 4520 quidem
885 4400 1036 4516 probari
1065 4428 1145 4484 non
1161 4422 1322 4514 potest,
1350 4399 1537 4516 quianon

103 4541 203 4627 quae
222 4512 374 4603 facimus
390 4579 404 4624 ,
420 4520 548 4606 omnia
562 4520 738 4608 consulto
751 4517 916 4606 facimus.
943 4519 1018 4605 Sed
1032 4517 1253 4633 plerumque
1285 4518 1444 4605 instante
1470 4545 1537 4635 ge-

102 4629 242 4718 rendae
256 4634 309 4719 rei
333 4638 553 4743 occasione,
579 4637 892 4725 consultationem
918 4635 1133 4723 omittentes
1149 4635 1198 4723 ad
1224 4665 1361 4722 munus
1388 4637 1537 4721 obeun-

103 4749 196 4834 dum
212 4780 466 4868 properamus.
483 4759 485 4765 '
498 4759 614 4870 Saepe
629 4754 742 4842 etiam
756 4756 981 4874 negligentia
995 4755 1113 4843 aliave
1128 4785 1240 4841 carata
1255 4754 1433 4869 quapiam
1447 4779 1540 4838 con·

105 4865 243 4959 nrltare
258 4870 595 4991 praetermittimus.
620 4872 744 4982 Quod
770 4874 1002 4994 siquaedam
1018 4875 1225 4983 consulto,
1248 4872 1320 4963 alia
1347 4898 1449 4963 secus
1469 4896 1547 5077 ff.

225 5047 228 5053 ·
989 4996 1104 5084 tha
