4192 5880
468 497 470 501 .
513 396 648 470 ΑΕΘ.
686 393 1097 470 ALBORNOTII
1131 394 1237 466 LIB.
1273 398 1303 465 1.
1601 422 1625 492 7

182 531 310 620 sedem
341 525 382 616 id
408 525 589 643 temporis
615 522 790 613 ecclesiae
816 524 1014 607 Romanae
1040 583 1053 628 ,
1084 521 1302 609 contendit.
1340 525 1377 612 A
1406 549 1488 641 quo
1526 525 1770 653 ihm-3331
1785 543 1846 657 ἀὲ

184 651 318 738 tissime
347 673 522 766 exceptus
564 671 792 760 summoque
823 642 864 727 in
906 641 1055 730 honore
1091 642 1272 752 habitis,
1304 673 1426 760 parvo
1456 645 1649 765 interjecto
1663 664 1764 721 anua.

182 790 358 888 tempore
390 766 598 856 Cardinalis
628 759 747 850 lactan
776 786 852 849 est.

241 897 303 977 III
365 887 555 978 Clementi
583 885 753 974 successit
788 881 827 968 in
861 877 1091 968 Pontificatu
1115 882 1357 970 Innocentius
1387 885 1456 972 VL
1502 887 1559 976 vir
1589 888 1652 978 in-

181 1010 402 1129 tegerrimus
420 1072 432 1116 ,
452 1005 642 1126 ungulatis
674 1001 906 1092 constantiae
936 1025 976 1087 et
1007 1001 1232 1090 severitatis.
1263 1003 1383 1120 Apud
1411 1005 1515 1092 hunc
1540 1010 1650 1128 Aegi·

182 1130 268 1216 dius
286 1129 481 1216 sanctitate
515 1150 555 1213 et
577 1125 743 1212 moribus
775 1121 961 1239 persimilis
987 1183 1000 1228 ,
1029 1121 1151 1209 multo
1182 1121 1295 1211 ctiam
1323 1124 1442 1242 magis
1471 1127 1590 1243 gratia
1613 1151 1654 1218 et

182 1249 409 1336 auctoritate
440 1245 581 1335 valuit.
625 1242 957 1360 Quandoquidem
984 1239 1059 1355 jam
1104 1270 1187 1330 non
1226 1242 1404 1359 sapientia
1436 1268 1588 1332 tantum
1614 1272 1656 1336 et

184 1369 288 1485 pacis
313 1367 453 1452 artibus
486 1365 732 1473 censebatur,
762 1364 828 1449 sed
861 1362 1006 1482 magnis
1037 1361 1151 1448 etiam
1185 1361 1334 1449 virtutis
1370 1362 1512 1451 indiciis
1551 1395 1657 1482 spem

186 1489 472 1592 concitaverat,
491 1514 573 1571 non
604 1485 726 1571 minus
748 1484 931 1600 praesenti
963 1510 1002 1568 se
1030 1481 1158 1568 animo
1186 1483 1236 1568 ad
1266 1483 1364 1569 bella
1401 1485 1568 1600 gerenda
1598 1482 1654 1574 fu

186 1629 317 1692 turum
335 1668 347 1712 ,
365 1636 483 1723 quam
516 1602 591 1690 acri
625 1603 779 1722 ingenio
810 1598 937 1688 fuisset
962 1601 1013 1687 ad
1042 1600 1181 1712 litteras
1214 1603 1478 1718 capessendas.

245 1728 318 1810 IV.
378 1724 677 1840 opprimebatur
706 1753 755 1809 eo
781 1749 954 1838 tempore
982 1751 1006 1806 a
1029 1720 1196 1836 tyrannis
1224 1751 1365 1840 magna
1392 1751 1476 1835 pars
1508 1723 1655 1833 Italiae,
1670 1758 1743 1834 aaa
1769 1772 1785 1810 a
1808 1771 1850 1821 ty·

183 1873 283 1959 quae
312 1844 582 1946 ecclesiasticae·
618 1842 768 1930 ditionis
798 1866 919 1950 erat,
952 1840 1205 1928 instimulante
1236 1843 1287 1928 ad
1320 1841 1387 1943 id,
1420 1868 1501 1926 non
1535 1845 1656 1932 modo
1668 1834 1850 1935 pampo·-

184 1959 368 2069 favente,
400 1964 602 2051 ludovico
635 1967 785 2049 Bavato
816 1966 1047 2076 Imperatore
1065 2022 1077 2067 ,
1095 1990 1212 2077 quem
1248 1986 1403 2076 propter
1434 1959 1544 2074 ipsius
1574 1992 1657 2050 sce-

182 2079 261 2167 lera
280 2082 536 2169 Innocentius
568 2111 728 2198 quoque
758 2105 845 2197 post
877 2080 1083 2195 superiores
1114 2077 1314 2168 Pontifices
1342 2079 1581 2167 anathemare
1600 2113 1657 2171 re·

183 2199 353 2288 vinxerat
388 2233 398 2287 ε
434 2202 577 2320 quippe
616 2229 705 2286 cum
727 2224 953 2317 ”occupasset
981 2229 1070 2285 cum
1101 2199 1226 2286 multis
1251 2198 1326 2284 aliis
1367 2197 1513 2313 oppidis
1536 2201 1658 2291 Vitcr·

184 2316 291 2404 bium
317 2321 485 2434 Joannes
516 2320 658 2426 Vicus,
691 2318 935 2423 Ariminum,
968 2322 1191 2425 Pisaurum,
1221 2324 1365 2406 Fanum
1382 2317 1589 2406 Malatesta
1609 2321 1659 2411 de

185 2437 431 2542 Malatestis3
459 2439 650 2525 Urbinum
683 2438 873 2527 Antonius
898 2435 1121 2524 Philaretus.
1172 2444 1230 2524 Ac
1261 2466 1310 2523 ne
1339 2437 1504 2555 singulos
1537 2469 1655 2554 persc-

183 2583 319 2671 quar,
359 2581 482 2675 quota
508 2587 593 2675 pars
621 2582 703 2645 erat
742 2557 888 2674 Imperii
920 2555 1146 2643 ecclesiastici
1167 2618 1180 2663 ,
1203 2586 1306 2674 quae
1334 2587 1358 2641 a
1382 2557 1548 2672 tyrarmis
1576 2587 1661 2648 nort

187 2687 406 2763 teneretur?
439 2676 600 2764 Adeas
643 2678 753 2796 igitur
784 2677 951 2766 civitates
983 2676 1210 2794 recipiendas
1239 2737 1252 2782 ,
1280 2705 1381 2793 quae
1423 2677 1659 2790 superiorum

187 2794 430 2881 Pontificum.
453 2796 680 2914 negligentia
697 2824 839 2914 magna
868 2825 915 2881 ex
941 2820 1048 2911 parte
1075 2796 1227 2881 amissae
1252 2791 1401 2881 fuerant
1417 2857 1431 2902 ,
1449 2795 1517 2882 ersi
1542 2825 1659 2914 quae-⁴

189 2911 281 2996 dam
309 2914 380 2998 alia
403 2915 667 3002 Innocentium
692 2915 952 3018 stimularent,
972 2914 1210 3031 poscentibus
1237 2913 1425 3001 nonnullis
1455 2944 1586 3001 earum
1617 2916 1660 3004 id

186 3026 312 3143 ipsum
340 3062 406 3147 per
430 3026 609 3151 legatos,
635 3033 798 3119 multum
828 3057 957 3167 tameg
985 3032 1134 3150 Aegidii
1166 3032 1344 3121 virtutem
1385 3032 1660 3151 consiliumque

189 3145 366 3236 invitasse
390 3153 576 3237 creditum
602 3176 679 3238 est.
706 3152 894 3267 Plerisque
920 3152 1032 3268 rgitur
1056 3152 1167 3237 rebus
1195 3180 1412 3267 opportune
1445 3183 1654 3270 congruen-

188 3267 317 3374 nbus,
347 3266 522 3356 Pontifex
552 3269 661 3356 nihil
683 3271 941 3358 cunctandum
981 3295 1083 3357 ratus
1099 3332 1114 3379 ,‚
1141 3272 1344 3389 Aegidium
1374 3273 1490 3359 adse
1521 3297 1849 3384 vocat,r0mrcaaa
1929 3336 1933 3346 -

188 3386 385 3474 consilium
411 3420 522 3475 suum
569 3389 724 3505 exponit
755 3421 776 3473 :2
796 3389 986 3496 „Multos
1014 3417 1092 3477 esse
1121 3389 1160 3473 in
1188 3389 1292 3475 Italia
1320 3390 1482 3508 populos
1514 3391 1563 3478 ab
1593 3370 1844 3482 ccliiiiimmm

189 3564 217 3610 „
231 3505 337 3597 clesia
366 3508 541 3623 pervim
579 3508 815 3622 tyrannicam
850 3506 1030 3594 alienatos
1068 3537 1157 3594 curn
1190 3539 1330 3627 magna
1360 3510 1413 3595 rei
1440 3508 1651 3597 ecclesiasti-

188 3680 217 3729 „
235 3652 301 3710 cae
334 3626 476 3740 jactura
498 3649 539 3712 et
566 3624 794 3712 Pontificum
824 3624 1010 3712 dedecore
1039 3624 1186 3732 tiore,
1216 3628 1283 3713 nisi
1312 3629 1473 3745 serpenti
1503 3627 1542 3712 in
1575 3629 1668 3719 dies

187 3802 217 3849 „
232 3743 343 3829 mado¹
360 3775 478 3863 quarn
514 3744 678 3860 primunr
708 3770 925 3831 occurratur
946 3768 1019 3849 ,ut
1047 3746 1160 3831 ceteri
1191 3776 1324 3834 eorum
1347 3747 1517 3864 exempla
1546 3776 1651 3834 secu·

188 3920 217 3968 „
232 3860 287 3968 ri,
322 3864 372 3949 ab
403 3864 556 3950 ecclesia
584 3863 804 3980 propediem
837 3862 1080 3968 desciscant,
1107 3888 1218 3952 tanto
1244 3867 1363 3985 magis
1406 3895 1495 3952 cum
1526 3868 1655 3954 Ludo

185 3980 332 4088 „vicus
356 3988 562 4098 Imperator
606 3982 778 4069 ecclesiae
804 3978 1052 4077 infestissimus
1079 3982 1195 4070 hostis
1228 4014 1289 4071 eas
1313 3984 1366 4071 ad
1401 3982 1654 4072 defectionem

177 4101 426 4206 „sollicitare
457 4101 668 4218 numquam
685 4100 856 4187 desistat.
891 4107 1180 4189 Commemorat
1207 4104 1345 4191 deinde
1372 4130 1557 4221 quantam
1573 4104 1651 4218 ipse

185 4276 216 4324 „
231 4245 271 4304 et
299 4219 561 4305 Cardinalium'
584 4220 784 4337 collegium
813 4247 919 4335 spem
956 4245 1000 4305 etv
1018 4221 1241 4335 praesidium
1270 4222 1308 4305 in
1341 4221 1417 4336 ejus
1445 4222 1652 4339 sapientia,

185 4395 216 4445 „
230 4334 306 4422 fide
331 4367 377 4422 ac
415 4338 558 4426 virtute
587 4336 876 4428 collocaverint.
918 4343 1112 4425 Summam
1137 4340 1214 4452 ejus
1242 4340 1327 4426 belli
1355 4364 1489 4429 contra
1523 4365 1646 4454 tyran·
1659 4371 1698 4426 m
1715 4375 1840 4429 sanaem·

1660 4433 1697 4484 tio
1712 4439 1756 4484 VI.
1778 4437 1839 4487 Car·

185 4483 302 4561 „nos
334 4457 614 4544 administrandi
642 4458 808 4545 adeum
834 4461 1029 4544 communi
1062 4460 1238 4545 omnium
1261 4461 1442 4547 sententia
1472 4490 1516 4545 ac
1552 4488 1643 4545 con·
1659 4496 1840 4548 arianonor-

1632 4580 1646 4598 ι
1657 4558 1743 4606 notius
1752 4556 1839 4607 Ponti·

185 4573 312 4680 „silio
346 4572 497 4661 deferri.
542 4576 705 4663 Proinde
732 4607 775 4664 se·
802 4577 1079 4665 honestissimae
1112 4578 1219 4665 simul
1250 4603 1290 4666 et
1321 4579 1550 4665 honorificae
1591 4609 1838 4666 retraxerant·

188 4750 217 4798 „
232 4695 432 4812 accingar,
461 4725 578 4811 quam
602 4721 755 4810 peractu
788 4725 869 4783 non
893 4727 932 4782 se
963 4699 1113 4786 credere
1144 4723 1272 4786 tantae
1300 4700 1428 4787 virtuti
1461 4724 1499 4785 er
1527 4677 1769 4798 indu÷lld1l²¹¹
1791 4678 1838 4728 ‘¹¹'

187 4867 220 4917 „
235 4813 343 4898 striae
368 4809 554 4900 difficilem
585 4810 701 4923 lore,
732 4815 919 4903 nonnullis
948 4816 1022 4931 jam
1051 4819 1259 4907 civitatibus
1283 4844 1535 4934 tyrannorum
1558 4848 1642 4904 sae·

186 4989 216 5038 „
231 4931 360 5022 vitiam
396 4933 700 5052 deprecantibus·
734 4937 862 5046 Quae
902 4937 976 5028 sint
1006 4938 1070 5039 ad,
1099 4939 1375 5056 expeditionem
1417 4936 1640 5040 necessaria,

1550 5053 1645 5165 „di-
