4050 5858
523 411 591 492 ms
979 404 1529 477 DEMocRATEs¹

227 691 229 693 ·
296 641 473 762 ,aare
487 524 1349 750 ὟὟὟὟὟὟὟὟὟὟὟὟὟ
1366 525 1472 749 ’Ὗ
1488 519 1624 759 {Aba
1643 524 1767 728 ὟὟ
1787 524 1971 762 ὟὟ·

292 718 467 873 ξζὟωξ,
425 775 475 871 33,
486 767 657 853 tudinem
686 793 882 881 augescere
908 761 1164 869 confirmasti,
1183 793 1232 850 ne
1256 764 1498 925 vehementer
1530 763 1733 881 praeceptis
1761 791 1936 882 evange·

293 880 473 992 :mil-{1¹33
486 885 560 970 licis
586 886 857 971 adversentur.

292 1003 471 1112 ὟὟὟὟὟὟ
543 1006 625 1091 Xll.
685 1008 783 1087 Dru
803 1004 1037 1118 Magnarum
1058 1002 1242 1091 virtutum
1265 1028 1304 1089 et
1330 1004 1501 1121 egregiae
1523 1002 1724 1090 sanctitatis
1748 1002 1933 1120 exempla,

292 1120 460 1242 lgm&
482 1120 708 1238 Leopolde,
736 1121 764 1204 si
790 1149 922 1208 verum
950 1122 1190 1235 quaerimus,
1211 1145 1249 1206 et
1279 1121 1389 1208 libeat
1413 1148 1630 1236 temporum
1662 1122 1930 1207 memoriama

484 1264 669 1328 vetustate
697 1264 890 1353 repetere,
909 1240 1029 1325 multo
1056 1235 1341 1376 frequentiora,
1358 1266 1396 1326 et
1418 1241 1639 1356 plerumque
1664 1239 1809 1351 majora
1835 1241 1873 1325 in
1887 1271 1936 1324 o-

487 1359 567 1444 mni
595 1381 716 1444 aetate
742 1387 765 1440 ι
789 1357 892 1440 tenui
915 1354 1125 1443 fortuna
1090 1360 1175 1446 vrris
1202 1359 1301 1445 edita
1318 1420 1330 1463 ,
1345 1388 1462 1473 quam
1486 1360 1536 1443 ab
1559 1357 1746 1473 opulentis
1768 1385 1810 1445 ct
1836 1357 1940 1444 locu·

414 1508 418 1514 ·
487 1478 646 1591 pleribus
675 1474 921 1588 reperiemus
943 1481 1090 1591 Pauper
1114 1503 1193 1562 erat
1209 1475 1412 1582 Aristides,
1428 1476 1626 1591 pauperior
1642 1475 1816 1561 Phocio:
1832 1477 1937 1589 cujus

486 1594 582 1681 filiae
607 1617 694 1710 post
718 1617 879 1679 mortem
903 1595 1015 1707 patris
1031 1655 1042 1700 ,
1058 1596 1124 1710 qui
1148 1624 1286 1679 munus
1310 1595 1510 1680 Alexandri
1538 1618 1691 1678 centum
1716 1624 1796 1680 aun
1784 1595 1941 1680 ιιΙιιι-

486 1736 614 1798 torum
644 1739 786 1848 magno
810 1711 937 1795 animo
960 1713 1249 1827 repudiaverat,
1267 1713 1410 1798 nubiles
1439 1713 1585 1800 tamdiu
1610 1737 1764 1829 propter
1790 1738 1939 1829 egesta·

485 1854 563 1916 tem
588 1829 726 1916 maritis
753 1858 932 1935 caruere,
950 1831 1073 1916 donec
1096 1831 1244 1946 publica
1274 1831 1431 1968 pecunia
1461 1832 1615 1917 dotatae
1645 1830 1943 1918 collocarentur

485 1951 560 2036 Sed
588 1974 631 2034 ut
656 1891 938 2036 Atheniensiurri
968 1978 1083 2035 nemo
1116 1949 1171 2034 his
1200 1953 1397 2063 pauperior
1427 1948 1694 2065 rempublicam
1717 1949 1866 2066 attigit,
1884 1950 1937 2036 sic

486 2066 643 2152 nullus
635 2066 799 2178 justitia,
817 2062 1054 2181 frugalitate,
1072 2066 1328 2184 magnitudine
1353 2068 1466 2152 animi
1486 2069 1605 2180 major
1627 2064 1697 2153 fuit
1714 2130 1725 2172 ,
1741 2096 1848 2182 pares
1877 2098 1942 2154 vc·

486 2212 532 2269 ro
558 2215 674 2299 quam
697 2183 900 2268 rarissimi.
925 2186 1105 2278 Quorum
1133 2185 1330 2270 Aristidem
1361 2210 1510 2271 constat
1533 2214 1614 2272 non
1636 2188 1690 2272 ob
1717 2186 1824 2270 aliam
1845 2214 1945 2271 cau·

485 2303 631 2387 samin
662 2300 825 2388 exsilium
851 2301 984 2386 scelere
1013 2302 1228 2387 invidorum
1259 2299 1367 2387 fuisse
1398 2303 1575 2410 missum,
1595 2302 1663 2389 nist
1652 2303 1857 2437 quod
1822 2305 1940 2390 nrmis

485 2420 602 2533 justus
623 2449 699 2507 esse
726 2420 943 2524 videretur,
965 2443 1009 2503 ut
1026 2425 1179 2506 Damon
1195 2420 1341 2506 Periclis
1355 2447 1601 2536 praeceptor,
1619 2421 1785 2537 quod
1749 2420 1860 2505 mmis
1887 2451 1939 2506 sa·

394 2547 397 2554 ’
484 2569 594 2653 ριιι.
618 2545 881 2624 Romanorum
905 2536 1138 2651 respublica,
1157 2567 1205 2623 ne
1230 2539 1394 2654 singulos
1418 2535 1598 2644 referam,
1614 2564 1706 2631 nanc
1727 2538 1944 2624 beatissima

360 2715 361 2719 a
484 2654 556 2743 fuit
581 2682 620 2742 et
645 2656 751 2741 omni
768 2656 906 2742 virtute
923 2680 1139 2768 praestans,
1159 2686 1247 2742 cum
1267 2658 1436 2747 consules
1460 2682 1499 2742 et
1520 2600 1718 2743 diciatores
1738 2657 1790 2741 ab
1809 2683 1939 2742 aratro

483 2775 791 2867 accersebantur:
821 2796 914 2858 tunc
941 2773 1080 2859 corruit
1110 2773 1151 2857 in
1180 2803 1295 2860 omne
1325 2773 1507 2892 flagitium
1541 2774 1721 2891 delapsa,
1735 2803 1823 2859 cum
1849 2806 1941 2860 suas

485 2922 577 3007 opes
602 2918 641 2977 et
666 2888 808 2978 divitias
833 2886 928 2975 ferre
952 2921 1031 2975 non
1061 2891 1203 3005 potuit.
1238 2898 1343 3008 Ergo
1365 2921 1464 3008 quae
1479 2892 1632 2978 Fabricii
1647 2891 1835 3027 ,Reguli,
1851 2892 1937 2977 Ati·

483 3009 549 3115 lii,
566 3007 802 3113 Cincinnati,
819 3037 863 3094 ac
887 3010 960 3092 Cn.
978 3009 1155 3144 Scipionis
1181 3040 1416 3096 summorum
1432 3011 1600 3097 virorum
1623 2955 1754 3127 fingal'
1745 3035 1818 3095 ret
1849 3041 1941 3095 mo-

484 3126 587 3259 desta
609 3151 827 3244 paupertate
842 3152 1010 3213 creverat
1035 3156 1123 3214 cum
1149 3129 1307 3212 maxima
1335 3129 1482 3244 gloria,
1498 3131 1631 3216 eadem
1653 3128 1805 3234 Crassi,
1820 3132 1940 3214 Pom·

484 3244 556 3361 peji
578 3274 623 3333 ac
645 3245 811 3332 Caesaris
837 3245 1037 3331 ambitiosis
1063 3245 1211 3359 opibus
1222 3245 1375 3360 turpiter
1405 3271 1460 3332 est
1485 3244 1723 3333 labefactata.

558 3366 658 3449 Xlll.
736 3370 844 3455 Leon.
871 3365 977 3458 Quin
1003 3389 1047 3450 tu
1064 3370 1364 3471 ,Democrates,
1382 3362 1556 3479 profanas
1583 3364 1803 3502 respublicas
1828 3365 1940 3450 ontit·

485 3481 556 3568 tis:
583 3507 622 3568 et
647 3481 757 3598 quod
778 3480 888 3592 hujus
913 3480 986 3566 loci
1014 3483 1207 3597 proprium
1231 3507 1314 3587 est,
1347 3482 1618 3569 ecclesiastica
1609 3484 1710 3569 mitia
1727 3545 1740 3590 ,
1748 3512 1937 3622 prpgres·

484 3631 599 3706 sum,
615 3627 653 3687 et
670 3602 746 3687 hoc
765 3599 871 3686 velut
900 3600 1042 3685 scnium
1068 3610 1367 3687 commemoras?
1392 3603 1499 3687 Num
1527 3602 1591 3688 tibi
1613 3630 1679 3716 par
1703 3601 1882 3687 sanctitas
1902 3624 1942 3686 ct

485 3661 615 3853 religib
648 3718 887 3804 sacerdotum
917 3745 993 3804 esse
1021 3717 1169 3805 videtur
1184 3779 1196 3823 ,
1214 3743 1416 3835 postquam
1446 3748 1538 3834 opes
1564 3715 1827 3807 ecclesiasticae
1860 3743 1940 3805 tam

487 3834 667 3922 immense
696 3846 927 3938 creverunt,
946 3864 984 3922 et
1010 3837 1256 3950 Episcopatus
1283 3866 1363 3923 non
1393 3838 1514 3926 modo
1530 3843 1756 3944 Romanus,
1773 3837 1839 3922 sed
1866 3838 1941 3951 ple·

445 4040 446 4043 ι
489 3954 597 4069 rique
623 3956 735 4040 etiam
759 3953 817 4038 alii
849 3951 953 4039 velut
985 3981 1100 4070 regna
1127 3983 1224 4040 esse
1233 3980 1466 4070 coeperunt,
1489 3981 1528 4044 et
1553 3981 1645 4042 tunc
1677 3983 1767 4040 cum
1788 3959 1940 4059 Petrus,

488 4073 674 4187 ceterique
696 4069 916 4186 apostoli
875 4098 967 4183 strpe
992 4072 1245 4187 religiosorum
1270 4074 1469 4159 hominum
1494 4075 1721 4179 alebantur,
1740 4097 1776 4159 et
1794 4071 1942 4157 Paulus

490 4191 584 4276 dum
600 4190 826 4304 praedicaret
841 4188 1076 4305 evangelium
1094 4251 1105 4294 ,
1123 4219 1192 4276 nec
1208 4191 1305 4294 dies,
1323 4221 1394 4277 nec
1419 4218 1550 4277 noctes
1577 4194 1681 4306 operi
1706 4218 1865 4307 parcens
1889 4189 1942 4276 vi·

488 4332 592 4392 ctum
620 4309 691 4393 suis
716 4309 885 4396 manibus
901 4308 1129 4423 quaerebat
1120 4317 1132 4368 ³
1150 4332 1215 4393 aut
1238 4336 1327 4393 cum
1342 4310 1543 4415 Clemens,
1564 4309 1728 4426 Ignatins
1745 4371 1759 4415 ,
1776 4306 1942 4395 Marcel·

488 4422 546 4510 lus
560 4425 822 4561 ,Polycarpus
832 4484 845 4529 ,
863 4426 1114 4529 Athanasius,
1138 4451 1177 4511 et
1205 4428 1317 4512 ceteri
1340 4429 1552 4514 sanctissimi
1541 4425 1770 4515 Pontifices
1786 4452 1837 4512 ιι
1860 4424 1943 4541 Epi·

488 4544 591 4658 scopi
615 4573 735 4660 parvo
762 4546 930 4629 contenti
960 4546 1010 4630 sic
1036 4545 1286 4631 sacerdotium
1316 4546 1590 4661 suscipiebant,
1608 4571 1653 4631 ut
1682 4545 1721 4631 id
1748 4574 1833 4631 non
1850 4575 1941 4659 opu·

492 4661 643 4749 lentiam
660 4721 675 4765 ,
691 4660 755 4749 sed
777 4661 899 4748 omnis
920 4662 1063 4750 virtutis
1091 4663 1419 4752 exercitamentum
1437 4726 1448 4770 ,
1465 4690 1504 4750 et
1521 4664 1756 4751 occasionem
1772 4661 1944 4778 martyrii

491 4808 568 4867 csse
583 4779 848 4868 existimarent
841 4789 852 4832 ²
867 4785 968 4866 Dur.
985 4786 1058 4867 lsta
1050 4783 1248 4919 quidem,
1264 4782 1489 4897 Leopolde,
1504 4811 1584 4868 non
1613 4784 1821 4869 abhorrent
1837 4812 1861 4866 a
1876 4809 1939 4871 vc·

489 4927 561 4988 ιο·
578 4928 648 4989 nec
663 4898 819 4993 dubium
834 4924 889 4989 cst
906 4897 1028 5019 ,quin
1049 4898 1145 4993 inter
1169 4899 1272 4992 ittitia
1292 4902 1476 5027 nascentis
1490 4900 1687 5014 ecclesiae,
1705 4924 1745 4992 ct
1759 4899 1947 5108 qmcdii
