4020 5864
706 384 902 465 LIBER
940 382 1005 458 Ill.
1148 402 1229 429 '>
1476 402 1541 475 513

56 538 60 539 ’
116 515 165 603 cit
181 508 448 618 consultandi,
472 506 580 599 velut
596 509 875 625 inquisitionem
892 514 942 600 ad
958 510 1103 596 initium
1123 505 1175 595 rei
1191 502 1378 627 gerendae
1400 508 1563 596 deduxe·
1698 597 1699 601 ι

113 633 187 736 sit,
212 655 250 720 et
266 661 345 716 tem
363 631 596 745 propositam
624 656 740 744 atque
768 629 1010 717 deliberatam
1034 629 1249 715 exorditur,
1266 631 1324 715 Sic
1342 649 1484 712 autern
1500 630 1556 715 in‘·

112 750 223 863 quirit
241 809 253 853 ,
279 749 384 863 quasi
399 749 557 832 edoctus
573 777 596 830 a
613 772 747 830 natura
763 746 834 853 sit,
867 776 945 834 esse
961 750 1001 833 in
1017 748 1126 859 ipsius
1143 747 1294 832 arbitrio
1311 764 1324 850 ,
1353 746 1473 852 haec,
1502 776 1553 835 ao

111 865 283 980 opposita
298 889 552 980 persequatur.
588 866 701 961 Quae
717 894 828 949 causa
853 862 969 971 facit,
996 891 1040 951 ut
1056 864 1258 978 prudentes
1284 864 1422 948 amicos
1438 865 1550 951 adhi-

111 981 291 1086 beamus,
317 1011 366 1066 ne
382 981 567 1096 opinionis
583 1010 708 1066 errore
724 983 922 1089 labamur,
945 1008 984 1069 et
999 1007 1085 1097 post
1101 982 1243 1067 factum
1258 982 1355 1066 male
1368 982 1446 1066 initi
1462 1010 1551 1070 con·
1588 1089 1592 1094 ⁶

112 1098 176 1199 silii
196 1098 424 1205 poenitentia
448 1099 610 1202 subeat,
637 1128 737 1214 quae
762 1101 895 1213 etipsa
912 1130 1055 1218 magno
1072 1125 1298 1214 argumento
1327 1122 1410 1204 est,
1440 1098 1549 1187 fuisse

111 1216 219 1301 nobis
243 1213 457 1301 facultatem
472 1216 690 1331 oppositum
707 1243 824 1332 atque
840 1213 1019 1323 lecimus,
1046 1214 1242 1302 efficiendi.
1271 1216 1336 1301 Ad
1347 1247 1548 1325 summam,

109 1358 159 1418 ne
175 1333 223 1418 de
246 1332 286 1419 iis
304 1333 459 1448 quidem
474 1333 668 1419 consilium
678 1334 874 1448 capimus,
895 1363 995 1450 quae
1010 1365 1033 1421 a
1049 1334 1157 1418 nobis
1173 1357 1338 1449 aguntur
1353 1395 1366 1438 ,
1399 1334 1427 1419 si
1442 1366 1545 1448 prae·

110 1450 304 1545 scrita-sint
320 1509 333 1553 ,
348 1450 531 1566 quoniam
545 1450 678 1536 inutilis
694 1477 788 1536 esset
807 1452 1021 1563 hujusmodi
1038 1451 1254 1537 deliberatio
1273 1511 1285 1554 ,
1318 1452 1384 1536 sed
1405 1451 1443 1534 in
1473 1454 1547 1538 hoc

111 1594 247 1682 genere
262 1567 369 1653 deiis
392 1567 611 1669 dumtaxat,
635 1596 736 1683 quae
751 1565 877 1653 futura
902 1595 1020 1676 sunt,
1047 1568 1312 1671 consultamus.
1349 1572 1546 1682 Sperantes

108 1683 277 1789 videlicet
301 1683 352 1770 ad
367 1683 587 1771 electionem
601 1709 641 1770 et
654 1686 842 1789 actionem
857 1683 1051 1800 ipsorum,
1080 1681 1247 1772 fructum
1273 1685 1380 1770 nobis
1411 1716 1544 1802 quem·

110 1799 213 1913 piam
230 1798 446 1912 hujusmodi
468 1801 784 1888 consultationem
800 1803 1006 1889 allaturam.
1037 1805 1139 1886 Nam
1155 1802 1183 1885 si
1197 1801 1245 1886 de
1270 1802 1310 1887 iis
1325 1805 1434 1889 rebus
1457 1834 1548 1892 con·

111 1916 232 2003 silium
247 1946 380 2032 capere
405 1918 638 2025 omittimus,
670 1948 718 2004 ex
731 1949 897 2035 quorum
922 1919 1186 2007 deliberatione
1209 1919 1352 2003 nullum
1377 1937 1549 2008 commo-

112 2033 212 2125 dumv
229 2063 373 2149 praeter
389 2035 507 2149 ipsam
530 2035 843 2123 consultationem
874 2038 1069 2153 capimus,
1093 2036 1251 2122 dubium
1274 2065 1351 2121 esse
1376 2066 1456 2123 non
1481 2040 1545 2127 dc·

111 2149 204 2257 bet,
231 2154 324 2268 quin
340 2153 389 2238 de
407 2153 543 2268 quibus
558 2154 843 2260 consultamus,
873 2156 975 2240 exiis
994 2154 1149 2268 aliquod
1177 2177 1366 2266 praeterea
1387 2156 1494 2241 nobis
1509 2185 1547 2244 e·

113 2268 391 2356 molumentum
404 2271 600 2383 pariamus.
631 2272 756 2367 Quod
772 2271 865 2385 quid
894 2269 992 2357 aiud
1014 2297 1092 2356 esse
1117 2290 1337 2376 censemus,
1364 2301 1481 2386 quam
1506 2297 1550 2360 ιιι
1586 2311 1591 2322 ·

141 2413 185 2469 ιο
200 2413 245 2470 ea
270 2383 470 2489 facultate,
496 2416 613 2521 quam
629 2386 871 2473 nobisDeus
896 2412 936 2473 et
955 2410 1088 2472 natura
1103 2387 1255 2492 tribuit,
1276 2387 1464 2502 quidquid
1479 2418 1558 2476 ve·-

112 2415 222 2586 imus
248 2502 287 2587 in
305 2501 521 2613 hujusmodi
537 2505 647 2589 rebus
671 2504 860 2620 eligendi,
878 2533 924 2589 ea
945 2517 1228 2606 consectemur,
1254 2533 1354 2618 quae
1369 2504 1556 2592 rationo·

112 2617 168 2703 bis
183 2619 536 2707 commodioraesse
562 2621 854 2726 demonstrarit,
881 2645 920 2706 et
951 2650 1008 2707 tes
1043 2620 1138 2736 ipsas
1179 2620 1452 2737 veritatemque
1478 2620 1557 2709 fal·-

113 2735 159 2824 sis
173 2765 298 2824 tetum
313 2737 395 2824 visis
418 2734 666 2852 praeferamus
682 2739 703 2823 2
718 2738 841 2835 Quod
857 2737 949 2824 citra
972 2737 1292 2824 consultationem
1307 2759 1393 2824 non·
1409 2740 1557 2828 contin·
1592 2778 1596 2780 ‘

116 2852 183 2969 git.
211 2859 265 2940 At
280 2855 309 2941 si
323 2882 586 2971 quaecunque
602 2855 778 2972 agimus,
806 2856 900 2940 haec
919 2884 968 2940 ne
990 2884 1146 2972 agamus
1161 2877 1282 2960 ,non
1299 2878 1354 2941 est
1368 2856 1406 2940 in
1423 2882 1559 2945 nostrav

113 2994 325 3084 potestate,
348 2971 414 3057 sed
429 2973 573 3086 agimus
586 2972 716 3057 omnia
732 2971 783 3058 ad
809 2972 1003 3086 superioris
1017 3001 1150 3058 causae
1165 2971 1428 3087 praescriptum
1444 3035 1457 3078 ,
1472 3003 1551 3090 qua

116 3088 329 3174 necessitate
353 3086 448 3204 ignis
462 3087 585 3176 calore
606 3085 749 3198 allicit,
778 3087 867 3204 lapis
883 3088 1101 3195 deseendit,
1125 3088 1154 3174 si
1169 3084 1279 3175 fuerit
1293 3117 1317 3173 e
1330 3090 1474 3175 sublimi
1488 3092 1560 3178 de·¹
1606 3142 1610 3149 2
1732 3166 1737 3173 .

117 3202 275 3311 missus,
304 3205 439 3323 globus
465 3234 531 3320 per
558 3204 702 3294 declive
719 3204 952 3294 volutatur:
984 3233 1085 3321 quae
1099 3206 1268 3292 >tandem
1301 3230 1357 3292 est
1381 3206 1549 3315 utilitas,

116 3320 224 3435 quod
240 3323 568 3428 emolumentum,
593 3349 659 3408 cut
677 3323 910 3410 tam‘solicite
927 3322 1100 3408 derebus
1118 3323 1271 3440 agendis
1286 3323 1560 3432 consultemus,

117 3437 161 3543 si,
174 3439 283 3554 quod
298 3437 509 3527 inconsulto
525 3467 547 3524 e
573 3439 582 3458 '
641 3471 749 3545 mus,
773 3439 849 3526 hoc
862 3440 956 3526 inito
972 3439 1126 3527 consilio
1149 3469 1304 3557 agamus
1320 3463 1375 3525 est
1392 3458 1552 3547 necesse,

118 3582 163 3641 ac
186 3581 331 3671 praeter
346 3468 869 3644 deturanffilidmdinem
885 3554 1031 3640 nullum
1046 3581 1101 3642 est
1120 3584 1258 3670 operae
1285 3556 1445 3671 pretium
1460 3584 1559 3643 con·¹

119 3670 309 3758 sultandi?
336 3678 617 3788 supervacanea
645 3697 700 3759 est
725 3673 869 3790 igitur,
898 3696 937 3759 et
970 3695 1118 3786 prorsus
1143 3672 1277 3757 inutilis
1312 3672 1559 3760 consultatio

120 3793 179 3875 Etr
193 3817 375 3904 quocum
391 3788 483 3894 fiat,
498 3791 822 3905 quemadmodum
839 3791 1022 3894 diximus,
1050 3813 1093 3875 ut
1110 3784 1244 3875 frustra
1266 3795 1369 3876 Deus
1398 3790 1561 3905 ipsaque·

120 3931 255 4002 natura
266 3907 345 3994 vim
362 3909 528 3993 tribuerit
543 3907 754 3993 hominibus
769 3907 1005 3994 consultandi
1023 3967 1035 4010 ,
1086 3907 1165 3992 uod
1182 3907 1282 3993 dictu
1299 3904 1399 3992 nefas
1414 3931 1470 3992 est
1486 3969 1497 4012 ,
1515 3934 1554 3995 et

122 4048 304 4142 magnum
328 4025 367 4117 in
393 4049 552 4141 utraque
567 4023 713 4139 philoso
739 4024 800 4109 hia
815 4049 1008 4139 peccatum
1026 4052 1040 4130 3
1056 3934 1159 4108 furor
1184 4048 1268 4128 est,
1299 4020 1469 4136 profecto
1496 4021 1556 4108 fu·

123 4168 186 4226 rot
204 4204 217 4246 ,
241 4172 322 4229 non
338 4142 460 4229 solum
476 4142 641 4257 impietas
657 4203 670 4247 ,
691 4057 918 4230 facultatem
934 4139 1194 4254 oppositorum
1218 4140 1430 4224 hominibus
1444 4140 1483 4223 in
1499 4168 1568 4226 te·-

124 4256 195 4342 bus
218 4261 370 4374 agendis
401 4263 624 4376 abrogare,
656 4283 696 4344 et
724 4259 975 4347 necessitatem
1006 4255 1115 4341 rebus
1148 4257 1322 4341 omnibus
1366 4255 1553 4343 inducere.

125 4372 234 4470 Quid
248 4376 349 4461 enim
364 4375 467 4464 dictu
479 4375 670 4461 absurdius
685 4403 761 4462 esse
777 4398 900 4491 potest
915 4434 928 4478 ,
949 4401 1065 4487 quarn
1083 4401 1105 4455 a
1129 4377 1217 4458 Deo
1232 4398 1442 4487 naturaque
1458 4402 1559 4462 mot·

126 4490 218 4577 tales
231 4518 387 4579 cunctos
408 4493 509 4580 eludi
523 4492 649 4579 studio
672 4492 801 4596 inani,
826 4519 869 4577 ac
885 4489 1002 4575 inutili
1025 4515 1141 4602 opera
1163 4490 1422 4576 consultandi?
1458 4489 1462 4497 ’
1557 4542 1562 4555 ·

185 4611 247 4692 111.
307 4612 479 4725 Sequitur
504 4632 695 4726 praeterea
720 4639 767 4696 ex
787 4610 863 4694 hoc
888 4605 1115 4693 'admirando
1132 4606 1314 4713 decreto,
1338 4609 1376 4696 id
1394 4606 1500 4723 quod
1515 4639 1562 4694 o

128 4753 258 4814 mtrem
276 4728 490 4813 societatem
513 4726 712 4815 hominum
734 4724 938 4838 pervertit,
964 4749 1116 4811 omnem
1142 4725 1328 4813 civitatem
1352 4721 1563 4831 labefuctat,

128 4840 232 4964 leges
246 4867 330 4931 tum
347 4844 489 4935 divinas
505 4905 520 4956 ,
546 4867 630 4932 tutu
644 4843 826 4931 humanas
840 4870 916 4931 esse
932 4869 1079 4954 prorsus
1105 4843 1249 4941 inutiles
1264 4904 1278 4951 ,
1301 4843 1444 4935 nedtun
1458 4842 1566 4930 mini-

198 4963 306 5052 Yom.
324 4960 393 5052 tV.
927 4964 1014 5056 Ttt
1510 4985 1573 5044 me
