4034 5858
502 395 567 470 ,ω
960 369 1432 447 onuocnnrns

471 495 642 586 contenti
667 526 745 585 esse
768 495 910 585 debent
927 558 939 603 ,
959 495 1173 634 praesertim
1195 526 1267 583 suo
1286 493 1437 582 :studia
1459 492 1561 580 enim
1584 489 1791 581 litterarum
1818 495 1938 582 otium

472 615 512 702 in
539 616 664 732 primis
692 617 889 734 requirunt
919 642 958 703 et
985 618 1098 704 animr
1087 615 1430 733 tranquillitatem
1447 675 1459 721 ,
1475 644 1644 730 quorum
1673 638 1884 730 utrumque
1907 645 1937 701 e

473 760 595 853 gestas
621 737 810 841 excludit,
838 737 905 823 nisi
935 737 1055 824 adsint
1086 737 1290 824 necessaria
1316 737 1366 823 ad
1397 735 1541 824 victum
1572 735 1839 851 reliquumque
1863 734 1936 820 cul·

287 882 370 936 aaa
393 892 434 937 ιο
474 880 587 964 tum,
604 857 681 942 sine
704 857 840 974 quibus
855 880 970 974 negat
995 857 1211 944 Aristoteles
1226 882 1399 941 naturam
1422 852 1589 942 sufficere
1610 856 1661 941 ad
1676 853 1935 970 contemplan-

475 973 591 1062 dum.
628 981 697 1062 Est
722 1001 852 1066 tamen
880 1004 1000 1093 genus
1030 975 1230 1092 quoddam
1254 974 1575 1091 philosophandi,
1601 975 1710 1091 quod
1747 999 1931 1061 nontam

475 1093 515 1181 in
532 1095 707 1183 doctrinis
731 1120 926 1200 versatur,
944 1121 983 1184 et
1008 1096 1134 1182 studio
1159 1095 1364 1182 litterarum
1381 1156 1393 1202 ,
1410 1126 1527 1211 quam
1552 1094 1591 1178 in
1613 1093 1932 1180 commentatione

476 1216 637 1322 mortis,
653 1239 692 1301 et
707 1215 935 1301 cohibitione
950 1215 1140 1302 humanae
1157 1214 1395 1357 cupiditatis,
1410 1212 1602 1332 superbiae
1623 1242 1667 1299 ac
1686 1213 1935 1329 pervicaciae:

477 1332 572 1421 haec
597 1335 698 1421 enim
722 1335 788 1419 nisi
813 1334 955 1421 cunctis
977 1335 1183 1422 rationibus
1204 1340 1479 1439 coerceantur,
1497 1364 1568 1419 nos
1585 1333 1759 1436 ducunt,
1778 1357 1825 1417 ut
1847 1337 1934 1418 Pau·

300 1514 309 1536 .
343 1481 386 1534 r.
419 1508 428 1530 .
477 1451 535 1538 lus
566 1456 648 1557 ait,
665 1453 922 1540 ininteritum
949 1483 988 1541 et
1017 1465 1056 1538 iu
1083 1464 1249 1563 laqueum
1272 1458 1411 1540 diaboli
1428 1486 1437 1540 :
1456 1453 1594 1570 quibus
1618 1453 1721 1539 malis
1744 1475 1789 1537 ut
1809 1481 1934 1537 occur·

478 1598 592 1678 rant,
608 1604 675 1688 qur
664 1574 741 1660 ad
756 1574 859 1658 hunc
874 1574 1034 1661 modum
1049 1574 1383 1689 philosophantur,
1401 1573 1572 1660 homines
1587 1572 1739 1689 egregia
1753 1571 1795 1654 in
1814 1576 1936 1658 Deum

478 1693 617 1807 pietate
641 1721 685 1777 ac
702 1692 900 1809 religione,
917 1722 984 1808 per
1000 1724 1155 1780 omnem
1180 1694 1376 1800 laborem,
1393 1722 1552 1799 curam,
1570 1690 1869 1796 solicitudinem,
1884 1689 1938 1776 af·

454 1808 607 1928 'fligere
633 1812 701 1897 sibi
730 1840 1008 1947 proposuerunt
1040 1841 1080 1900 et
1095 1844 1201 1929 quast
1188 1814 1382 1901 domare
1382 1843 1570 1952 corpora
1601 1842 1698 1919 sua,
1723 1837 1762 1897 et
1785 1806 1856 1895 ιιιι
1838 1839 1939 1898 ctus

478 1959 688 2047 omnesque
704 1933 820 2016 carnis
837 1993 849 2036 ,
867 1962 967 2046 quae
989 1934 1119 2020 militat
1146 1934 1324 2021 adversus
1340 1933 1505 2049 spirirum
1523 1995 1535 2038 ,
1551 1962 1684 2069 pravas
1710 1931 1939 2046 appetentias

478 2047 713 2136 refraenare:
731 2049 798 2166 qui
826 2081 958 2136 omnes
983 2077 1241 2168 paupertatem
1266 2052 1304 2136 in
1332 2053 1456 2190 primis
1479 2051 1684 2165 suscipiunt
1707 2076 1745 2136 et
1767 2048 1942 2164 proliten-

477 2190 569 2272 tur‚
586 2169 681 2254 sed
673 2193 723 2253 rra
754 2193 799 2255 ut
826 2169 992 2284 ipsorum
1017 2172 1174 2289 quidam
1204 2172 1348 2260 divitias
1380 2172 1543 2259 universi
1574 2169 1769 2256 habeant
1758 2199 1796 2253 tn
1827 2197 1942 2253 com·

476 2314 623 2394 mune,
642 2287 746 2373 unde
767 2288 914 2374 alantur
931 2292 1103 2427 ,singuli
1115 2291 1205 2376 nihil
1230 2292 1390 2378 omnino
1422 2322 1559 2378 suum:
1581 2291 1640 2375 alii
1671 2315 1750 2376 tam
1778 2288 1942 2402 publice,

476 2434 595 2520 quam
615 2406 789 2520 privatim
816 2409 925 2523 egeni
947 2411 1077 2497 vivant
1093 2409 1133 2495 in
1149 2411 1249 2498 diem
1265 2474 1277 2517 ,
1294 2410 1386 2527 stipe
1411 2413 1461 2496 ab
1477 2411 1694 2497 hominibus
1709 2406 1887 2523 religiosis
1901 2435 1944 2491 ac

476 2525 684 2612 liberalibus
708 2528 965 2615 emendicata:
984 2531 1133 2645 utrique
1162 2530 1397 2618 sanctitatem
1427 2531 1577 2661 egregie
1603 2532 1860 2643 pietatemque
1887 2555 1943 2612 co

475 2643 594 2743 lentes
609 2645 788 2759 ,utrique
815 2676 861 2732 ex
888 2673 995 2782 parte
1020 2649 1138 2734 vitam
1169 2644 1470 2759 apostolorum
1460 2645 1669 2730 imitantes.

536 2765 626 2850 XX
688 2766 867 2848 Horum
826 2765 969 2899 rgitur
986 2764 1156 2850 instituto
1180 2789 1407 2879 paupertas,
1422 2790 1490 2848 aut
1512 2763 1624 2848 etiam
1643 2764 1864 2851 mendicitas
1883 2761 1943 2852 vel

477 2881 651 2967 accersita
674 2882 854 2968 convenit
872 2885 1129 2999 ,nuditasque
1143 2942 1155 2987 ,
1171 2910 1216 2967 ac
1240 2882 1362 2967 omnis
1389 2879 1490 2968 vitae
1519 2878 1746 2969 difficultas.
1779 2883 1832 2967 Hi
1854 2905 1946 2969 sunt

282 3052 420 3112 unsara,
477 2996 518 3082 in
534 2998 690 3115 primis,
707 3000 756 3086 de
779 3001 962 3116 quibus
931 3028 981 3088 art
997 3003 1194 3088 Christus:
1212 3001 1329 3086 Beati
1338 3019 1566 3111 pauperes,
1581 3003 1683 3087 beati
1711 3010 1778 3110 qui
1804 3008 1943 3109 lugeat,

478 3119 580 3201 beati
595 3127 660 3227 qui
676 3127 870 3206 esuriunt:
888 3119 937 3205 ad
971 3121 1084 3208 talem
1114 3119 1354 3237 quamdam,
1371 3143 1439 3206 aut
1460 3119 1550 3205 huic
1579 3150 1662 3207 non
1691 3120 1859 3205 multum
1884 3124 1944 3204 ab

478 3236 693 3322 similem
657 3264 775 3328 vitam
803 3265 842 3325 et
868 3241 1037 3327 Christus
1064 3267 1104 3327 et
1128 3241 1264 3327 Paulus
1292 3241 1468 3327 homines
1493 3240 1799 3327 adhortabantur
1821 3269 1941 3373 ,quos

478 3355 624 3442 divitias
649 3383 693 3443 ut
713 3357 944 3470 abjicerent,
960 3363 1288 3448 commonebant:
1306 3362 1372 3447 sed
1387 3390 1636 3498 quamquam
1644 3361 1739 3445 haec
1762 3355 1947 3474 perlectis·

480 3475 572 3560 sima
598 3475 844 3593 proximaque
865 3478 926 3566 via
949 3507 1034 3587 est,
1051 3508 1090 3565 et
1104 3510 1211 3598 quast
1199 3480 1508 3620 compendiaria
1532 3481 1718 3569 advitam
1743 3505 1947 3581 aeternam,

284 3649 359 3718 50..
375 3659 416 3710 a„
479 3623 562 3681 non
584 3619 714 3691 tamen
739 3598 818 3682 sola
835 3657 847 3702 ,
864 3626 933 3685 nee
962 3629 1111 3713 prorsus
1138 3602 1339 3687 necessaria
1371 3601 1495 3717 putari
1521 3601 1653 3688 debet
1689 3603 1795 3685 Nam
1825 3607 1867 3683 iu
1890 3601 1949 3682 do

288 3771 371 3820 hc„
356 3777 411 3823 7,
481 3742 537 3811 rao
560 3715 634 3812 Dei
652 3723 784 3826 putris
810 3725 1014 3803 mansiones
1043 3726 1179 3806 multae
1194 3737 1310 3827 suut,
1327 3721 1378 3806 ad
1393 3752 1516 3839 quas,
1533 3753 1577 3808 ut
1602 3719 1740 3807 Paulus
1768 3719 1852 3824 ait,
1872 3745 1949 3803 non

290 3890 384 3939 nor
402 3898 441 3936 ιι
482 3863 616 3931 Omnes
643 3865 720 3930 una
737 3895 749 3940 ,
767 3832 831 3922 sed
858 3835 949 3923 alius
973 3837 1102 3925 alia
1067 3870 1128 3926 vra
1156 3842 1426 3958 progreditur·
1445 3846 1651 3929 divisiones
1675 3837 1778 3926 enim
1800 3844 1952 3946 gratia

340 4004 355 4036 s·
413 4008 415 4011 v
480 3981 564 4039 rum
591 3969 629 4035 et
656 3964 907 4065 οριιαιιιιιιι
930 3972 1016 4041 suut
1033 4015 1047 4062 ,
1064 3962 1161 4043 idem
1190 3989 1283 4046 vero
1307 3963 1418 4043 Deus
1435 4021 1447 4065 ,
1464 3968 1529 4066 qui
1551 3975 1732 4068 operatur
1759 3963 1876 4043 ouria
1908 3961 1950 4034 r’n

483 4075 673 4171 omuibus.
702 4073 815 4158 Sicut
834 4082 930 4158 euim
952 4081 994 4157 a‘u
1020 4102 1088 4163 uno
1104 4096 1259 4186 corpora
1283 4085 1399 4164 multa
1424 4079 1588 4162 membra
1604 4081 1778 4161 habemus
1795 4134 1810 4179 ,
1825 4079 1951 4158 omnia

486 4208 607 4291 cutem
633 4194 797 4278 membro
827 4220 895 4281 uon
911 4199 1073 4281 rumam
1093 4212 1217 4282 onum
1231 4199 1367 4282 habeut
1382 4230 1391 4282 :
1409 4205 1469 4282 ita
1492 4202 1599 4283 multi
1614 4226 1722 4282 uuum
1740 4215 1881 4304 corpus
1897 4218 1949 4276 su

295 4362 333 4413 ,7,
351 4360 419 4411 R„
437 4370 476 4408 ,,
486 4338 568 4394 mus
591 4320 631 4394 io
660 4312 819 4398 Christo
832 4322 1002 4423 ,singuli
1027 4332 1149 4401 autem
1177 4323 1275 4402 ader
1301 4325 1460 4404 ulterius
1483 4321 1679 4421 manua,
1694 4318 1877 4401 habemas
1893 4315 1953 4394 dr

489 4438 655 4514 nationes
669 4437 865 4518 secuudum
878 4444 1048 4546 gratiam
1064 4497 1077 4542 ,
1095 4462 1190 4545 quae
1205 4442 1296 4525 data
1313 4455 1372 4523 est
1388 4441 1493 4523 nobis
1508 4435 1816 4544 ,dfferentesz'
1804 4465 1848 4519 rn
1863 4461 1954 4564 qua·

490 4578 576 4648 rum
602 4550 855 4638 donationum
881 4557 1243 4643 commemoratione
1267 4586 1348 4644 non
1373 4557 1616 4675 praetermisit
1637 4554 1776 4642 Paulus
1801 4546 1953 4641 liberali

493 4670 577 4755 tatis
602 4701 730 4786 opus,
758 4672 869 4790 quod
896 4699 952 4760 est
973 4674 1115 4762 fructus
1149 4676 1392 4785 elvitiorum,
1410 4706 1498 4764 cum
1531 4676 1582 4764 ait
1599 4739 1611 4782 ,
1628 4678 1711 4785 ,Oui
1741 4675 1885 4759 tribuit
1912 4677 1952 4751 r‘o

301 4806 368 4857 m
386 4816 423 4856 xa
493 4797 759 4899 simplicitate.
791 4796 913 4879 Porro
940 4793 1109 4882 Christus
1138 4825 1226 4885 cum
1253 4741 1446 4913 apostolos
1471 4798 1636 4885 mitteret
1664 4793 1715 4881 ad
1739 4790 1957 4909 praedicata·

496 4909 593 5005 dum
608 4910 876 5030 evangelium,
892 4914 996 5031 apud
1017 4916 1205 5034 optimum
1229 4947 1424 5040 quemque
1451 4915 1598 5009 urbes
1587 4942 1772 5036 ingressos
1795 4911 1958 5002 diversa·

1916 5022 1964 5133 tl,
