4034 5858
504 392 570 488 388
767 395 836 469 DE
860 399 980 471 RATI
964 398 1083 469 IONE
1106 397 1313 471 DICENDI
1337 397 1600 473 TESTIMON

476 549 559 608 non
576 519 663 608 dicit
688 549 820 611 contra
836 551 1015 613 mentem
1046 530 1149 609 Nam
1166 524 1311 611 mentiti
1339 528 1379 614 id
1397 529 1553 616 demum
1578 559 1655 616 esse
1682 532 1929 646 interpretan-

478 667 565 746 tur,
589 668 721 731 contra
738 670 905 731 mentem
920 645 984 730 ire.
1016 643 1139 738 Qui
1114 673 1163 730 stc
1178 673 1270 780 ergo
1287 673 1413 734 mente
1429 650 1634 764 concepit,
1651 650 1744 736 nihil
1763 681 1805 736 se
1826 654 1864 737 in
1885 683 1928 738 ea

479 789 590 851 causa
605 761 725 867 scire,
752 764 861 877 quod
877 764 1056 899 evulgare
1073 762 1281 868 debeat·,1s
1304 796 1384 852 non
1401 767 1490 855 dicit
1514 793 1647 854 contra
1676 794 1870 875 mentem,
1898 771 1928 855 si

481 909 521 964 se
538 905 682 996 neget,
713 882 949 997 quidquam
940 913 979 967 ιιι
995 909 1041 968 ea
1050 909 1166 969 causa
1183 883 1300 970 scire:
1325 885 1392 972 etsi
1407 916 1505 974 voce
1530 888 1805 1024 praetermittat
1819 833 1920 995 illitd,

480 999 601 1134 quod
606 998 759 1114 quidem
775 1001 936 1088 indicare
952 994 1140 1112 debeam,
1165 1033 1254 1089 cunr
1269 1003 1315 1089 sit
1341 1005 1426 1091 satis
1442 1006 1480 1093 id
1507 1031 1636 1093 mente
1653 1032 1921 1121 excipere,

480 1117 592 1209 tacita
619 1119 850 1255 cogitatione
876 1119 992 1238 loqui.
1025 1125 1149 1207 Τιιιο.
1167 1123 1264 1221 Quis
1287 1146 1326 1207 te
1356 1124 1507 1210 docuit
1515 1147 1593 1210 tarn
1624 1124 1720 1210 belle
1756 1125 1916 1240 nugari‘l

483 1237 582 1345 Quis
606 1236 674 1326 tibi
699 1235 944 1355 periuriorum
971 1266 1049 1326 tant
1066 1242 1261 1379 pulchram
1291 1240 1472 1329 latebram
1489 1222 1702 1329 ιιιιιιιιιιιιι
1739 1242 1871 1328 Nam
1863 1268 1924 1328 tsto

484 1339 641 1473 quidem
657 1361 777 1446 modo
794 1390 862 1448 nec
879 1391 953 1478 ego
967 1362 1153 1469 mentiar,
1184 1361 1289 1446 sime
1306 1359 1427 1446 dicam
1444 1390 1693 1476 ,numquam
1709 1360 1930 1477 Hispaniam

485 1475 636 1583 vidisse,
654 1478 773 1566 modo
791 1478 882 1567 illud
905 1481 1135 1616 cogitatione
1159 1477 1361 1590 adjiciam:
1377 1480 1433 1566 his
1448 1479 1658 1596 quidem
1624 1481 1760 1596 viginti
1786 1480 1931 1568 duobus

487 1598 621 1701 annis,
650 1624 852 1714 postquam
869 1601 918 1684 ab
933 1629 979 1686 ea
1001 1629 1083 1683 sum
1099 1599 1137 1683 in
1154 1595 1296 1683 ltaliam
1313 1600 1604 1730 Bononiamque
1620 1595 1833 1735 profectus:
1861 1630 1932 1714 qua

488 1716 671 1803 mendacii
688 1717 924 1803 excusatione
950 1717 978 1803 si
994 1741 1049 1801 ιιιι
1038 1715 1229 1821 vellem,
1256 1714 1339 1849 quis
1358 1746 1418 1804 me
1449 1713 1562 1803 ferret
1582 1718 1756 1833 gravium
1776 1720 1933 1833 pruden·

488 1834 661 1951 tiumque
678 1836 883 1925 virorum?
918 1835 953 1920 Si
969 1830 1086 1950 quid
1079 1835 1188 1952 agitur
1205 1861 1284 1920 vett
1273 1832 1423 1920 habet
1440 1836 1627 1953 vulgatis'
1619 1863 1687 1921 uta
1710 1836 1930 1952 interpreta-

488 1952 544 2037 tio
561 1982 694 2040 contra
719 1981 886 2041 mentem
914 1954 988 2038 ire:
1015 1952 1090 2039 hoc
1119 1952 1310 2059 declarat,
1327 1954 1473 2057 mentiri
1489 1984 1565 2039 esse
1589 1954 1690 2040 aliud
1707 1956 1840 2041 animo
1858 1986 1934 2041 sen·

490 2071 588 2177 tire,
619 2073 720 2158 aliud
736 2071 886 2159 fallendi
910 2072 1027 2190 gratia
1043 2070 1277 2189 significare,
1305 2102 1371 2158 seu
1386 2072 1507 2161 verbis
1537 2072 1576 2158 id
1609 2070 1701 2176 fiat,
1728 2103 1795 2157 seu
1825 2074 1935 2189 gesti·

295 2224 378 2283 ιιιι
387 2242 476 2281 comm
490 2190 562 2274 bus
588 2216 655 2276 aut
670 2189 786 2277 factis
819 2196 924 2275 Nam
940 2216 1040 2277 tecte
1069 2191 1301 2326 Augustinus
1331 2191 1569 2277 mendacium
1586 2219 1663 2275 esse
1680 2134 1845 2294 definit,
1873 2190 1934 2274 fal·

295 2293 463 2345 ⁰¹²⁰⁶²⁰¹¹¹¹¹¹
492 2339 570 2394 sarn
587 2308 892 2427 significationem
908 2339 996 2394 curn
1012 2311 1218 2395 intentione
1240 2304 1412 2394 fallendi.
1441 2309 1659 2394 Verborum
1680 2334 1811 2394 autern
1828 2309 1934 2425 signi·

493 2426 617 2514 ficatio
635 2458 728 2534 ,seu
754 2424 991 2543 proferantur
1007 2456 1052 2513 ea
1078 2426 1320 2544 singulatim,
1351 2455 1416 2512 seu
1446 2426 1484 2511 in
1510 2425 1688 2511 orationis
1713 2428 1935 2542 complexu,

492 2576 573 2633 non
604 2547 756 2634 dicentis
782 2547 961 2636 arbitratu
980 2546 1222 2661 temperanda
1237 2571 1324 2654 est,
1351 2544 1415 2631 sed
1434 2545 1483 2630 ad
1508 2572 1755 2631 communem
1784 2545 1935 2682 loqueu·
1955 2564 1957 2566 ’

493 2665 532 2752 di
548 2664 859 2751 consuetudinem
884 2690 922 2750 et
952 2664 1256 2799 intelligentiam:
1287 2663 1336 2747 sic
1363 2664 1462 2748 enim
1486 2663 1564 2773 jure
1586 2689 1743 2749 cavetur
1762 2666 1934 2778 accipien-

311 2831 444 2890 nespona.
455 2842 478 2878 c
494 2783 544 2869 da
561 2808 599 2869 et
616 2783 951 2869 accommodanda.
985 2789 1093 2918 Ergo
1108 2813 1136 2867 st
1126 2782 1277 2886 dicas,
1303 2805 1342 2867 te
1359 2781 1472 2866 nihil
1463 2811 1501 2865 ιιι
1518 2811 1562 2867 ea
1579 2810 1691 2866 causa
1707 2783 1826 2887 scite,
1839 2783 1937 2868 haud

301 2892 440 2942 ΨΜ
494 2903 610 2988 dubie
633 2902 842 2987 mentiatis:
833 2897 949 2985 ·lalsa
964 2928 1019 2986 est
1034 2902 1135 2989 eninr
1151 2900 1330 2987 orationis
1360 2898 1612 3035 significatio,
1638 2925 1679 2985 et
1705 2901 1758 2984 ab
1774 2902 1937 3015 eoquod

495 3021 662 3107 occultas
678 3020 820 3124 animo,
838 3019 1073 3106 dssentiens:
1106 3020 1196 3136 quia
1221 3046 1260 3106 te
1275 3018 1366 3103 nihil
1381 3018 1539 3103 omnino
1565 3018 1686 3152 sciren,
1723 3044 1766 3105 et
1783 3043 1828 3103 tu
1849 3019 1940 3122 dicis,

496 3164 536 3225 et
550 3140 780 3268 quicumque
808 3164 847 3224 te
863 3138 967 3225 audit
985 3136 1209 3256 ‚intelligitt
1243 3161 1287 3222 tu
1301 3161 1428 3221 tamen
1454 3137 1520 3222 tibi
1542 3136 1716 3269 conscius
1741 3167 1818 3246 es,
1835 3161 1871 3223 te
1885 3137 1940 3222 ali·

495 3258 655 3404 quid
608 3288 725 3366 scire,
749 3257 923 3377 quamvis
952 3257 991 3346 id
1016 3285 1098 3342 non
1114 3281 1224 3373 putes
1238 3254 1582 3408 enuntiandum

915 3584 917 3592 ,
1028 3495 1274 3583 CAPUT
1329 3494 1411 3581 VI.

1100 3731 1363 3819 Summanum.

542 3974 573 4035 1.
593 4046 595 4049 ¹
617 3973 832 4052 Interpretata‘o
845 3970 998 4047 verboram
1020 3965 1167 4050 Gregorii
1179 3969 1326 4044 dicertis,
1346 3976 1482 4046 oportere
1493 3982 1547 4028 aar
1569 3966 1663 4029 verba
1681 4007 1693 4045 ,
1711 3972 1768 4033 ted
1784 3972 1898 4033 anem

666 4060 792 4117 dicentis
808 4057 1004 4115 considerare.

545 4137 592 4202 11.
611 4141 664 4201 De
671 4139 785 4216 puerili
798 4132 1014 4213 amphibologia
1021 4169 1032 4206 ,
1046 4147 1101 4210 qao
1116 4130 1232 4216 qaedam
1245 4139 1363 4193 araneae
1376 4131 1416 4195 ad
1426 4129 1567 4193 rationem
1577 4131 1723 4194 mendacii
1736 4133 1900 4196 tollendam.
1947 4142 1952 4150 “

534 4468 565 4549 1.
594 4387 735 4557 Pan.
761 4465 826 4546 Tu
851 4460 963 4577 igitur
992 4459 1124 4577 nugari
1155 4481 1264 4574 putas
1288 4458 1518 4576 Gregorium
1549 4454 1698 4544 inlibro
1725 4457 1944 4560 Moralium,

505 4611 593 4667 curn
622 4612 692 4666 nos
711 4580 854 4683 docet,
881 4595 1049 4688 oportere
1074 4605 1142 4663 noa
1172 4581 1323 4683 verba,
1354 4583 1424 4661 sed
1446 4583 1609 4662 dicentis
1636 4585 1799 4661 animum
1835 4583 1946 4662 consi·

502 4707 651 4786 derare
669 4704 764 4782 Τιιι.
794 4703 881 4813 Ego
906 4725 999 4782 vero
1031 4721 1070 4781 et
1099 4697 1351 4814 gravissimam
1375 4722 1415 4782 et
1439 4696 1700 4781 sanctissimam
1727 4725 1810 4782 esse
1845 4698 1947 4780 istam

501 4818 678 4937 Gregorii
702 4816 940 4920 doctrinam,
956 4839 1100 4899 certum
1116 4816 1240 4900 habeo
1257 4842 1394 4929 ,quae
1411 4815 1596 4920 declarat,
1627 4844 1708 4899 non
1737 4844 1821 4901 esse
1839 4811 1945 4899 mali-

498 4940 592 5026 tiose
617 4933 893 5052 interpretanda
909 4876 1085 5023 tierba
1054 4961 1130 5048 erus
1154 4995 1167 5041 ,
1195 4933 1262 5050 qui
1292 4934 1401 5047 plane
1424 4934 1591 5050 loquitur
1614 4959 1653 5021 et
1675 4933 1754 5020 sine
1784 4932 1919 5020 fraude
1921 4990 1948 5135 d,

1839 5080 1919 5172 quo
