4034 5858
513 415 584 484 342
933 388 1185 460 APOLOGIA
1212 390 1310 464 PRO
1337 390 1484 464 LIBRO

487 549 550 606 ma
566 515 617 602 ad
634 545 679 602 ea
696 513 920 632 perficienda
935 539 974 600 et
989 513 1146 600 salutem
1165 515 1374 601 animarum
1388 515 1704 632 comparandam.

296 630 473 752 ,esslff‘ffilffi
546 641 636 722 XV.
695 640 873 721 Ceterum
890 634 1046 749 quidam
1062 634 1165 721 docti
1179 635 1336 752 quidem
1350 635 1551 741 homines,
1577 636 1643 721 sed
1668 663 1752 721 non
1782 635 1937 750 perinde

174 799 178 806 ·
295 750 473 872 ξξξῑὲἣῖζξζς,
488 784 557 842 usu
573 785 698 842 terum
715 753 848 869 periti,
875 778 1053 869 oportere
1083 755 1343 859 tradiderunt,
1367 781 1412 841 ut
1433 780 1638 870 antequam
1655 755 1799 839 bellum
1834 784 1940 869 para-

216 871 218 874 *
295 870 472 990 fflffinslffil.
487 901 613 980 retur,
640 874 751 959 missis
768 873 897 990 legatis
911 870 1204 960 admonerentur
1222 873 1389 980 barbari,
1422 900 1467 960 ut
1483 876 1531 960 ab
1546 873 1738 960 idolorum
1756 873 1864 958 cultu
1877 873 1938 959 de·

296 993 369 1042 ⁶⁹⁵⁵⁶
382 989 473 1053 ⁹⁰⁵⁵³‘·
486 995 675 1098 sisterent,
706 1019 746 1078 et
760 992 991 1078 Christianae
1008 991 1191 1109 religionis
1211 992 1484 1108 praedicatores
1509 993 1657 1110 publice
1672 991 1935 1097 admitterent;

485 1139 529 1200 ut
544 1113 572 1198 si
596 1112 789 1228 postularis
811 1110 1121 1227 adquiescerent,
1146 1113 1311 1226 ipsorum
1332 1113 1540 1198 animarum
1557 1110 1664 1198 saluti
1689 1111 1784 1196 citra
1799 1111 1934 1197 bellum

484 1232 766 1334 consuleretur,
792 1231 847 1314 sin
873 1254 1004 1315 autem
1021 1229 1115 1314 haec
1142 1233 1192 1316 ab
1216 1231 1298 1346 ipsis
1315 1230 1502 1346 impetrari
1533 1261 1614 1316 non
1641 1230 1817 1344 possint,
1846 1255 1935 1316 tunc

485 1350 585 1464 justis
601 1350 711 1436 armis
739 1347 913 1435 debellati
940 1348 1121 1462 imperata
1135 1346 1257 1435 facere
1270 1349 1608 1462 compellerentur:
1637 1377 1740 1465 quae
1763 1349 1937 1437 admoni·
2012 1420 2013 1429 t

485 1471 568 1575 tio,
593 1465 739 1572 fateor,
767 1466 797 1575 si
826 1468 969 1584 absque
986 1467 1129 1585 magnis
1160 1464 1438 1555 difficultatibus
1480 1493 1518 1554 ct
1534 1468 1670 1554 utiliter
1684 1465 1765 1552 lieri
1796 1492 1934 1583 posset,
1970 1474 1977 1479 ’

486 1617 568 1675 non
584 1612 664 1673 etat
681 1585 948 1703 repudianda,
978 1614 1049 1671 nec
1064 1586 1295 1672 omittenda.
1333 1586 1406 1672 Est
1434 1586 1537 1674 enim
1561 1585 1681 1672 similis
1707 1586 1744 1671 ei
1771 1647 1784 1690 ,
1821 1616 1936 1702 quam

484 1707 653 1793 Christus
668 1704 747 1791 fieri
767 1704 926 1818 jubetin
950 1703 1113 1791 fraterna
1127 1704 1387 1814 correctione,
1415 1707 1633 1824 priusquam
1654 1704 1705 1793 ad
1739 1706 1936 1792 denuntia·

375 1921 376 1925 Ν
482 1825 630 1913 tionem
658 1824 907 1942 procedatur.

544 1947 652 2030 XVI.
709 1947 892 2028 Ceterum
907 1941 1235 2058 quemadmodum
1267 1942 1307 2028 in
1341 1937 1504 2029 fraterna
1533 1942 1769 2030 correctione
1801 1941 1936 2029 inutilis

484 2063 696 2149 admonitio
711 2061 920 2148 omittenda
936 2086 992 2145 est
1018 2061 1313 2178 Theologorum
1328 2089 1545 2165 consensu,
1577 2087 1616 2148 et
1650 2063 1701 2146 ad
1734 2061 1939 2148 denuntia·

429 2194 432 2198 ’
483 2183 657 2286 tionem,
683 2180 712 2265 si
741 2209 796 2265 res
822 2179 1035 2294 praesertim
1063 2180 1213 2294 publica
1234 2179 1425 2297 postulet,
1460 2179 1769 2297 procedendum;
1799 2180 1852 2264 sic
1881 2205 1941 2267 cst

486 2302 536 2387 de
567 2297 783 2413 hujusmodi
806 2298 1067 2386 admonitione
1089 2299 1128 2383 in
1152 2300 1228 2386 hoc
1250 2299 1351 2386 bello
1367 2300 1563 2386 barbarico
1592 2296 1861 2404 statuendum,
1890 2323 1942 2386 ut

486 2418 682 2507 omittatur
708 2417 895 2524 omnino,
921 2418 950 2502 si
966 2417 1171 2532 prudenter
1186 2419 1477 2507 existimantibus
1493 2419 1629 2505 inutilis
1645 2416 1729 2505 fote
1754 2415 1940 2504 videatur.

295 2557 473 2672 „lgmffl'
545 2541 669 2624 XVII.
728 2539 837 2625 Nam
851 2538 959 2619 deber
975 2545 1041 2645 qui
1064 2550 1184 2642 arat,
1214 2564 1329 2624 arare
1359 2544 1398 2619 in
1422 2561 1490 2649 spe
1509 2535 1673 2644 fructru
1685 2540 1939 2646 percipiendi,

297 2637 347 2742 qia
384 2652 473 2754 ‚semi
487 2681 643 2742 auctore
660 2657 779 2742 Paulo
804 2658 952 2740 1.‘Cor.
969 2684 1006 2765 9.
1034 2680 1073 2741 et
1103 2655 1212 2770 quod
1226 2681 1280 2743 εει
1305 2655 1458 2762 inutile,
1479 2685 1550 2770 pto
1567 2656 1672 2741 nullo
1689 2656 1854 2739 habetur
1870 2715 1882 2761 ,
1899 2677 1942 2740 ut

296 2754 474 2858 {diffidi
489 2774 652 2860 declarat
667 2797 782 2890 caput
798 2781 898 2858 inter
910 2779 1183 2884 corporalia-de
1198 2780 1444 2860 translatione
1462 2775 1661 2884 Episcopi.
1677 2777 1795 2858 Hanc
1809 2797 1940 2858 autem

296 2865 475 2973 iaidf⁸⁸⁹‘⁰'
488 2893 791 2980 admonitionem
816 2921 894 2978 esse
913 2892 1080 2978 inutilem
1105 2892 1143 2977 in
1166 2894 1229 2981 tali
1254 2922 1395 2998 causa,
1432 2922 1476 2978 ac
1490 2892 1629 2979 idcirco
1645 2919 1855 3008 numquam
1882 2885 1939 2975 fa·

487 3009 739 3119 comitisse,
767 3008 1002 3097 multifariam
1019 3011 1254 3099 declaratur.
1290 3014 1461 3097 Primum
1476 3011 1565 3127 quia
1579 3036 1635 3099 est
1652 3008 1757 3097 factu
1771 3005 1942 3115 difficilis,

489 3154 529 3216 et
545 3155 625 3216 etat
650 3126 859 3218 difficillima
874 3130 980 3217 initio
1008 3131 1120 3215 belli:
1147 3156 1207 3218 tot
1221 3131 1518 3218 enimnationes
1539 3154 1620 3216 ram
1641 3129 1846 3236 barbaras,
1876 3125 1940 3213 im·

489 3277 621 3335 menso
637 3249 783 3334 Oceani
807 3272 847 3335 et
874 3275 1056 3335 tetrarum
1071 3248 1270 3337 intervallo
1291 3248 1496 3357 distantes,
1529 3249 1635 3335 nullo
1664 3249 1818 3367 linguae
1842 3275 1938 3332 com·

490 3367 630 3454 mercio
658 3368 760 3454 adire
775 3391 815 3452 et
830 3367 1065 3472 admonere,
1090 3396 1162 3453 nec
1185 3368 1309 3455 solum
1341 3368 1435 3484 quid
1464 3369 1736 3485 responderent
1761 3428 1775 3473 ,
1805 3363 1871 3451 sed
1891 3387 1941 3451 et·

488 3484 564 3571 iam
585 3486 679 3602 quid
702 3483 886 3587 facerent,
900 3513 1139 3602 exspectare,
1169 3515 1226 3574 res
1242 3512 1336 3574 esset
1359 3512 1439 3573 tam
1456 3485 1635 3593 difficilis,
1665 3485 1763 3573 tanti
1787 3492 1942 3590 sumtus,

491 3629 571 3690 tam
586 3604 690 3722 longi
716 3603 922 3720 temporis,
945 3629 990 3690 ut
1004 3601 1108 3691 facile
1124 3605 1308 3723 Principes
1323 3634 1456 3692 omnes
1472 3603 1715 3693 'Christianos
1739 3633 1765 3688 a
1794 3602 1861 3690 tali
1884 3630 1944 3687 co

491 3747 586 3808 natu
612 3724 824 3811 deterreret.
859 3727 993 3838 Itaque
1009 3723 1107 3810 hanc
1135 3724 1465 3830 admonitionem,
1491 3750 1536 3813 ut
1566 3723 1811 3811 necessariam
1840 3722 1943 3807 indu·

491 3868 604 3947 cere,
632 3841 722 3926 nihil
738 3839 838 3926 aliud
852 3864 963 3947 erat,
988 3869 1106 3957 quam
1133 3844 1406 3959 expeditionem
1423 3843 1524 3959 piam
1550 3871 1589 3929 ct
1619 3841 1785 3928 barbaris
1817 3839 1940 3926 saluti·

493 3955 641 4065 feram,
665 3988 709 4045 ac
726 3957 886 4075 proinde
916 3958 1083 4076 ipsorum
1097 3961 1415 4066 conversionem,
1437 3990 1537 4077 quae
1555 3960 1638 4047 linis
1652 3961 1739 4046 belli
1765 3982 1846 4062 est,
1881 3983 1945 4072 pe·

491 4076 592 4164 nitus
606 4077 805 4194 impedire.
838 4083 906 4162 Est
922 4078 1032 4198 igitur
1057 4079 1213 4187 inutilis,
1229 4105 1268 4166 et
1291 4080 1451 4196 proinde
1466 4081 1691 4167 omittenda.
1724 4084 1822 4162 Nam
1839 4105 1947 4192 quae

487 4197 714 4284 ordinantur
730 4196 781 4282 ad
797 4194 937 4306 linem,
967 4198 1060 4284 haec
1091 4200 1277 4285 tationem
1302 4198 1395 4285 boni
1410 4227 1457 4286 ex
1487 4199 1622 4286 ordine
1646 4200 1698 4286 ad
1725 4195 1842 4284 finem
1869 4223 1945 4282 sor·

491 4314 664 4401 tiuntur:
693 4342 810 4433 quate
826 4342 926 4432 quae
942 4313 1056 4404 finem
1081 4317 1320 4434 impediunt,
1354 4347 1436 4404 non
1460 4319 1604 4405 hahent
1631 4319 1820 4405 tationem
1839 4315 1943 4400 boni.

494 4434 551 4519 Ut
566 4434 737 4548 Thomas
756 4467 797 4519 2.
817 4466 855 4520 2.
874 4465 916 4552 q.
940 4466 958 4546 3
969 4467 1006 4545 3.
1025 4438 1137 4522 att.6.
1155 4438 1217 4523 ad.
1240 4470 1275 4548 3.
1293 4437 1469 4525 tradidit.
1500 4435 1655 4530 fflet'nde
1681 4436 1778 4522 haec
1811 4433 1944 4520 admo·

371 4583 374 4590 ¹
494 4551 617 4659 nitio,
643 4555 711 4640 etsi
741 4555 918 4669 superatis
949 4551 1226 4643 difficultatibus
1256 4553 1403 4661 heret,
1437 4557 1529 4643 nihil
1557 4582 1684 4643 tamen
1711 4579 1781 4640 aut
1809 4582 1943 4670 patum
2010 4588 2013 4597 ·

493 4669 715 4786 proficeret:
745 4696 839 4758 esset
862 4671 974 4788 igitur
998 4674 1157 4780 inutilis,
1184 4701 1222 4761 ct
1238 4676 1476 4763 omittenda:
1503 4706 1585 4762 non
1605 4675 1707 4762 enim
1724 4698 1782 4760 est
1808 4674 1942 4787 proba·

494 4789 596 4896 bile,
626 4819 750 4906 neque
766 4790 1006 4897 verosimile,
1036 4818 1189 4910 gentem
1216 4794 1379 4911 aliquam
1396 4785 1463 4912 per
1491 4796 1611 4883 solam
1643 4791 1947 4880 admonitionem

493 4934 536 4997 ει
563 4932 735 4999 externae
760 4909 920 4999 nationis
936 4910 1243 5018 ,exhortationem
1266 4914 1405 5003 adduci
1430 4943 1572 5035 posse,
1601 4938 1645 5002 ut
1672 4912 1825 5000 insitam
1857 4934 1943 4997 eta

1864 5056 1944 5116 ma-
