4050 5858
641 391 845 462 LIBER
893 390 939 459 11.
1441 407 1513 478 259

78 521 184 607 iamsi
173 514 298 606 nihil
329 521 423 602 esset
451 536 673 631 praeterea,
700 544 783 630 quo
810 515 964 602 virtutes
994 509 1245 620 referrentur,
1276 516 1376 631 ipsae
1402 540 1530 607 tamen
1623 556 1624 560 ι

75 669 145 754 per
159 668 197 725 se
213 700 226 745 ,
243 658 396 754 propter
421 660 621 769 suamque
633 633 871 719 honestatem
900 657 1022 720 essent
1045 634 1303 748 expetendae?
1330 643 1442 723 Leon.
1464 640 1529 729 Sic

80 758 257 846 videtur?
295 759 397 840 Dm.
429 751 583 839 Ratio
574 750 687 867 igitur
717 752 861 837 interna
891 751 1041 840 colendi
1069 752 1342 890 expetendique
1372 782 1528 846 virtutes
1540 790 1619 853 Qun
1626 792 1660 840 ιιι
1678 789 1717 864 q·
1755 847 1757 851 ,

73 875 198 1004 posita
224 900 280 961 est
304 872 344 955 in
366 872 530 988 ipsarum
557 869 779 976 honestate,
796 897 874 986 qua
896 869 1048 956 sublata
1056 933 1069 979 ,
1085 870 1180 986 perit
1205 871 1350 958 virtutis
1379 900 1419 960 et
1451 861 1552 964 noi
1549 861 1663 961 nlla
1664 865 1715 962 iii-

72 1023 164 1080 rnen
192 1018 232 1080 et
257 1017 414 1083 natura.
444 995 557 1084 Leon.
574 992 672 1075 Meo
694 988 850 1106 quidem
875 988 1034 1124 judicio.
1068 995 1170 1074 Dm.
1187 991 1269 1125 Qui
1288 981 1575 1084 honestatemtu
1577 983 1614 1022 ⁸⁸

73 1140 169 1229 ergo
189 1109 402 1201 contemnit
423 1108 463 1192 in
479 1133 557 1192 una
570 1107 774 1224 ,neglecto
794 1132 917 1194 rectae
941 1107 1092 1194 rationis
1106 1109 1290 1223 imperio,
1307 1114 1426 1228 aquo
1443 1116 1525 1203 vito

74 1231 246 1317 studioso
269 1257 478 1344 numquam
496 1250 551 1312 est
567 1168 893 1331 discedendum,
883 1255 913 1310 ts
935 1227 1135 1312 eamdem'
1125 1256 1165 1310 ιιι
1180 1229 1309 1313 ιειειὶι
1326 1231 1524 1322 virtutibus
1628 1240 1631 1244 ’

73 1377 207 1435 nonne
223 1347 409 1435 videbitur
433 1345 571 1432 eodem
590 1344 710 1430 modo
738 1355 1023 1460 aspernaturus?
1050 1349 1164 1429 Leon.
1184 1345 1381 1433 Videbitur
1403 1354 1522 1438 omni

75 1497 153 1552 no
184 1473 285 1552 Dru.
303 1473 356 1553 At
379 1463 609 1551 Christianus
624 1523 637 1568 ,
655 1463 684 1547 si
704 1488 744 1550 te
766 1462 957 1568 audiet,
948 1493 986 1547 ιιι
1010 1459 1229 1550 fortitudine
1243 1492 1289 1549 ac
1308 1467 1422 1552 animi
1444 1503 1523 1556 nra-

75 1585 274 1700 gnitudine
302 1585 540 1671 honestatem
569 1606 744 1696 spernet:
774 1610 841 1696 per
867 1606 905 1668 te
924 1580 1037 1697 igitur
1065 1582 1199 1667 eadem
1232 1584 1377 1670 ratione
1405 1615 1523 1703 asper

75 1704 257 1790 trabitur
247 1732 287 1788 tn
308 1702 509 1788 omnibus.
533 1700 584 1785 ita
609 1695 802 1786 fraudatus
834 1728 933 1804 una,
953 1699 1093 1784 cunctis
1118 1699 1314 1787 virtutibus
1346 1704 1523 1842 spoliabi-

75 1844 167 1907 tur:
190 1822 219 1907 si
242 1821 345 1906 enirn
370 1819 431 1904 cui
458 1819 607 1903 insitum
631 1842 687 1903 est
711 1816 946 1904 honestatem
969 1818 1109 1932 ubique
1131 1817 1266 1933 sequi,
1295 1842 1335 1905 et
1366 1822 1522 1936 imperio

74 1968 208 2054 parere
230 1963 353 2024 rectae
379 1936 557 2041 rationis,
575 1935 604 2020 is
629 1964 763 2021 omnes
779 1936 933 2022 virtutes
957 1936 1094 2022 habere
1113 1961 1294 2051 putatur:
1317 1941 1384 2054 qui
1408 1940 1524 2030 hone

32 2148 34 2150 ,
74 2081 213 2143 statem
232 2085 315 2142 uno
343 2054 384 2139 in
409 2055 526 2157 loco,
541 2080 586 2137 ac
601 2076 799 2189 propterea
822 2054 964 2170 ubique
993 2053 1177 2190 negligit,
1204 2078 1244 2139 et
1266 2081 1389 2143 rectae
1416 2061 1525 2147 ratio

76 2176 133 2260 nis
160 2174 357 2290 imperium
375 2234 388 2279 ,
404 2173 442 2257 in
462 2172 539 2256 hoc
553 2171 637 2286 quis
660 2173 816 2259 tandem
840 2172 945 2259 locus
974 2197 1100 2287 potest
1116 2171 1245 2260 virtuti
1270 2174 1438 2311 cuipiam
1447 2207 1524 2264 esse

77 2290 253 2378 relictus?
283 2291 365 2378 Nisi
395 2290 493 2377 forte
515 2314 595 2374 tarn
624 2290 722 2375 caeci
755 2321 882 2377 sumus
912 2315 952 2377 ct
976 2290 1211 2405 pertinaces,
1238 2316 1383 2379 utnon
1412 2295 1525 2416 simus

78 2411 305 2516 recusaturi,
322 2439 404 2526 quo
420 2408 543 2495 minus
557 2435 645 2492 cum
661 2405 880 2495 fortitudine
905 2408 1202 2545 magnitudinem
1217 2435 1377 2525 quoque
1396 2410 1523 2520 animi,

77 2555 178 2644 quae
204 2559 349 2615 summa
388 2527 625 2642 maximaque
657 2522 817 2611 officia
808 2554 847 2610 ιιι
875 2528 980 2612 omni
1004 2527 1141 2613 virtute
1165 2529 1425 2644 persequitur,
1442 2529 1525 2616 lon-

80 2676 130 2762 ge
152 2677 175 2731 a
198 2648 382 2736 virtutum
411 2646 533 2732 choto
555 2645 871 2750 submoveamus,
889 2644 1173 2731 reclamantibus
1200 2673 1281 2730 non
1305 2648 1427 2734 modo
1444 2649 1524 2762 phi·

78 2764 271 2880 losophis,
299 2766 366 2853 sed
388 2763 576 2880 theologis
590 2762 708 2848 etiarn
732 2762 1029 2880 religiosissimis:
1046 2792 1212 2878 quorum
1239 2791 1355 2851 nemo
1381 2789 1437 2851 est
1453 2767 1526 2852 ha-

78 2907 208 2970 ctenus
230 2908 397 3001 repertus
414 2884 508 3000 ,qui
533 2882 599 2967 has
621 2881 696 2972 vel
711 2910 788 2967 esse
808 2881 962 2969 virtutes
988 2881 1236 2986 inficiaretur,
1254 2881 1315 2969 vel
1331 2912 1354 2966 a
1372 2884 1525 2972 Christi·
1645 2938 1647 2942 ,

78 3028 242 3088 anorum
262 3002 454 3088 consortio
477 3000 747 3106 submoveret,
763 2998 896 3087 scilicet
910 2999 1000 3116 quia
1026 3029 1152 3086 nemo
1159 3001 1338 3118 ignorat,
1355 3003 1578 3137 complu·
1617 3033 1620 3035 *

80 3146 138 3204 res
158 3119 234 3206 hoc
259 3121 413 3208 nomine
439 3119 477 3205 in
502 3119 608 3205 sacris
633 3061 758 3205 litteris
786 3119 1067 3207 commendari
1098 3119 1292 3203 Scribo
1253 3120 1583 3236 ,inquitJoanw
1551 3161 1626 3226 ιι..
1641 3173 1664 3218 2.

80 3263 176 3346 nes,
196 3241 309 3324 vobis
324 3298 339 3346 ,
354 3243 600 3325 adolescentes
616 3298 628 3343 ,
645 3245 813 3345 quoniam
826 3237 958 3345 fortes
974 3247 1097 3322 estis:
1122 3262 1162 3324 ct
1179 3238 1314 3322 Paulus
1333 3267 1341 3322 :
1370 3240 1449 3324 Per
1470 3239 1695 3341 fi-mm„

80 3361 188 3464 dem,
207 3358 287 3464 ait,
304 3356 436 3464 fortes
453 3356 564 3463 flecti
586 3371 674 3440 tuot
697 3365 738 3440 ιἰι
765 3358 886 3442 berlo:
913 3382 1023 3442 erne
1047 3355 1212 3473 singulos
1231 3382 1455 3472 persequar,
1474 3361 1524 3453 de

79 3477 273 3592 Stephano
288 3476 445 3594 legimus
469 3477 508 3562 in
531 3482 631 3559 actis
646 3476 909 3586 Apostolorum
925 3536 937 3580 ,
955 3474 1064 3590 quod
1083 3481 1217 3583 pierius
1231 3484 1365 3584 gratia
1386 3491 1424 3558 et
1439 3475 1524 3580 for·
1537 3503 1599 3560 cm·
1612 3501 1645 3569 σι
1693 3548 1696 3552 .
1719 3564 1725 3575 ,

80 3600 240 3679 titudine
256 3594 436 3701 florebat
459 3599 701 3706 prodigiosa
728 3601 839 3703 rigna
863 3619 997 3702 magna
1028 3599 1244 3708 inpoprrlo
1283 3598 1393 3677 Leon.
1427 3599 1527 3681 Nort

79 3738 174 3828 ego,
192 3718 456 3820 Democrates,
472 3710 730 3799 fortitudinem
755 3739 800 3795 ac
825 3710 1170 3848 magnanimitatem
1193 3710 1347 3798 virtutes
1368 3738 1521 3799 essene

79 3859 163 3946 go,
181 3859 306 3948 neque
331 3833 441 3949 quod
467 3861 530 3918 cas
558 3829 710 3918 dixerim
738 3829 1025 3915 aChtistianis
1016 3830 1187 3916 institutis
1212 3828 1440 3964 abhorrere,
1459 3862 1524 3918 ve·

78 3947 192 4033 lim
165 3979 216 4035 stc
243 3978 330 4035 mea
353 3950 501 4036 verba
492 3948 764 4063 interpreteris,
780 3978 886 4062 quast
875 3947 1048 4033 nullam
1073 3947 1178 4032 nobis
1203 3947 1416 4033 societatem
1433 3978 1522 4036 curn
1630 4056 1636 4060 1

79 4065 146 4150 illis
160 4068 359 4155 virtutibus
384 4067 618 4185 relinquam:
636 4095 717 4167 rmn
739 4065 833 4151 istuc
849 4066 950 4153 valet
963 4064 1086 4153 oratio
1112 4093 1221 4151 mea:
1237 4066 1303 4151 sed
1328 4091 1372 4151 ut
1397 4066 1523 4151 intelli-
1623 4124 1624 4127 ι
1685 4106 1688 4113 v

79 4208 191 4299 gatur
217 4187 287 4272 aha
314 4186 460 4273 ratione
491 4183 607 4273 sortes
634 4209 674 4271 et
705 4184 993 4320 magnanimos
993 4215 1016 4270 a
1041 4183 1255 4268 Christianis
1270 4242 1283 4287 ‚
1298 4174 1369 4267 alia
1396 4186 1524 4271 ceteris

79 4302 255 4418 gentibus
269 4333 313 4390 ac
329 4305 559 4420 philosophis
577 4328 616 4390 et
610 4304 783 4427 proban
799 4330 837 4390 et
853 4302 1024 4390 definiri
1055 4300 1302 4424 Justorum,
1286 4301 1414 4423 rnquit
1429 4300 1522 4390 Gre-
1507 4347 1623 4398 nam.
1609 4361 1648 4399 ι.

77 4419 248 4537 gorius,
262 4422 453 4529 fhrtr'tudo
478 4439 537 4507 est
567 4449 714 4506 caruem
741 4430 925 4526 vincere,
949 4427 1124 4531 propriis
1151 4447 1201 4504 vo
1201 4425 1407 4530 raptoribus
1440 4448 1525 4508 con-

76 4546 203 4624 traire
221 4545 522 4644 ,delemurr'onem
543 4549 650 4625 vitoe
670 4550 886 4651 proesentis
909 4545 1158 4648 exstinguere
1181 4539 1448 4674 Philosophi
1412 4564 1538 4626 ιιιιιιι·

75 4678 158 4741 tem
186 4658 318 4743 hanc
310 4689 348 4744 tn
374 4660 509 4746 bellicis
533 4657 693 4745 maxime
721 4658 887 4772 periculis
916 4657 1017 4743 cerni
1046 4681 1163 4772 atque
1192 4685 1329 4745 versari
1317 4657 1526 4762 docent,

79 4802 153 4859 nec
174 4805 279 4862 secus
296 4779 345 4865 de
369 4778 633 4914 magnitudine
651 4775 788 4881 anbni,
810 4803 910 4891 quae
931 4777 1139 4892 appetitum
1166 4773 1320 4860 honoris
1334 4798 1374 4858 et
1388 4772 1535 4889 gloriae

79 4894 331 5077 moderabat,
352 4897 529 4989 videntur
545 4895 637 4983 mihi
658 4893 1115 5100 dissentirerhyilosophi
1139 4890 1239 4979 enim
1264 4893 1313 4980 cle
1327 4891 1539 5131 honorglg
