4034 5858
1473 379 1539 456 375

120 490 496 668 Jontuus
556 437 919 616 'Gnunsrr
997 478 1566 650 sanunvaonn

191 759 265 842 DE
294 753 540 840 RATIONE
564 751 787 836 DICENDI
811 746 1200 834 TESTIMONIUM
1226 748 1284 828 IN
1311 742 1489 830 CAUSIS
1552 737 1555 741 ’

435 917 867 984 occursorum
910 914 1246 978 cururuuur
1535 912 1536 916 ‘

114 1094 453 1208 DIALOGUS
475 1169 495 1214 ,
520 1094 647 1217 QUI
666 1091 1080 1197 INSCRIBlTUR
1124 1084 1566 1214 THEOPHILUS,

203 1348 290 1442 nn
310 1339 693 1436 orusuosuir
718 1343 779 1433 D.
794 1333 1196 1433 reuununuu
1226 1332 1472 1470 strutar,
1554 1380 1555 1388 ψ

250 1496 509 1665 ,commu
534 1551 1025 1652 esuritournnuu,
1052 1553 1193 1634 cass.
1207 1549 1423 1657 unisse.

171 1663 175 1672 ἱ
373 1670 390 1674 ..
619 1735 1054 1825 sanarum,ne
1321 1703 1323 1707 ’

569 1947 1114 2036 PRAEFATIO.

109 2081 318 2249 UTrum
335 2150 428 2238 boni
446 2150 514 2238 viri
530 2149 576 2236 sit
594 2209 606 2255 ,
631 2152 775 2269 magnis
792 2154 1004 2240 commodis
1019 2148 1335 2255 adhortantibus,
1355 2146 1566 2264 quidquam

108 2268 235 2356 faeere
252 2298 398 2386 praeter
429 2270 668 2355 honestatem
691 2331 703 2375 ,
730 2300 849 2386 quam
875 2296 1084 2388 susceptam
1106 2293 1253 2356 constet
1275 2295 1356 2354 non
1376 2269 1566 2354 mediocre

110 2389 299 2475 damnum
316 2388 513 2473 allaturam
537 2447 549 2489 ,
566 2415 675 2500 saepe
694 2411 732 2472 et
755 2420 778 2474 a
794 2390 919 2476 multis
935 2391 1148 2476 dubitatum
1165 2413 1221 2474 est
1239 2450 1252 2494 ,
1278 2386 1471 2471 Fernande
1498 2387 1564 2482 §il-

108 2534 183 2609 va‚
210 2509 351 2592 Comes
383 2504 506 2589 inclite
530 2499 823 2593 Centifontane.
860 2502 1081 2622 Importuna
1107 2506 1279 2593 videlicet
1309 2503 1479 2621 quaestio
1497 2565 1508 2609 ,
1526 2529 1566 2591 et

106 2622 257 2709 excelsis
283 2652 328 2708 ac
354 2622 498 2740 magnis
514 2621 643 2707 animis
658 2623 812 2759 indigna
829 2625 1069 2712 deliberatio.
1104 2631 1167 2708 Tu
1193 2653 1286 2711 vero
1303 2683 1317 2726 ,
1333 2622 1392 2707 cui
1417 2649 1564 2735 propo-
1659 2676 1667 2687 „

110 2742 223 2828 situm
238 2767 321 2848 est,
342 2768 570 2856 semperque
583 2736 654 2824 fuit
676 2804 689 2848 ‚
711 2767 890 2829 vrrtutem
905 2744 1028 2830 colere
1045 2806 1057 2852 ,
1074 2766 1365 2858 constanterque
1405 2738 1564 2856 gloriam

115 2861 302 2973 majorum
317 2886 475 2947 tuorum
492 2857 669 2944 aemulari
687 2922 699 2965 ,
717 2862 877 2946 utnulla
905 2862 1074 2948 solicitari
1097 2861 1193 2948 soles
1216 2861 1255 2946 id
1284 2889 1402 2978 genus
1417 2861 1566 2945 consul-

108 2978 284 3083 tatione,
314 2978 380 3064 sed
410 2978 518 3065 omni
543 2977 631 3063 loco
654 2979 799 3065 virtutis
819 2980 970 3065 laudem
995 2980 1201 3096 quamlibet
1226 2979 1369 3096 magnis
1392 3007 1564 3064 commo·

112 3095 169 3182 dis
186 3093 396 3182 anteferre:
429 3095 480 3181 sic
496 3124 558 3182 eas
573 3096 865 3213 quaestionesin
894 3098 1018 3213 primis
1034 3098 1173 3204 odisti,
1201 3126 1300 3213 quae
1324 3096 1485 3183 utilitatis
1509 3095 1563 3180 af·

108 3209 239 3300 lerunt
254 3242 342 3300 cum
363 3210 491 3301 officio
507 3240 546 3301 et
561 3216 759 3301 honestate
775 3217 1087 3304 contentionem:
1116 3241 1248 3303 contra
1273 3245 1367 3301 vero
1396 3215 1436 3301 iis
1463 3214 1561 3303 dele·

101 3334 217 3419 ‘cratis
236 3334 425 3441 maxime,
448 3361 537 3418 cum
555 3336 604 3419 ab
627 3334 842 3422 hominibus
876 3335 996 3422 doctis
1028 3337 1290 3451 disputantur,
1317 3362 1416 3450 quae
1439 3334 1560 3420 decla·

109 3475 195 3536 rant
212 3513 224 3556 ,
242 3452 403 3537 duarum
427 3479 551 3535 rerum
579 3452 823 3541 honestarum
842 3476 925 3539 utra
941 3456 1132 3542 honestior
1148 3462 1201 3539 ac'
1215 3453 1323 3539 bonis
1339 3454 1425 3540 viris
1449 3453 1558 3537 susci·

108 3568 246 3681 pienda
272 3570 397 3683 potius
412 3596 489 3655 esse
504 3569 687 3657 videatur.
718 3577 858 3688 Neque
878 3601 972 3659 vero
988 3574 1109 3658 solum
1127 3573 1216 3660 tales
1243 3570 1557 3687 philosophorum

111 3685 380 3801 disputationes
397 3686 553 3773 libenter
570 3687 674 3775 audis
693 3748 706 3793 ,
732 3717 820 3775 eum
836 3689 958 3776 otium
974 3692 1087 3778 sumis
1110 3722 1134 3776 a
1150 3689 1370 3806 reipublicae
1398 3689 1559 3774 muneri·

110 3800 214 3913 bus,
233 3835 331 3922 quae
350 3806 516 3891 Caesaris
532 3805 674 3923 legatus
688 3813 836 3894 Romae
857 3836 943 3894 cum
960 3812 1109 3928 egregia
1133 3835 1200 3895 tua
1221 3808 1332 3894 laude
1347 3808 1468 3927 geris,
1491 3808 1558 3897 sed

100 3944 149 4007 te
167 3950 330 4040 quoque
357 3927 463 4037 juvat
495 3925 683 4011 interdum
710 3955 781 4040 pro
814 3952 880 4013 tua
905 3929 1079 4044 singulari
1104 3926 1300 4045 prudentia
1315 3950 1353 4013 et
1378 3927 1559 4014 acerrimo

110 4038 264 4154 ingenio
289 4041 579 4159 philosophari,
605 4069 644 4129 et
661 4072 748 4130 cum
775 4044 858 4132 viris
885 4047 1036 4132 eruditis
1059 4076 1116 4133 res
1141 4047 1180 4131 in
1207 4045 1283 4130 hoc
1305 4076 1442 4163 genere
1467 4074 1560 4131 con*-

110 4176 299 4246 rroversas
315 4189 353 4246 et
373 4162 467 4247 scitu
484 4162 615 4279 dignas
641 4163 840 4250 disserere:
869 4166 986 4280 qualis
1009 4193 1130 4281 nuper
1144 4163 1314 4280 quaestio
1330 4194 1352 4249 a
1376 4191 1414 4250 te
1430 4160 1499 4248 fuit
1521 4188 1562 4252 et

111 4276 314 4389 prudenter
331 4279 522 4395 proposita
551 4305 590 4367 et
614 4312 756 4400 magno
784 4284 936 4400 ingenio
960 4282 1145 4399 disputata
1172 4344 1184 4388 ,
1210 4311 1297 4367 cum
1324 4313 1446 4369 sermo
1472 4281 1561 4367 inci·

111 4392 226 4481 disset
242 4396 289 4480 de
305 4399 450 4484 rarione
466 4399 615 4485 occulta
633 4401 786 4487 crimina
814 4400 970 4488 celandi.
1006 4399 1154 4487 Aderat
1168 4401 1268 4487 enim
1284 4401 1439 4518 quidam
1456 4404 1561 4516 praev

111 4512 224 4599 stanti
242 4513 411 4601 doctrina
430 4517 663 4635 theologus,
695 4521 761 4636 qui
778 4544 931 4636 rogatus
945 4550 969 4603 a
985 4545 1049 4625 te,
1082 4548 1174 4605 num
1191 4521 1349 4635 quando
1374 4521 1480 4605 liceat
1494 4521 1564 4605 bo·

110 4658 167 4714 no
197 4631 311 4739 viro,
340 4662 389 4718 ne
408 4636 550 4722 socium
570 4638 718 4745 laedat,
735 4639 886 4756 roganti
909 4669 947 4725 se
976 4637 1087 4753 judici
1117 4638 1313 4728 veritatem
1336 4638 1469 4757 quavis
1484 4664 1565 4725 arte
1627 4715 1629 4719 ,

110 4750 319 4837 verborum
346 4752 535 4840 occultare
565 4755 800 4842 inficiando:
835 4786 923 4843 cum
947 4788 1053 4844 suam
1082 4757 1303 4845 sententiam
1338 4756 1564 4873 exposuisset

109 4870 372 4983 quorumdam
398 4870 589 4992 juniorum
615 4873 884 4995 theologorum
897 4869 1056 4968 'decretis
1067 4901 1357 4975 consentaneam
1381 4937 1394 4986 ,
1428 4902 1568 5091 mappa

152 5024 155 5035 '
1534 5017 1563 5082 tt
