4050 5858
489 373 558 457 2o8
981 380 1389 454 GONSALUS

456 509 552 622 justa
573 536 689 620 sunt,
710 510 739 598 si
760 505 924 626 legitima
940 506 1086 592 ratione
1113 503 1350 593 inferuntur:
1374 506 1500 625 qualia
1523 503 1644 594 multa
1668 498 1828 617 majores
1847 505 1925 592 nol

456 632 520 718 stri
536 631 681 719 Mauris
704 629 886 715 intulere:
904 625 1029 741 quala
1055 624 1321 741 plura,quam
1336 629 1535 743 quisquam
1563 623 1742 710 memoria
1767 652 1920 733 nostra,

455 752 539 836 Rex
554 750 719 865 optimus
741 745 957 832 fernandus
980 739 1143 828 felicibus
1173 745 1336 860 auspiciis
1359 744 1469 863 gessit
1486 775 1496 829 ι
1516 742 1730 830 mortalium
1746 744 1923 831 Romani

457 867 644 982 plurima,
669 865 881 982 praesertim
906 891 995 946 cum
1012 862 1411 992 Carthaginensibus,
1442 864 1496 949 ob
1526 859 1668 977 imperii
1694 861 1916 948 aemulatio

457 1015 568 1072 uem.
590 989 704 1084 Quae
726 1015 819 1070 vero
835 1009 901 1096 per
927 978 1097 1091 hjuriam
1124 986 1332 1068 iniciuntur
1349 1043 1361 1088 ,
1377 1006 1507 1070 vetera
1534 1007 1718 1094 novaque
1742 981 1917 1095 exempla
1976 1016 1978 1018 ·

457 1105 586 1189 animo
607 1100 924 1217 complectimini,
955 1122 994 1182 et
1016 1126 1124 1185 veras
1147 1127 1274 1184 causas
1302 1100 1555 1217 investigate,
1584 1097 1687 1183 nulla
1714 1099 1920 1212 reperietis,

458 1251 558 1336 quae
582 1252 662 1307 non
688 1220 824 1305 l'uerint
851 1217 901 1301 ab
925 1215 1079 1303 avaritia
1105 1215 1298 1333 profecta:
1329 1220 1396 1305 nisi
1421 1219 1450 1304 si
1464 1247 1564 1335 quos
1590 1211 1696 1302 furor
1718 1215 1846 1332 itaque
1860 1219 1916 1306 ad

458 1368 562 1425 arma
578 1339 805 1426 concitavit.
833 1334 1213 1448 Ninushssytiorum
1231 1342 1313 1423 Rex
1333 1337 1475 1454 primus
1498 1335 1638 1422 bellum
1664 1335 1825 1423 movisse
1840 1364 1919 1424 me

459 1458 603 1544 moriae
627 1457 796 1573 proditus
813 1478 889 1540 est.
916 1453 1035 1566 Cujus
1057 1481 1210 1540 causam
1240 1456 1309 1570 qui
1338 1454 1531 1560 reddunt,
1562 1480 1695 1540 omnes
1718 1455 1768 1540 ad
1798 1457 1921 1546 avarie

376 1652 386 1664 ,
459 1575 551 1660 tiam
575 1576 892 1689 cupiditatemque
908 1572 1092 1688 regnandi
1108 1569 1295 1660 referunt.
1320 1576 1435 1672 Quae
1459 1572 1645 1688 cupiditas
1659 1596 1846 1689 quantum
1863 1575 1924 1661 di·

461 1717 534 1779 stet
555 1723 580 1777 a
605 1695 746 1810 gloriae
770 1689 973 1805 cupiditate
989 1750 1002 1795 ,
1017 1690 1107 1774 hinc
1126 1690 1210 1776 licet
1228 1691 1432 1779 existimare
1449 1693 1464 1796 ,
1488 1691 1599 1808 quod
1615 1690 1717 1776 multi
1745 1691 1925 1776 martianis

450 1810 607 1925 populis
622 1812 859 1898 dominantes
876 1869 888 1915 ,
908 1836 989 1892 non
1011 1808 1132 1893 modo
1160 1810 1309 1924 inglorii
1334 1811 1508 1899 vixerunt
1527 1873 1539 1917 ,
1556 1810 1622 1896 sed
1642 1807 1850 1922 turpissima
1864 1833 1925 1911 et·
1973 1838 1977 1841 ’

462 1929 539 2013 iam
565 1929 769 2044 ignominia
798 1925 918 2042 pleni.
954 1924 1012 2010 Ut
1035 1925 1130 2010 inter
1155 1929 1326 2043 Assyrios
1350 1927 1651 2043 Sardanapalus‚
1682 1929 1788 2012 Nero
1820 1928 1923 2014 inter

461 2049 681 2135 Romanos.
717 2051 821 2130 Nam
847 2043 956 2160 quod
979 2043 1135 2159 quidam
1155 2044 1358 2161 scripsere,
1385 2046 1523 2133 multos
1550 2045 1647 2133 bella
1674 2073 1783 2158 saepe
1802 2074 1921 2159 quae·

461 2162 544 2249 sisse
571 2174 724 2279 propter
747 2163 887 2280 gloriae
917 2162 1190 2276 cupiditatem,
1206 2164 1322 2282 idque
1348 2166 1493 2283 magnis
1523 2163 1654 2262 animis
1686 2163 1924 2279 ingeniisque

460 2281 707 2399 contingere,
730 2311 813 2366 non
836 2305 893 2366 est
921 2280 970 2365 de
996 2279 1136 2392 injustis
1154 2281 1257 2368 bellis
1285 2283 1567 2399 accipiendum.
1603 2282 1713 2366 Haec
1736 2281 1836 2365 enim
1853 2311 1926 2397 ge-

460 2399 626 2487 rentibus
648 2429 714 2485 seu
728 2399 832 2488 victis
850 2455 864 2501 ‚
880 2426 946 2482 seu
954 2397 1156 2484 victoribus
1179 2400 1427 2516 ignominiam
1455 2401 1580 2515 potius
1596 2461 1609 2505 ,
1623 2429 1742 2515 quam
1758 2398 1927 2514 gloriam

464 2547 594 2631 parete
608 2516 764 2620 *solent3
786 2516 851 2602 sed
868 2514 916 2600 de
937 2515 999 2621 iis,
1012 2544 1113 2630 quae
1138 2517 1238 2630 justis
1255 2520 1305 2605 de
1328 2520 1445 2606 causis
1466 2543 1635 2631 suscepta
1656 2540 1771 2620 sunt,
1789 2541 1835 2601 ut
1848 2548 1924 2632 pro

460 2636 638 2752 religione
666 2660 799 2721 contra
823 2633 955 2746 impios
972 2694 985 2738 ,
1001 2662 1072 2746 pto
1099 2637 1246 2748 patria,
1262 2667 1341 2752 pro
1362 2636 1518 2751 imperio
1546 2659 1680 2719 contra
1697 2633 1923 2745 violentos,
1947 2725 1951 2730 .

461 2776 507 2838 ut
528 2750 691 2868 denique
709 2782 778 2866 pro
792 2749 972 2867 dignitate
987 2776 1119 2837 contra
1137 2754 1457 2843 contumeliosos:
1475 2751 1690 2861 huiusmodi
1705 2751 1807 2835 enim
1821 2753 1924 2839 bella

325 2910 328 2914 Δ
460 2900 670 2987 quaerere,
703 2870 780 2956 hoc
804 2894 889 2976 est,
914 2895 1048 2985 sponte
1078 2873 1289 2990 suscipere,
1314 2903 1384 2959 nec
1411 2895 1621 2986 exspectare
1637 2929 1650 2975 ,
1667 2869 1762 2985 dum
1787 2900 1825 2957 se
1854 2869 1925 2959 vel

462 2990 643 3105 principes
665 2991 725 3079 vel
755 2992 988 3108 magistratus
1014 2991 1065 3077 ad
1090 2992 1130 3078 id
1156 3023 1294 3079 munus
1322 2991 1485 3082 invitum
1512 2989 1804 3099 destinaverint,
1820 3020 1921 3079 sum

463 3136 549 3191 mae
575 3108 709 3194 indolis
729 3134 784 3195 est
811 3135 850 3197 et
875 3138 940 3225 spe
962 3110 1124 3197 maxima
1150 3115 1309 3229 plenae.

524 3227 673 3311 XXVI.
733 3231 837 3313 Nam
862 3227 958 3343 quid
983 3230 1059 3316 hoc
1086 3231 1188 3320 aliud
1209 3259 1293 3340 est,
1318 3264 1437 3351 quam
1469 3235 1653 3349 optimam
1679 3232 1924 3318 occasionem

465 3342 637 3457 amplecti
666 3345 964 3460 magnitudinem
993 3349 1107 3435 animi
1142 3376 1356 3469 ceterasque
1393 3355 1549 3464 virtutes
1582 3382 1665 3440 suas
1693 3381 1783 3436 cum
1812 3354 1925 3437 bono

464 3462 618 3575 publico
639 3461 877 3549 declarandi?
904 3467 1022 3578 Saepe
1046 3467 1147 3551 enim
1173 3500 1397 3588 magnatum
1422 3472 1605 3563 virtutum
1627 3468 1772 3556 indoles
1800 3469 1928 3569 latuit,

464 3575 608 3667 drivata
640 3608 764 3666 tetum
796 3581 1044 3698 gerendarum
1073 3582 1283 3674 facultate.
1312 3589 1510 3672 Virtutum
1543 3609 1709 3697 namque
1742 3579 1929 3696 igniculi,

464 3725 561 3810 quos
581 3699 796 3785 hominibus
819 3730 842 3784 a
868 3725 1001 3784 natura
1034 3698 1143 3787 datos
1167 3701 1382 3817 philosophi
1400 3703 1565 3808 docent,
1586 3729 1668 3786 non
1695 3700 1816 3786 modo
1835 3727 1928 3787 non

366 3898 368 3904 ,
465 3811 594 3902 lucent
611 3878 623 3922 ,
640 3816 705 3901 nisi
728 3817 933 3904 excitentur
949 3843 1263 3934 exerceanturque
1278 3880 1290 3925 ,
1308 3819 1374 3906 sed
1390 3822 1506 3905 etiam
1520 3819 1770 3936 languescunt
1786 3879 1798 3924 ,
1814 3840 1855 3901 et
1870 3818 1926 3902 in·

467 3933 619 4020 terdum
643 3934 953 4053 exstinguuntur:
980 3964 1079 4052 quae
1108 3965 1219 4022 causa
1244 3933 1332 4023 facit
1349 3999 1361 4044 ,
1378 3961 1421 4025 ut
1439 3937 1528 4023 mihi
1552 3962 1840 4051 nonnumquam
1857 3964 1922 4023 ve·

469 4048 549 4137 niat
581 4051 620 4135 in
650 4078 816 4139 mentem
850 4053 1115 4158 subdubitate,
1150 4085 1200 4141 an
1229 4055 1427 4170 optabilius
1455 4054 1565 4142 fuerit
1591 4055 1754 4158 nostris,
1774 4059 1932 4140 Grana·

468 4188 572 4254 tense
602 4169 798 4284 imperium
830 4196 954 4278 state,
980 4201 1097 4287 quam
1122 4174 1268 4287 penitus
1292 4173 1499 4261 corruisse.
1533 4179 1637 4259 Nam
1668 4174 1735 4260 etsi
1761 4201 1930 4290 regnum

468 4310 640 4372 nostrum
667 4291 985 4406 propagavimus,
1002 4290 1150 4376 hostem
1171 4292 1268 4376 ultra
1291 4323 1394 4379 mare
1410 4292 1669 4380 submovimus
1688 4351 1701 4397 ,
1719 4321 1863 4409 magna
1878 4317 1930 4378 ta·

468 4430 558 4487 men
587 4428 803 4489 nostrorum
833 4408 978 4494 virtutis
1012 4408 1297 4496 exercitamenta
1326 4411 1566 4517 sustulimus,
1599 4410 1755 4495 uberem
1788 4409 1929 4498 trium·

469 4520 635 4633 phorum
659 4523 850 4607 materiam
868 4525 1098 4614 delevimus.
1121 4530 1253 4643 ltaque
1273 4530 1474 4617 subveteor
1490 4590 1502 4634 ,
1519 4557 1566 4640 ne
1589 4528 1629 4611 in
1653 4550 1763 4614 tanto
1784 4528 1872 4614 otio
1887 4556 1931 4614 et

470 4639 663 4724 securitate
695 4640 900 4727 multotum
929 4646 1044 4731 virtus
1077 4643 1319 4762 languescat:
1351 4648 1459 4762 quod
1484 4672 1654 4733 metuens
1677 4646 1865 4732 Romanis
1889 4679 1933 4733 o·

469 4751 533 4847 lim
558 4757 613 4842 vir
636 4758 914 4873 spectatissimus
939 4763 1060 4876 Scipio
1076 4765 1241 4871 Nasica,
1264 4793 1313 4851 ne
1334 4766 1531 4882 Carthago
1560 4792 1709 4886 prorsus
1732 4765 1932 4855 exscirade-

471 4898 574 4966 retur
591 4937 605 4989 ,
622 4877 977 4970 adversusCatonis
1001 4881 1235 4973 severitatem
1261 4885 1532 5001 persuadebat.
1584 4880 1588 4885 ⁴

1839 5009 1943 5097 Nou¹
