4192 5880
432 375 574 450 ΑΕΘ
596 371 1014 447 ALBORNOTII
1036 373 1160 446 QLIB
1192 372 1247 442 11.
1501 392 1543 465 31

174 517 219 600 ιι.
276 513 420 596 Interea
437 504 646 591 Malatesta
649 501 835 619 ,cognito
862 499 1010 636 Aegidii
1034 500 1214 609 consilio,
1231 497 1292 591 vel
1310 498 1398 618 quia
1432 495 1572 586 bellum
1616 513 1770 623 narratae·

117 633 182 722 sibi
204 625 440 716 inferendum
455 647 659 740 ,superato
683 623 748 735 Jo.
767 622 893 730 Vico,
923 622 1139 735 conjectura
1167 653 1279 759 prosp
1282 623 1375 709 icere
1405 615 1641 707 facitea.
1589 587 1686 758 ἓὲἓιι
1635 585 1770 686 termie-

117 779 198 856 tat,
214 753 295 837 duo
326 750 376 835 de
405 746 587 864 vigesimo
613 770 764 878 mense,
782 771 900 879 quam
924 738 1047 829 luerat
1082 742 1261 829 bellum
1254 743 1386 829 mitum
1403 699 1643 861 ,legatosgldl
1645 713 1670 747 θ’

77 917 90 923 -
116 872 167 958 ad
182 868 384 987 Aegidium
402 865 539 952 mittit·
531 923 543 968 ,
558 862 625 981 qui
654 861 703 946 sic
718 890 808 947 cum
823 863 905 979 ipso
923 885 1104 981 egerunt.
1137 862 1174 948 Si
1189 891 1320 980 pacem
1337 891 1463 947 secum
1479 890 1578 946 sum·

114 1021 201 1077 mus
221 982 395 1074 Pontifex
410 984 560 1091 laceret,
574 1007 613 1068 et
632 983 766 1088 urbes,
783 1012 878 1097 quas
893 983 1110 1069 obtinerent
1128 982 1420 1099 ,relinquendas
1445 1006 1578 1066 statue

115 1135 199 1212 ret,
217 1109 348 1194 decem
371 1105 596 1192 ducatorum
611 1100 748 1187 millia
739 1130 777 1185 tn
793 1102 957 1220 singulos
984 1132 1104 1188 annos
1122 1101 1343 1217 Apostolico
1373 1099 1465 1187 fusco
1492 1100 1592 1187 dare

117 1228 273 1346 pacisci,
290 1250 329 1311 et
352 1226 402 1311 ad
428 1222 568 1310 bellum
598 1218 808 1338 gerendum
822 1222 984 1338 Aegidio
1018 1220 1186 1308 ducentis
1219 1221 1405 1338 equitibus
1430 1219 1583 1307 duobus

119 1347 308 1433 mensibus
326 1344 462 1429 auxilio
485 1370 581 1430 esse.
612 1346 790 1458 Negante
817 1340 905 1445 ilo,
921 1340 1028 1429 licere
1042 1340 1166 1426 sibim
1184 1372 1229 1427 ιι
1246 1365 1355 1477 pacta
1382 1338 1581 1426 descende

119 1496 161 1555 re
176 1527 189 1572 ,
207 1462 407 1551 duodecim
432 1460 555 1554 millia
558 1458 815 1546 ducatorum
807 1489 846 1544 ιιι
870 1489 992 1546 annos
1021 1459 1212 1577 singulos,
1235 1461 1405 1576 equitum
1439 1483 1585 1545 trecen·

121 1609 205 1670 tum
219 1581 418 1668 aurilium
408 1611 447 1666 ιιι
472 1605 546 1668 tres
574 1607 718 1665 menses
740 1577 982 1694 pollicentur
1018 1580 1081 1665 Ad
1093 1577 1206 1695 quod
1221 1578 1398 1697 Aegidius
1428 1606 1579 1694 respon·

122 1703 202 1790 dit:
193 1763 251 1809 „
263 1700 395 1787 Nullas
427 1699 494 1786 sibi
519 1699 767 1784 aMalatesris
798 1698 1032 1786 conditiones
1063 1699 1162 1812 pacis
1194 1698 1358 1812 accipere
1388 1695 1578 1803 dicereve,

122 1818 342 1928 „Pontifice
357 1817 626 1905 inconsulto
587 1842 806 1935 ,mtegram
838 1847 936 1903 esse.
964 1816 1000 1902 Si
1018 1815 1134 1904 velint
1149 1816 1290 1902 bellum
1304 1815 1516 1932 deprecari,
1532 1816 1585 1900 lc-

125 2001 151 2047 „
167 1964 275 2057 gatos
308 1939 359 2025 ad
374 1880 599 2025 Pontificeni
622 1937 772 2022 mittant
784 1965 929 2072 ,seque
957 1934 1195 2022 intercessore
1224 1959 1407 2042 utantur,
1435 1961 1516 2019 non
1545 1960 1584 2019 se

120 2113 154 2166 „
175 2059 346 2144 dubitare
362 2088 433 2173 ριο
465 2057 541 2168 eius
557 2053 713 2169 justitia,
729 2055 822 2169 quin
842 2084 942 2171 quae
958 2054 1114 2140 honeste
1134 2054 1400 2170 poposcerint,
1416 2053 1489 2140 sint
1510 2052 1584 2139 im-

124 2237 151 2283 „
173 2176 371 2312 petraturi
385 2183 432 2227 “
447 2181 560 2261 Tunc
576 2174 711 2292 legati:
728 2179 850 2260 lrnmo
872 2174 938 2262 id
927 2205 1047 2289 ipsum
1080 2174 1130 2258 ab
1147 2203 1196 2261 ιο
1227 2198 1353 2288 ριιιιι
1378 2174 1583 2260 obsecrate

124 2325 201 2430 que
226 2321 271 2382 ut
296 2297 381 2411 ipse
388 2295 437 2382 de
454 2295 510 2380 his
529 2294 805 2379 conditionibus
821 2291 1042 2380 Pontificem
1064 2292 1260 2379 certiorem
1281 2292 1407 2379 litteris
1430 2317 1470 2380 et
1486 2317 1585 2378 nun·
1746 2406 1749 2412 Ι

126 2411 355 2521 tiofaceret,
375 2441 561 2529 suumque
595 2412 851 2500 consiliumet
882 2411 1144 2498 auctoritatem
1173 2411 1447 2527 interponeret,
1462 2438 1506 2497 ac
1529 2411 1584 2496 in-
1674 2466 1676 2470 J

119 2533 236 2618 terim
249 2532 349 2619 bello
366 2532 641 2647 supersederet
673 2533 816 2617 Idcum
832 2529 1113 2646 impetrassent,
1129 2529 1345 2617 discedunt.
1588 2606 1590 2609 ,

182 2656 246 2735 ΙΙΙ.
303 2652 428 2748 Quod
453 2679 541 2735 cum
558 2675 652 2737 esset
673 2650 727 2736 ad
743 2648 963 2735 Pontificem
992 2651 1045 2734 ab
1074 2677 1123 2734 eo
1153 2649 1339 2756 relatum,
1363 2643 1482 2734 nullas
1507 2679 1585 2738 esse

122 2766 227 2886 leges
258 2770 354 2884 pacis
385 2768 606 2886 respondit,
636 2768 874 2856 civitatibus
865 2799 904 2852 ιιι
936 2795 1187 2884 tyrannorum
1216 2792 1400 2883 potestate
1432 2749 1589 2874 relictisa

126 2887 287 3002 proinde
302 2888 521 2975 Malatestas
545 2912 583 2972 er
608 2914 749 2973 ceteros
765 2888 962 2972 Flaminiae
979 2887 1039 2975 vel
1055 2886 1181 2972 Piceni
1196 2911 1385 3001 tyrannos
1409 2887 1542 2973 bello
1531 2918 1584 2974 rn-

123 3008 254 3092 scctari
282 3032 473 3124 pergeret.
507 3008 601 3099 Qua
615 3007 891 3092 renuntiatione
911 3032 1093 3122 accepta,
1115 3006 1293 3140 Aegidius
1320 3006 1412 3092 nihil
1435 3031 1589 3094 cuncta

126 3147 186 3210 tus
207 3124 256 3209 ad
291 3125 468 3210 bellum
458 3150 611 3212 ineunte
632 3155 721 3213 vere
745 3124 1012 3261 capessendum
1043 3153 1114 3240 pro
1142 3124 1195 3210 rei
1227 3124 1484 3262 magnitudine
1508 3154 1588 3241 pet

120 3243 182 3359 git
199 3244 401 3329 necessaria
417 3272 655 3359 ιοιιιριιιιι.
686 3248 729 3329 ln
746 3243 946 3378 primisque
963 3271 1078 3347 ,cum
1101 3242 1376 3330 intellexisset
1366 3269 1462 3330 mter
1480 3248 1586 3330 Gen

116 3361 230 3447 rilem
253 3362 468 3447 Molianum
482 3425 494 3469 ,
510 3362 577 3477 qui
600 3362 811 3447 firmianae
841 3362 979 3447 civitati
1013 3361 1243 3498 imperabat,
1274 3388 1314 3449 et
1344 3363 1586 3450 Malatestam

119 3480 366 3568 'continenter
387 3480 484 3567 bella
500 3480 867 3596 superioritempore
887 3480 1152 3584 intercessisse,
1169 3481 1354 3572 rationem
1376 3483 1501 3596 coepit
1526 3486 1580 3567 in·

122 3596 193 3702 ite,
209 3625 252 3685 ut
266 3600 413 3685 alterius
428 3600 569 3717 opibus
577 3599 628 3686 ad
649 3598 807 3684 alterum
824 3598 1089 3733 debellandum
1101 3621 1289 3686 uteretur.
1323 3606 1375 3685 Et
1391 3600 1441 3685 ad
1458 3600 1585 3687 Genti·
1596 3652 1705 3705 mm,
1717 3658 1776 3710 Μ,

118 3714 207 3800 -lem
224 3718 437 3803 Molianum
464 3719 609 3834 legatos
624 3717 737 3804 mittit
749 3716 844 3833 ,qui
866 3717 906 3802 in
922 3716 1209 3802 Malatestarum
1238 3719 1414 3806 invidiam
1447 3717 1525 3831 ejus
1547 3750 1583 3805 a·
1570 3714 1679 3835 ·¹,³,³,¹¹·,{‚⁰
1681 3718 1778 3829 ”5333

120 3833 301 3920 -micitiam
329 3861 552 3952 captarent,
570 3778 779 3951 darentque
804 3864 987 3951 operam,
1008 3861 1053 3922 ut
1065 3859 1175 3921 mter
1190 3865 1229 3920 se
1251 3867 1296 3921 ac
1309 3837 1499 3924 Gentilem
1513 3848 1642 3953 Paxos.

123 3978 211 4038 non
238 3953 371 4069 iniquis
387 3954 665 4040 conditionibus
680 3952 817 4060 fieret,
833 3978 873 4038 et
893 3954 1045 4039 societas
1069 3953 1253 4040 coiretur.
1276 3955 1357 4040 Ille
1367 3986 1461 4043 vero
1495 3985 1583 4046 con·

122 4069 330 4156 ditionem
342 4071 602 4189 amplectitur,
621 4103 728 4158 suae
727 4016 954 4158 infiimitatis
979 4072 1148 4157 conscius
1161 4072 1373 4190 ,simulque
1398 4101 1442 4162 ut
1472 4105 1587 4163 occa·

128 4187 273 4274 sionem
297 4191 473 4306 arriperet
489 4191 689 4278 ulciscendi
702 4190 952 4297 Malatestas,
968 4190 1142 4305 aquibus
1156 4134 1276 4276 inulta
1294 4223 1508 4328 magnaque
1525 4224 1587 4283 ac·

128 4332 280 4419 ceperat
304 4310 549 4397 detrimenta.
582 4315 718 4396 Pacem
735 4340 829 4447 crgo
850 4310 906 4395 bis
921 4309 1197 4395 conditionibus
1212 4311 1376 4426 accepit,
1391 4338 1437 4399 ut
1462 4316 1592 4430 paucis

113 4452 199 4509 suo
216 4424 285 4537 juri
299 4429 481 4540 permissis
491 4429 668 4535 castellis,
688 4458 758 4515 nec
771 4430 811 4515 iis
827 4428 992 4547 magnis,
1008 4454 1140 4514 cetera
1144 4429 1272 4515 omnia
1294 4431 1467 4518 redderet
1488 4439 1589 4520 Pon

116 4540 240 4648 -tifici,
258 4571 310 4626 ac
317 4545 463 4633 obsides
475 4550 601 4636 daret.
624 4548 758 4640 Quod
788 4545 929 4634 laenam
947 4577 1035 4657 cum
1051 4548 1251 4635 Malatesta
1277 4550 1499 4661 rescivisset,
1515 4551 1590 4639 ho·

119 4661 190 4746 ¹stis
211 4662 287 4798 jam
316 4662 500 4750 ecclesiae
513 4668 720 4781 iudicauit,
749 4690 961 4752 ceterorum
988 4666 1166 4752 omnium
1190 4667 1391 4755 inimicitias
1423 4613 1591 4788 odiique

116 4776 277 4866 instanti
305 4781 505 4868 discrinlidi
519 4786 798 4900 posthabendas
812 4812 937 4892 tatus,
954 4815 1024 4900 pro
1051 4786 1309 4922 magnitudine
1325 4788 1474 4902 periculi
1502 4820 1587 4878 coe·

118 4899 189 5010 pit
207 4896 503 5013 initecoasiliar
509 4933 565 4991 ac
586 4903 839 5023 legationibus
857 4933 1052 5025 quoquo
1050 4935 1179 4995 versus
1200 4904 1361 4994 ιιιιιιιιιιι
1372 4908 1425 4996 ad
1445 4938 1587 4995 omnes

1509 5027 1585 5115 Fla·
