4192 5880
496 413 540 504 ιι
851 411 1210 484 oascnrntro
1251 411 1537 483 coartorr

471 539 582 597 renos
607 508 779 628 legavit:
812 510 968 596 eremitis
1003 509 1186 594 totidem:
1207 509 1423 614 monachis,
1457 518 1556 624 quos
1586 516 1744 595 minores
1769 505 1929 618 dicunt,

362 706 363 709 ι
473 630 675 715 ducentos
666 655 754 715 rtem
773 630 822 713 ad
845 626 1139 715 aedificandum.
1170 628 1255 739 Jam
1273 628 1496 712 domesticos
1513 630 1677 746 singulos
1693 657 1836 745 quanta
1849 663 1922 747 pro

473 747 650 863 cujusque
667 746 883 832 conditione
912 747 1125 831 liberalitate
1147 769 1364 859 prosecutus
1393 743 1501 832 fuerit
1515 747 1704 865 ,longum
1730 774 1786 834 est
1807 780 1921 838 enar-

473 894 577 950 rare
608 869 697 952 Hoc
712 893 868 999 quoque
886 863 1127 999 magnificum
1141 924 1153 968 ,
1169 862 1279 979 quod
1303 894 1326 948 a
1348 894 1419 949 suo
1433 866 1541 950 obitu
1557 896 1698 953 novem
1718 870 1920 955 continuos

474 979 550 1068 dies
580 982 705 1094 jubet,
722 984 953 1099 quicumque
978 983 1077 1096 justis
1101 982 1287 1067 solvendis
1312 978 1609 1069 interlitissent
1571 986 1708 1101 ,ipsius
1739 989 1921 1073 sumtibus

473 1102 546 1208 ali,
563 1128 601 1188 et
629 1105 708 1188 duo
737 1101 846 1185 milha
866 1130 1073 1215 pauperum
1104 1129 1233 1215 panno
1256 1101 1422 1235 ipsorum
1446 1102 1569 1187 ordini
1589 1104 1838 1192 conveniente
1858 1137 1921 1193 ve·

472 1220 571 1304 stiri.
605 1222 679 1306 Sed
695 1221 744 1305 de
759 1221 814 1304 his
835 1221 1041 1305 hactenus:
1058 1248 1147 1301 narn
1164 1219 1329 1335 ingentia
1343 1219 1464 1336 legata
1478 1281 1489 1324 ,
1505 1251 1603 1334 quae
1630 1223 1848 1339 propinquis
1876 1252 1923 1310 ac

473 1338 783 1455 consanguineis,
799 1339 1010 1451 praesertim
1023 1337 1207 1422 Gometio
1221 1336 1448 1423 Alburnotio
1465 1340 1593 1452 nepoti
1618 1339 1787 1455 reliquit,
1804 1339 1921 1428 refer-

472 1485 514 1542 re
539 1486 620 1541 non
641 1481 697 1541 est
710 1485 849 1571 operae
876 1455 1049 1570 pretium.

530 1580 576 1658 ΙΙ.
619 1574 763 1659 Venio
782 1575 831 1659 ad
847 1575 1071 1710 collegium,
1088 1574 1198 1690 quod
1223 1603 1268 1659 ex
1290 1572 1439 1660 residuo
1453 1577 1646 1661 bonorum
1662 1607 1817 1663 suorum
1839 1609 1919 1664 ma

475 1690 610 1807 gnifice
631 1693 746 1780 condi
771 1690 876 1806 jubet
891 1694 1113 1799 Bononiae,
1128 1694 1182 1777 ob
1211 1691 1510 1780 florentissimum
1530 1695 1700 1781 omnium
1717 1697 1923 1812 disciplina

321 1839 558 1945 corregnmruflj
574 1813 843 1946 gymnasium,
860 1836 1016 1896 etsuum
1031 1810 1275 1900 universalem
1302 1811 1509 1897 heredem
1500 1813 1680 1900 rostituit:
1698 1840 1738 1900 et
1761 1817 1924 1901 moriens

284 1924 712 2032 wama-{invictissimo
728 1929 990 2044 Hispaniarum
1012 1929 1132 2045 Regi,
1147 1953 1186 2015 et
1216 1929 1470 2015 Cardinalium
1499 1932 1756 2066 Hispanorum
1778 1937 1927 2019 Romae

284 2043 341 2095 Μ’·
478 2047 697 2163 degentium
712 2048 965 2164 antiquissimo
981 2048 1131 2183 cuique,
1144 2047 1370 2162 Senatuique
1386 2049 1613 2134 Bononiemi
1629 2052 1925 2139 commendavit.

476 2167 650 2280 aquibus
667 2192 838 2282 suscepto
868 2166 1102 2300 patrocinio,
1120 2192 1164 2250 ut
1179 2165 1273 2251 solet
1287 2194 1363 2250 esse
1380 2166 1589 2302 religiosum
1604 2167 1818 2279 hujusmodi
1842 2168 1927 2254 offi-

476 2284 575 2368 cium
591 2316 615 2369 a
632 2283 848 2371 defunctis
839 2287 1047 2402 mjunctnm
1080 2284 1314 2402 negligere,
1306 2314 1344 2367 ιιι
1359 2286 1513 2414 magnis
1529 2315 1639 2399 saepe
1655 2287 1928 2372 necessitatibus

475 2399 642 2517 ipsorum
657 2405 1079 2493 auctoritateservatum
1095 2426 1176 2488 est:
1194 2432 1302 2518 saepe
1319 2427 1431 2488 ettam
1454 2403 1633 2489 beneficio
1656 2432 1822 2490 auctum.
1852 2409 1929 2492 Ae-

478 2521 543 2605 des
557 2549 684 2607 autem
700 2522 918 2609 aedificandi
932 2549 970 2609 et
983 2519 1131 2637 praedia
1145 2520 1294 2606 emendi
1306 2519 1501 2636 negotium
1519 2523 1650 2608 datum
1666 2547 1721 2608 est
1731 2524 1930 2609 Femando

476 2638 622 2726 Alvaro
639 2640 778 2726 Abbati
792 2641 1033 2744 Valladoliti,
1049 2663 1088 2722 et
1106 2635 1263 2722 Alfonso
1279 2639 1476 2724 fernando
1489 2639 1725 2726 cubiculario.
1740 2645 1777 2725 A
1792 2642 1930 2756 quibus

341 2762 344 2769 ⁴
477 2755 516 2841 in
541 2785 585 2842 ea
606 2785 710 2872 parte
726 2759 825 2844 urbis
850 2757 1022 2843 conditae
1038 2780 1125 2839 sunt
1140 2816 1151 2859 ,
1169 2784 1268 2869 quae
1285 2755 1446 2842 meridiei
1470 2785 1514 2840 ac
1534 2757 1736 2843 occidentis
1764 2759 1931 2844 medium

479 2901 651 2989 spectat,
672 2907 752 2961 ιιοιι
782 2878 896 3009 longe
926 2898 1076 2988 aporta
1093 2933 1106 2978 ,
1122 2902 1238 2987 quam
1254 2873 1431 2989 Aegidius
1457 2899 1605 2959 mutato
1630 2873 1819 2959 vocabulo
1834 2878 1934 2961 Cae·

479 3023 717 3110 sarangusrae
734 3025 757 3078 a
773 2994 926 3078 nomine
949 3017 1096 3077 amatae
1113 2991 1211 3076 urbis
1227 2990 1452 3106 appellavit,
1469 3022 1556 3078 cum
1580 2993 1678 3107 prius
1694 2992 1861 3078 Vilianae
1878 2993 1934 3078 di·

480 3137 653 3217 teretur,
686 3138 725 3200 et
754 3141 839 3196 eam
869 3112 996 3213 viam,
1019 3137 1117 3224 quae
1144 3139 1168 3192 a
1195 3108 1354 3225 collegio
1373 3108 1532 3223 pertinet
1562 3111 1613 3195 ad
1644 3111 1742 3195 hanc
1756 3135 1935 3222 portam,

481 3229 670 3342 quadrato
697 3230 820 3345 lapide
836 3252 1043 3332 straverat,
1059 3225 1125 3341 qui
1152 3251 1238 3341 post
1265 3226 1353 3311 mde
1365 3226 1560 3312 translatus
1578 3252 1636 3312 est
1661 3229 1710 3313 ad
1725 3229 1848 3313 Rheni
1871 3258 1935 3314 ur·

482 3346 570 3431 bem
598 3346 840 3433 interfluentis
865 3348 1016 3434 alveum
1044 3344 1319 3448 muniendum,
1335 3343 1510 3430 consulto
1539 3349 1695 3431 Senatus
1718 3345 1935 3431 bononien·

483 3463 555 3548 sis:
575 3470 643 3581 qui
664 3496 736 3600 pro
760 3496 808 3552 eo
834 3465 957 3579 lapide
984 3463 1157 3547 lateribus
1187 3461 1301 3546 coctis
1321 3491 1405 3546 eam
1422 3462 1522 3548 viam
1554 3464 1683 3549 stravit
1699 3461 1932 3577 ,professus,

483 3607 528 3668 ut
552 3584 786 3698 accepimus,
805 3584 950 3698 publica
965 3581 1041 3666 fide
1059 3580 1232 3665 eamdem
1250 3606 1432 3695 perpetuo
1448 3581 1650 3666 sternendo
1668 3579 1835 3667 reficere
1860 3581 1937 3668 Sed

483 3699 522 3785 ιιι
545 3702 600 3786 his
616 3702 769 3787 aedibus
792 3698 1027 3785 aedificandis
1040 3698 1136 3813 ,qui
1153 3698 1349 3814 negotium
1377 3724 1636 3811 susceperant,
1656 3728 1738 3784 non
1764 3724 1843 3784 tam
1873 3700 1939 3784 de·

486 3819 581 3903 coris
600 3881 612 3925 ,
629 3850 746 3934 quam
768 3816 948 3903 firmitatis
971 3815 1147 3902 videntur
1180 3816 1350 3901 habuisse
1382 3817 1586 3901 rationem.
1619 3820 1807 3902 Constant
1837 3817 1938 3901 enim

487 3936 641 4050 parietes
656 3966 788 4021 omnes
803 3935 919 4021 coctis
942 3936 1136 4021 lareribus.
1159 3934 1225 4047 qui
1248 3959 1292 4018 ut
1307 3934 1346 4018 in
1361 3933 1595 4020 altitudinem
1612 3936 1715 4023 haud
1728 3935 1939 4020 admodum

489 4054 661 4141 sublimes
689 4080 919 4172 exsurgunt,
937 4053 986 4137 sic
1010 4053 1048 4137 in
1064 4052 1298 4139 latitudinem
1323 4077 1455 4166 patent
1470 4052 1651 4138 latissime.

322 4207 477 4259 attractum
549 4177 610 4257 111.
668 4175 779 4287 Opus
800 4197 855 4258 est
884 4172 1024 4285 ubique
1050 4197 1354 4257 concameratum
1369 4172 1538 4287 ,ubique
1565 4172 1693 4257 itidem
1718 4169 1940 4274 lateritium,

298 4270 479 4323 ⁶²¹⁰²⁵⁵i⁰²¹¹¹¹¹
490 4317 536 4375 ea
560 4291 715 4375 demum
744 4290 969 4376 firmitudine
994 4289 1222 4392 stabilitum,
1254 4319 1353 4404 quae
1376 4291 1467 4376 citra
1499 4289 1739 4375 resartionem
1769 4287 1942 4373 videatur

490 4407 805 4492 immortalitatem
823 4407 996 4521 polliceri.
1021 4411 1156 4492 Forma
1173 4407 1347 4513 aedium,
1363 4438 1390 4494 ιι
1380 4409 1455 4496 ad
1473 4407 1628 4492 insulam
1643 4429 1782 4521 spectes
1798 4435 1943 4522 ,quarn

490 4553 579 4610 cum
609 4525 701 4610 binis
725 4525 870 4630 hortis,
887 4551 925 4610 er
953 4525 1126 4611 domibus
1146 4587 1157 4630 ,
1165 4556 1267 4660 'quas
1284 4469 1482 4643 collegium
1511 4525 1576 4610 sibi
1598 4526 1819 4644 continguas
1850 4553 1945 4637 pos·

492 4644 608 4750 sidet,
625 4640 847 4748 efficiunt,
837 4673 876 4727 m
902 4644 1033 4727 orbem
1051 4644 1281 4781 potissimum
1298 4673 1488 4730 excurrere
1513 4645 1679 4750 dicas,
1645 4676 1709 4729 ιιιιι
1699 4641 1838 4759 quod
1854 4672 1944 4756 pau·

493 4761 545 4847 cis
576 4705 722 4897 ahgulis
747 4761 1027 4875 interpellatur:
1046 4792 1074 4846 ιι
1063 4764 1176 4849 ad
1166 4793 1287 4878 ipsum
1304 4761 1410 4849 velut
1433 4791 1570 4878 corpus
1588 4761 1730 4893 collegii
1752 4761 1946 4849 scholasti·

492 4907 629 4971 corum
643 4910 725 4968 ιιιιιι
714 4879 1078 4972 accommodatum
1095 4942 1108 4990 ,
1124 4882 1307 5000 quadrata
1322 4878 1527 4997 figuraest.
1559 4886 1603 4967 ln
1625 4879 1735 4994 hujus
1747 4880 1874 4967 medio
1888 4907 1948 4964 ca·

1746 5035 1749 5045 ’
1873 5025 1953 5088 vae
