4020 5864
559 402 624 471 IN
658 402 737 474 ER
756 402 787 469 A
805 401 824 469 S
842 399 882 469 M
899 399 931 468 U
948 402 999 472 M.
1456 408 1497 473 61

89 509 151 595 cui
168 504 346 621 majorem
363 499 436 589 hac
448 500 486 586 in
507 510 624 585 causa
640 494 757 584 fidem
772 496 985 585 habendam
1012 525 1173 603 censeo,
1205 504 1321 618 quam
1340 498 1408 586 tibi
1423 425 1449 608 ,ς
1459 504 1525 618 qui

87 627 181 715 dum
212 623 358 711 acrioris
378 648 555 708 censurae
576 615 748 703 dolorem
776 646 903 734 aequo
934 618 1062 704 animo
1089 617 1184 703 ferre
1208 646 1288 702 non
1310 649 1461 733 posses,
1489 621 1521 704 i·

85 775 193 860 psum
208 742 403 830 credidisse
419 739 540 826 modo
567 735 726 822 aliorum
749 735 919 823 relationi
935 796 950 846 ,
969 736 1009 823 iis
1025 737 1147 826 verbis
1174 737 1355 825 cavillaris
1380 796 1395 846 ,
1421 766 1522 855 quae

83 890 145 947 me
160 857 296 948 referre
310 859 511 974 suppudet.
1519 928 1522 934 .

142 978 320 1065 XXVIII.
378 978 488 1062 Nam
514 1003 595 1061 non
610 973 853 1090 erat,inquis
868 1031 884 1080 ,
899 973 969 1061 viri
995 973 1186 1091 prudentis
1201 1037 1215 1082 ,
1230 975 1363 1062 cacatis
1378 975 1521 1064 schedis

83 1094 241 1183 fratrum
277 1126 326 1182 ac
352 1091 615 1198 famulorum,
643 1118 724 1190 tam
751 1092 953 1181 virulenter
984 1094 1256 1208 inproximum
1289 1093 1522 1180 debacchari.

82 1215 206 1322 Quod
222 1215 288 1301 tibi
314 1216 472 1303 verbum
488 1211 637 1315 excidit,
654 1217 835 1299 Erasme?
864 1213 1009 1309 Quove
1023 1213 1226 1330 theologici
1243 1213 1370 1300 decori
1396 1242 1523 1328 respe-

83 1359 165 1420 ctus
179 1333 344 1448 abierat?
371 1356 416 1418 ut
431 1331 487 1418 uir
502 1331 670 1448 gravis,
691 1329 878 1448 religionis
907 1359 1134 1446 morumque
1156 1330 1329 1449 magister
1356 1332 1396 1415 in
1411 1359 1460 1416 eo
1476 1333 1523 1418 l.

83 1450 157 1538 bro
175 1514 188 1556 ,
209 1450 354 1568 quode
375 1448 553 1566 religione
569 1449 692 1563 agitur
707 1509 721 1554 ,
738 1449 786 1536 de
802 1448 955 1534 Christo
969 1450 1076 1564 ipso,
1105 1450 1229 1565 deque
1245 1449 1384 1536 Triade
1407 1448 1523 1536 disse-

84 1569 190 1674 titur,
203 1572 397 1658 sustineres
410 1567 623 1654 orationem
636 1589 742 1652 tuam
759 1566 801 1652 iis
817 1566 939 1655 verbis
954 1563 1135 1674 foedare,
1153 1596 1252 1685 quae
1265 1569 1327 1656 vix
1341 1567 1523 1683 epigram·

85 1689 327 1775 matariorum
351 1685 521 1773 licentiae
549 1684 817 1799 permittuntur
846 1745 860 1790 ,
894 1713 966 1770 nec
987 1715 1172 1801 umquam
1195 1717 1218 1772 a
1238 1687 1524 1773 comoediarum

84 1804 273 1893 liberrimis
298 1805 514 1892 auctoribus
540 1826 799 1914 usurpantur,
825 1802 890 1887 nisi
916 1800 1014 1890 forte
1037 1834 1124 1888 uam
1152 1832 1335 1919 personae
1363 1804 1525 1919 cuipiam

85 1923 252 2011 illiberali
267 1924 433 2011 serviunt
449 1982 462 2027 ,
479 1920 679 2033 mancipii,
696 1918 716 1961 ³
736 1946 803 2006 aut
830 1920 1004 2034 mancipii
1025 1921 1240 2008 simillimae.
1270 1924 1432 2016 Quanto
1447 1952 1527 2009 tne-
1623 1965 1642 2006 s

84 2040 154 2128 um
178 2043 420 2130 consumes
436 2037 583 2124 nomm
611 2064 682 2127 tuo
712 2039 775 2143 ,st
802 2038 1015 2144 convictis,
1044 2066 1201 2155 tamque
1225 2037 1345 2127 foedis
1369 2017 1721 2160 ...ebullientes

85 2159 208 2246 vitatis
235 2219 250 2263 ,
277 2160 449 2247 modeste
481 2183 526 2240 ac
550 2183 638 2240 cum
666 2155 832 2241 maximo
857 2158 1005 2270 pudore
1032 2158 1313 2271 respondisses,
1337 2185 1385 2244 ne
1418 2148 1657 2247 daresm‘l

85 2305 215 2363 ansam
230 2279 350 2363 libetis
365 2273 582 2361 hominibus
611 2272 808 2360 cavillandi
826 2331 838 2375 ,
856 2296 923 2379 te,
952 2273 1045 2358 dum
1070 2303 1182 2360 causa
1199 2275 1375 2381 laboras,
1398 2300 1441 2364 ut
1457 2279 1526 2364 mi·
1581 2267 1590 2289 .

87 2394 157 2480 seri
182 2394 338 2510 quidam
355 2393 510 2494 solent,
539 2389 589 2475 ad
620 2388 817 2478 maledicta
837 2387 1063 2507 confugere.
1093 2393 1200 2487 Quid
1226 2393 1331 2479 enim
1356 2396 1525 2484 convicia

88 2510 246 2625 juvant,
270 2512 299 2597 si
317 2508 471 2625 objectis
487 2536 567 2592 non
582 2503 802 2596 satisfacias?
830 2507 936 2605 Quid
952 2511 1107 2622 prodest
1122 2510 1350 2597 comminisci
1380 2541 1527 2626 praeter

88 2659 243 2716 omnem
257 2628 401 2733 fidem,
427 2625 569 2714 nedum
585 2624 812 2730 veritatem,
841 2624 978 2712 librum
995 2656 1076 2713 non
1091 2627 1235 2715 Alberti
1261 2628 1315 2714 Pii
1341 2631 1525 2738 domrina,

6 2815 11 2827 .
88 2750 155 2835 sed
173 2744 330 2834 alionum
346 2745 500 2862 ingenio
528 2768 567 2829 ct
581 2741 709 2830 labore
723 2739 937 2830 consectum
963 2740 1096 2848 fixisse,
1121 2747 1291 2865 si,qu2e
1307 2748 1451 2865 magnis
1467 2750 1528 2837 ille

89 2865 316 2983 argumentis
339 2865 379 2948 in
405 2860 633 2976 recolligit,
665 2859 779 2947 refelli
796 2861 865 2948 nisi
891 2861 1108 2950 debilissime
1123 2895 1204 2952 non
1227 2875 1404 2980 possunt?
1429 2867 1527 2962 Quo

90 3007 218 3069 tamen
233 2983 272 3068 in
287 2983 401 3085 loco,
421 3005 465 3066 ut
482 2979 603 3064 dicam
620 2980 729 3095 quod
742 2980 884 3087 sentio,
909 3010 990 3067 uon
1004 2981 1180 3097 equidem
1195 2983 1338 3091 miror,
1362 2983 1430 3071 tibi
1445 3010 1526 3073 tam

91 3100 268 3190 velociter
296 3095 568 3186 commentanti
598 3098 723 3214 aliqua
753 3127 833 3186 non
857 3099 942 3185 satis
962 3095 1070 3185 lusisse
1101 3100 1370 3189 animadversa.
1399 3103 1527 3218 Maius
1587 3160 1590 3165 ·

91 3243 146 3306 est
161 3219 262 3305 enim
277 3220 447 3306 humano
463 3241 605 3332 captu,
621 3217 879 3335 utquisqfflm
897 3214 1126 3306 velocissimo
1143 3248 1239 3326 ,nec
1259 3220 1418 3338 repetito
1440 3225 1527 3309 cur·

90 3340 135 3424 su
152 3335 325 3442 delatus,
351 3335 468 3424 obvia
482 3361 659 3451 quaeque
674 3335 831 3452 perinde
851 3359 993 3443 notet,
1015 3338 1307 3456 perspiciatque,
1336 3367 1381 3424 ac
1397 3339 1525 3456 siquis

91 3454 198 3542 lento
213 3455 334 3572 gradu
360 3455 571 3568 procedat,
593 3479 635 3540 et
659 3456 920 3570 regrediatur,
943 3455 1078 3541 eadem
1101 3484 1210 3570 saepe
1233 3458 1395 3561 obiens,
1427 3486 1525 3544 ocu-

91 3572 209 3690 lisque
225 3595 439 3660 retractans.
469 3574 571 3656 Cum
582 3571 698 3688 igitur
712 3573 790 3687 ipse
803 3572 914 3659 libros
929 3597 1036 3658 tanta
1048 3572 1233 3660 celeritate
1254 3571 1456 3681 conficias,
1479 3600 1524 3664 ut

26 3739 29 3744 ·
91 3692 157 3776 uni
170 3690 259 3777 dare
273 3689 433 3791 solidum
446 3716 612 3775 mensem
624 3689 784 3805 longum
796 3689 864 3775 tibi
879 3688 1073 3795 videatur,
1099 3715 1324 3809 tantumque
1338 3692 1434 3778 absit
1449 3752 1462 3800 ,
1478 3719 1522 3782 ut

91 3808 181 3895 velis
205 3837 271 3894 eos
285 3832 374 3895 ante
404 3808 608 3895 editionem
636 3807 843 3892 amicorum
858 3805 998 3918 judicio
1011 3836 1116 3895 more
1132 3837 1302 3896 veterum
1327 3813 1522 3926 perpendi,

90 3951 138 4013 ut
159 3955 268 4043 saepe
285 3955 334 4012 ne
359 3927 436 4040 ipse
459 3924 613 4042 quidem
639 3923 725 4010 satis
751 3925 908 4039 repetita
939 3922 1100 4012 lectione
1124 3955 1370 4044 recognoscas
1396 3929 1524 4033 ,nihil

92 4044 227 4130 mium
240 4068 323 4150 cst,
347 4055 416 4130 nec
430 4055 475 4130 tu
500 4043 615 4130 debes
636 4041 848 4161 indignari,
886 4040 1011 4159 aliqua
1040 4044 1079 4129 in
1115 4044 1187 4131 tuis
1213 4046 1350 4161 scriptis
1380 4045 1524 4133 doctis-

92 4160 271 4248 simorum
288 4162 454 4250 virorum
468 4161 572 4248 lento
597 4160 734 4275 judicio
748 4159 957 4248 examinata
979 4157 1121 4268 refelli,
1143 4191 1243 4279 quae
1256 4164 1335 4278 ipse
1350 4163 1403 4270 ,si
1420 4191 1525 4251 non·

92 4278 187 4364 dum
212 4281 372 4387 emissa,
395 4278 590 4392 interjecto
618 4304 820 4394 tempore,
855 4277 961 4367 velut
984 4277 1103 4364 aliena
1125 4281 1309 4416 relegisses
1335 4340 1349 4389 ,
1377 4308 1446 4370 aut
1472 4283 1523 4373 ab

92 4396 217 4482 amicis
236 4395 361 4485 fuisses
375 4398 590 4487 &moninus
606 4397 738 4501 ,haud
755 4395 869 4484 dubie
886 4397 1113 4483 mutassesin
1129 4397 1257 4486 melus
1273 4460 1287 4507 ,
1301 4424 1368 4487 aut
1381 4430 1525 4518 expun-

92 4513 201 4600 xisscs
215 4517 398 4603 omnino:
428 4547 516 4603 cunr
531 4515 576 4601 sit
590 4514 679 4601 illud
700 4514 821 4601 mtdto
845 4515 1073 4621 mirabilius,
1097 4541 1137 4602 te
1156 4541 1263 4604 tanta
1286 4515 1524 4607 festinatione

91 4655 173 4720 tam
191 4632 306 4719 multa
321 4693 336 4739 ,
350 4664 450 4751 quae
474 4633 552 4747 jure
566 4630 778 4737 laudentur,
795 4633 1012 4748 prodidisse.
1040 4638 1143 4720 Nam
1172 4664 1242 4723 nec
1263 4634 1355 4724 illud
1383 4637 1522 4753 patitur

93 4774 227 4836 natura
242 4781 365 4838 rmum
383 4814 396 4858 ,
413 4777 459 4838 ur
479 4778 639 4866 magnae
656 4776 712 4835 tes
746 4777 792 4834 ac
822 4750 953 4864 perdiu
975 4752 1176 4841 duraturae
1202 4753 1366 4842 celeriter
1395 4754 1524 4841 adole·

93 4896 226 5071 scagt:
252 4871 365 5076 ugVin
398 4868 564 4984 stirpium
580 4893 717 4986 genere
746 4865 1076 5080 diuturnioregbgg
1100 4869 1280 4963 firmiores
1310 4871 1528 4991 longissimo

189 5014 259 5076 om.
332 5051 345 5076 .
1436 5020 1534 5080 tem·
