4192 5880
466 377 601 449 Aac.
636 371 1040 447 nnnonuortt
1072 373 1183 446 atu.
1206 373 1260 445 11.
1517 393 1557 461 51

138 529 180 589 te
205 497 334 588 auxilia
356 500 462 587 missa
477 531 501 586 a
517 504 743 587 Bamabove
759 497 952 585 Francisco
967 497 1199 614 Ordelaphio
1214 529 1223 583 :
1240 496 1333 614 quin
1349 519 1388 582 et
1405 495 1482 611 ipse
1497 501 1585 582 Bnr·

1611 511 1713 574 negtdtt
1743 512 1774 561 td

1598 576 1775 623 Barnabovcm

137 621 257 706 nabos
273 620 435 737 Aegidio
462 619 651 733 scripserat
668 620 911 733 deprecatus,
928 640 973 702 ut
998 645 1038 701 se
1063 617 1237 704 adversus
1259 614 1490 700 Franciscum
1503 619 1583 701 Or·
1594 634 1706 685 litterae·

138 737 350 853 delapbium
379 739 565 824 mitiorem
580 761 742 854 gereret.
775 736 845 820 His
861 735 973 850 igitur
1004 733 1108 818 malis
1123 734 1302 850 Aegidius
1326 757 1427 818 ratus
1450 763 1580 822 occur·

134 856 321 962 tendum,
338 856 388 942 ad
403 855 668 942 Batnabovem
691 852 906 967 hujusmodi
921 852 1059 940 litteras
1074 852 1281 937 conscribit.

191 975 342 1060 XXXI.
402 972 570 1080 „Audio
595 1004 666 1061 vos
682 972 837 1085 Joannis
852 969 1065 1076 Manfredi,
1078 969 1249 1057 ecclesiae
1263 968 1475 1086 Christique
1510 906 1601 1060 hol

132 1152 161 1198 „
177 1091 264 1197 stis,
283 1092 438 1208 quicum
466 1090 604 1177 bellum
631 1090 818 1208 gerimus,
850 1089 1089 1204 tyrannidem
1116 1086 1272 1190 lovere,
1289 1088 1439 1202 jamque
1471 1089 1578 1178 missa

130 1208 238 1323 „ipsi
262 1241 286 1294 a
308 1210 418 1297 vobis
444 1209 574 1295 aaudlia
596 1208 663 1293 iter
691 1208 858 1325 ingressa
880 1208 1203 1323 appropinquate.
1234 1212 1286 1292 Et
1311 1206 1466 1320 quidem
1495 1237 1577 1297 non

128 1389 156 1433 „
172 1351 322 1413 tantum
339 1356 423 1412 mea
440 1355 557 1414 ,causa
571 1325 726 1412 moleste
753 1321 834 1411 fero
849 1386 861 1429 ,
876 1325 986 1440 quod
1012 1323 1187 1410 affectum
1200 1323 1274 1437 jam
1294 1324 1430 1409 auxilio
1446 1325 1576 1415 divino

127 1444 314 1551 „bellum
338 1444 428 1529 mihi
454 1445 504 1530 ad
529 1444 614 1530 alias
647 1473 704 1529 tes
719 1443 933 1558 properanti
956 1443 1164 1529 diuturnius
1193 1439 1314 1528 facere
1334 1443 1492 1556 paratis,
1509 1446 1575 1532 sed

128 1621 158 1667 „
171 1586 297 1647 vestro
322 1563 434 1647 etiam
451 1562 604 1648 nomine
619 1590 700 1647 non
716 1561 952 1646 mediocriter
968 1590 1149 1649 moveor.
1180 1565 1284 1645 Nam
1311 1588 1399 1644 cum
1414 1561 1574 1649 Luchini
1600 1644 1601 1648 t

129 1680 282 1811 „patris
311 1680 447 1786 vestri,
466 1679 697 1794 Joannisque
713 1678 989 1793 Archicpiscopi
1004 1675 1122 1764 fratris
1149 1676 1253 1789 ejus,
1274 1707 1419 1763 summa
1430 1706 1575 1791 semper

129 1824 209 1903 „tn
224 1801 440 1882 Romanam
464 1797 654 1883 ecclesiam
670 1795 787 1901 fides,
802 1827 992 1882 summum
1021 1795 1184 1882 studium
1210 1795 1392 1899 stetisset,
1409 1823 1478 1879 nec
1507 1796 1576 1880 nti·

128 1973 157 2019 „
170 1940 242 1996 not
260 1915 358 2002 inter
376 1915 705 2029 Archicpiscopum
730 1943 868 2028 meque
882 1913 1040 1999 amicitia
1066 1912 1189 1999 multis
1217 1914 1405 2027 utrimque
1427 1910 1574 2001 firmata

129 2090 158 2135 „
171 2029 354 2117 beneficiis
385 2033 637 2119 intercessisset
658 2061 671 2135 3
694 2033 875 2146 putabam
905 2033 1197 2231 sperabamque,
1212 2060 1283 2116 vos
1313 2029 1460 2114 illorum
1490 2059 1573 2119 non

127 2147 289 2252 „minus
307 2151 489 2238 virtutum
505 2176 621 2265 atque
640 2148 884 2234 amicitiarum
929 2178 996 2234 ore
1025 2176 1248 2234 successores
1263 2209 1279 2253 ,¹
1292 2176 1408 2262 quam
1439 2148 1572 2262 princi

127 2289 279 2377 „patus
304 2264 618 2383 fortunarumque
638 2266 882 2376 hereditatem
910 2264 1101 2352 adituros:
1134 2290 1243 2353 tanto
1268 2266 1384 2382 magis
1413 2293 1501 2349 cum
1527 2296 1571 2353 o·

126 2411 273 2488 „mnes
300 2414 393 2500 opes
408 2410 547 2472 vestras
562 2411 601 2470 et
616 2385 836 2498 imperium,
855 2411 899 2466 ac
916 2384 1070 2469 demum
1080 2383 1267 2499 quidquid
1291 2384 1400 2488 estis,
1417 2382 1570 2470 Pontifi-

124 2499 269 2607 „cibus
296 2527 492 2618 acceptum
512 2497 647 2588 referre
681 2502 843 2587 debeatis
860 2562 872 2602 ,
889 2501 917 2585 si
941 2502 1115 2615 principia
1141 2500 1320 2615 requiritis
1342 2532 1366 2585 a
1391 2501 1571 2588 memoria

125 2676 154 2723 „
173 2642 301 2704 nostra
327 2648 408 2705 non
439 2621 492 2706 ita
521 2643 688 2705 remota:
711 2617 1030 2733 quandoquidem
1045 2618 1267 2704 Benedictus
1283 2621 1367 2703 XII.
1390 2618 1569 2734 principa·

124 2756 249 2843 „tum
266 2736 474 2823 Mediolani
501 2737 674 2822 Luchino
700 2735 796 2850 patri
824 2761 863 2820 et
876 2735 1014 2846 Joanni
1043 2761 1181 2850 patruo
1195 2761 1347 2840 vestt0,
1364 2735 1470 2821 nullo
1489 2766 1569 2823 suc·

125 2850 333 2955 „cessionis
348 2852 427 2966 jure
442 2854 612 2939 debitum
637 2852 775 2968 primus
790 2851 947 2957 detulit,
962 2853 1168 2939 existimans
1193 2884 1259 2940 eos
1275 2881 1484 2967 eorumque
1500 2886 1565 2968 po

124 3024 153 3072 „
164 2990 281 3082 steros
297 2969 394 3054 tanti
417 2969 584 3056 beneficii
601 2998 784 3055 memores
800 2999 950 3055 summo
964 2999 1109 3086 semper
1136 2973 1262 3057 studio
1278 2999 1368 3086 erga
1382 2969 1571 3060 ecclesiam

124 3079 337 3192 „fitt11ros,
353 3114 423 3171 nec
449 3115 495 3171 ea
520 3117 608 3173 eum
636 3114 718 3202 spes
745 3086 925 3171 hactenus
951 3083 1084 3172 falsum
1101 3087 1253 3175 habuit.
1277 3094 1380 3172 Nam
1398 3113 1442 3173 ut
1457 3114 1571 3177 vetu-

124 3200 275 3306 „stiota
288 3227 503 3310 taceamus,
517 3232 638 3318 nuper
654 3203 819 3315 joannes
836 3203 1144 3319 Archicpiscopus
1166 3205 1308 3290 ineunti
1323 3205 1569 3296 mihibellum

122 3319 329 3423 „Italicum
360 3322 538 3419 adversus
558 3322 685 3408 hostes
721 3319 890 3406 ecclcsiae
913 3351 1057 3457 magnp
1088 3321 1292 3435 opitulatus
1323 3348 1379 3406 est
1407 3324 1562 3432 auxilio,

122 3463 279 3549 „quem
304 3437 529 3525 Mediolano
562 3462 816 3525 transeuntem
849 3462 1058 3555 gratissimis
1089 3440 1330 3555 pretiosisque
1352 3442 1567 3530 muneribus
1588 3475 1593 3511 1
1703 3526 1704 3529 s
1806 3504 1815 3508 -

122 3610 153 3658 ,,
168 3578 385 3665 prosecutus
399 3553 542 3643 fuerat.
574 3560 704 3671 Atque
732 3555 831 3640 adeo
846 3579 932 3671 post
955 3557 1065 3670 ipsius
1080 3565 1242 3643 mortem
1272 3559 1458 3672 reputanti
1478 3560 1568 3647 mihi

120 3664 340 3775 „fortunae
363 3673 514 3761 bellicae
543 3668 831 3777 vicissitudites,
846 3673 876 3758 si
890 3672 983 3787 quid
1006 3675 1219 3761 detrimenti
1237 3699 1432 3791 acceptum
1455 3703 1565 3784 esset,

120 3784 201 3891 „id
220 3790 450 3899 resarciendi,
466 3790 528 3879 vel
542 3793 656 3877 etiam
666 3789 831 3909 augendi
846 3818 928 3904 spes
942 3790 1230 3880 nihilominusin
1246 3793 1471 3908 Principibus
1484 3798 1565 3883 Me·
1587 3822 1589 3827 ’

118 3902 430 4008 „diolanensium
460 3909 733 4025 reponebatur.
768 3911 885 3993 Nunc
913 3937 1008 3995 vero
1022 3911 1131 4025 quod
1164 3935 1313 3997 tantum
1329 3941 1400 3999 vos
1431 3911 1480 3994 ab
1494 3942 1565 3998 eo-

119 4049 245 4126 „tum
260 4027 428 4113 motibus
453 4054 493 4114 et
516 4027 688 4116 institutis
703 4025 930 4132 desciscatis,
958 4052 1002 4113 ut
1027 4028 1192 4141 ipsorum
1219 4028 1344 4113 hostes
1368 4057 1438 4143 pro
1468 4031 1566 4116 ami·

123 4139 241 4276 „cis,
253 4166 294 4230 et
309 4144 449 4280 amicos
466 4175 543 4282 pro
569 4147 737 4283 bostibus
763 4144 902 4232 habere
923 4146 1151 4253 sustineatis,
1175 4173 1404 4262 magnopere
1428 4146 1562 4235 doleo.

118 4259 272 4364 „de
300 4291 400 4351 etum
430 4263 530 4351 aliud
555 4265 611 4353 hts
626 4262 729 4350 facus
747 4264 1001 4382 assequimini,
1017 4264 1084 4350 nisi
1114 4288 1158 4350 ut
1184 4261 1291 4348 simul
1317 4290 1356 4348 et
1378 4262 1564 4377 majorum
1590 4324 1593 4328 -

117 4432 145 4479 ‚,
159 4400 373 4465 vestrorum
400 4384 622 4469 sententiam
644 4383 848 4496 damnare,
864 4406 932 4468 aut
958 4407 1120 4472 vestram
1151 4381 1436 4468 inconstantiam
1452 4383 1562 4498 turpi

121 4549 148 4596 ‚,
159 4515 216 4579 tet
231 4492 397 4608 profiteri
407 4560 422 4604 ,
432 4524 473 4587 et
486 4507 614 4587 Deum
631 4529 801 4618 spernere
816 4501 1039 4589 videamini?
1068 4529 1233 4616 quotum
1250 4500 1368 4585 altero
1384 4498 1565 4616 insignem

120 4610 267 4746 „uobis
281 4612 378 4700 inter
393 4615 561 4704 homines
577 4613 766 4705 infamiam
792 4620 939 4734 patitis;
957 4619 1076 4706 altero
1096 4619 1261 4708 divinam
1285 4618 1376 4701 itant
1402 4619 1563 4702 concita·

121 4752 227 4836 um,
244 4758 344 4847 quac
371 4733 468 4825 solet
498 4735 665 4827 inimicos
688 4767 774 4829 suos
798 4764 881 4828 non
912 4738 986 4850 levi
1012 4737 1153 4854 jactam
1175 4735 1313 4848 ulcisci.
1345 4736 1428 4824 Vos
1455 4734 1567 4853 igitur
1597 4802 1599 4808 .

172 4847 356 4941 Tauri<
402 4851 405 4857 ’
1029 4859 1106 4945 Ga
1144 4914 1146 4917 -
1463 4882 1567 4971 „pto
