4050 5858
376 418 475 495 sau
508 417 997 493 venenatarum
1036 405 1299 495 otontn.
1460 447 1527 520 213

83 562 318 647 constanter
342 543 616 659 appetitionem
647 541 789 659 gloriae
819 542 1077 630 insectantur?
1108 545 1173 628 An
1202 543 1274 627 hos
1305 537 1483 630 volumus
1505 544 1554 631 le-

102 668 226 758 vitatis
254 689 293 752 et
316 660 493 751 stultitiae
519 662 725 748 damnare?
759 660 921 747 Minime
945 688 1068 750 vero:
1098 659 1164 746 sed
1179 659 1274 776 quid
1294 659 1344 745 illi
1365 687 1556 767 accusent,

105 813 163 873 est
189 785 304 871 etiam
332 806 450 897 atque
473 780 588 869 ctiam
613 779 957 867 considerandum.
988 782 1092 862 Nam
1118 806 1207 863 cum
1233 777 1355 865 nullus
1380 779 1426 865 sit
1441 778 1556 865 animi

93 927 242 993 motus
257 911 340 990 tam
366 899 548 987 honestus
561 961 575 1006 ,
587 921 667 989 tam
688 928 756 986 sua
779 922 914 1014 sponte
940 895 1153 983 laudandus
1171 957 1183 1002 ,
1199 894 1295 1011 quin
1315 895 1384 984 nisi
1402 898 1556 984 consilio

92 1046 144 1108 et
171 1038 274 1109 tecta
296 1018 444 1107 ratione
474 1012 654 1134 regatur,
680 1014 797 1133 possit
821 1016 862 1102 in
890 1013 1164 1130 turpitudinem
1196 1013 1335 1122 dilabi,
1360 1017 1557 1130 appetitio-

102 1145 194 1226 nem
223 1136 365 1256 gloriae
392 1153 671 1252 praeposteram
689 1195 701 1241 ,
718 1134 872 1222 stultam
887 1156 927 1219 et
951 1131 1042 1218 nihil
1068 1130 1272 1220 habentem
1301 1160 1390 1218 curn
1417 1132 1557 1222 virtute

91 1283 309 1353 :commune
326 1314 339 1359 ,
355 1255 490 1342 merito
501 1253 573 1342 viri
595 1252 849 1367 sapientissimi
875 1275 1171 1349 consectantur.
1196 1251 1349 1337 Etenim
1364 1252 1494 1340 videre
1512 1248 1570 1337 li-'

101 1398 167 1459 cet
194 1373 393 1488 plerosque
424 1396 503 1458 tarn
526 1397 700 1485 perverse
726 1371 838 1457 rebus
867 1369 950 1477 uti,
980 1393 1025 1454 ut
1056 1368 1152 1455 dum
1174 1368 1223 1455 ab
1247 1367 1464 1456 hominibus
1490 1402 1557 1487 pa·

45 1485 47 1488 ’
94 1520 188 1580 ruam
204 1515 306 1588 tecte
317 1487 566 1603 judicantibus
581 1487 746 1604 aliquam
760 1487 914 1575 laudem
931 1512 1146 1583 mereantur
1162 1547 1174 1592 ,
1190 1485 1285 1603 quid
1295 1513 1430 1574 contra
1446 1489 1556 1574 Chri·

94 1609 222 1711 ,stiana
249 1607 379 1724 religio
402 1606 528 1720 jubeat
542 1634 713 1719 ,petum
734 1605 928 1691 laborent.
964 1603 1022 1690 Sic
1044 1601 1199 1708 affecti,
1214 1629 1260 1690 ut
1284 1605 1374 1690 nihil
1396 1606 1556 1723 dignum

93 1748 240 1844 ¹putent
252 1788 268 1833 ‚
280 1727 328 1822 in
347 1724 459 1838 quod
476 1723 539 1816 vel
562 1723 758 1817 maduere
789 1720 953 1810 studium
970 1782 984 1828 ,
1001 1746 1068 1808 aut
1093 1751 1251 1837 operam
1265 1720 1465 1810 conferant
1481 1788 1493 1833 ,
1509 1755 1557 1811 ex

96 1875 186 1961 quo
213 1844 321 1932 velut
349 1840 562 1926 mercedem
580 1841 733 1927 laboris
762 1865 906 1929 certam
935 1838 1088 1927 laudem
1103 1869 1195 1925 non
1216 1866 1459 1956 exspectent,
1488 1872 1554 1958 pe·
1662 1917 1667 1925 .

94 1986 291 2077 tantque:
320 1983 359 2051 et
380 1986 480 2072 quae
500 1958 656 2045 virtutes
685 1956 771 2046 alias
803 1957 921 2053 uideri
942 1980 1094 2074 possent
1109 1957 1179 2061 ,iis
1204 1987 1285 2044 non
1310 1961 1365 2045 ob
1392 1961 1557 2075 ipsarum

92 2080 345 2184 ,honestatem
356 2072 567 2191 funguntur
584 2076 677 2180 ,sed
702 2075 764 2162 *ob
790 2074 866 2163 hoc
891 2098 1128 2182 tanmm,ut
1160 2076 1250 2163 inde
1281 2076 1433 2165 laudem
1457 2078 1557 2164 indi·

94 2198 324 2314 piscantur,
352 2195 448 2283 duum
471 2193 609 2279 'scilicet
633 2193 727 2278 boni
753 2193 903 2299 uideri,
933 2221 1052 2310 quarn
1073 2221 1153 2279 esse
1181 2194 1353 2282 malunt.
1377 2198 1475 2295 Quo
1499 2202 1556 2282 er'·

93 2343 190 2402 ‚rore
227 2313 346 2405 stulto
363 2310 485 2410 ¹simul
515 2335 554 2396 et
582 2311 791 2424 pernicioso
822 2312 986 2417 imbuti,
1016 2309 1087 2398 dici
1103 2309 1179 2398 ,vix
1209 2338 1363 2425 potest,
1387 2315 1430 2400 in'
1454 2344 1554 2429 quos

103 2429 334 2549 flagitiorum
366 2428 472 2517 velut
501 2429 689 2542 scopulos
702 2429 893 2520 interdum
922 2429 1156 2544 impingant.
1184 2430 1276 2516 Vidi
1302 2459 1378 2547 ego
1394 2430 1557 2518 nonnul

98 2547 165 2651 los
181 2611 193 2656 ,
207 2551 294 2665 qui,
307 2548 401 2634 dum
419 2546 530 2632 stulte
553 2544 659 2633 fortis
680 2571 720 2632 et
746 2545 894 2632 maximi
917 2545 1032 2632 animi
1047 2543 1461 2656 laudem'affectarent,
1478 2551 1558 2640 vim

96 2663 242 2760 inferre
263 2696 344 2762 non
365 2663 518 2751 lacessiti
542 2665 750 2781 gauderent
766 2664 1168 2778 :rapinasexercerent
1181 2726 1196 2771 ,
1209 2664 1300 2750 nihil
1323 2667 1554 2786 indigentes:

100 2783 306 2886 homicidia
338 2782 588 2898 frequenter,
613 2782 713 2877 nulla
743 2782 805 2870 vel
832 2780 985 2870 minima
1017 2779 1161 2869 offensa
1184 2781 1313 2869 irritati
1340 2812 1554 2900 patrarent.

100 2903 181 3001 nd
202 2927 390 2994 summam
406 2897 558 2996 ,omnia
571 2896 659 2993 fana
687 2924 727 2987 et
744 2895 911 3015 'profana
941 2900 992 2988 ita
1018 2892 1230 3006 violarent,
1246 2926 1292 2988 ut
1321 2903 1387 2988 sibi
1417 2905 1555 3021 glorio·

100 3046 193 3122 sum
210 3042 388 3133 putarent
404 3076 417 3121 ,
432 3016 460 3102 si
488 3038 633 3113 nomen
653 3039 971 3133 consequerentur
998 3046 1079 3103 non
1094 3018 1296 3104 hominum
1323 3022 1444 3108 modo
1459 3022 1554 3129 ,sed

100 3136 180 3224 Dci
203 3136 316 3223 etiam
337 3154 642 3223 contemtorum.
672 3141 756 3222 Nec
772 3137 931 3222 mirum.
961 3135 1065 3221 Huic
1090 3137 1191 3223 enim
1211 3159 1323 3222 tanto
1339 3139 1464 3225 sceleri
1478 3140 1554 3227 lau·

98 3256 260 3357 Idatores
277 3280 348 3361 „et
374 3254 399 3340 ii
424 3254 579 3370 quidem
610 3281 690 3340 non
715 3254 850 3368 pauci,
876 3253 1131 3369 contingunt.
1159 3260 1219 3339 Ex
1245 3256 1358 3342 turba
1380 3257 1555 3347 videlicet

101 3370 376 3488 flagitiosorum
393 3433 406 3477 ,
423 3392 641 3474 eteomm,
660 3373 727 3486 qui
743 3370 967 3466 factionibus
993 3372 1193 3460 servientes
1220 3373 1458 3488 tyrannidem
1490 3406 1554 3465 ea-

101 3488 547 3597 'etcereinfitenuiores,
574 3491 785 3577 id‘demum
808 3489 1021 3579 felicitatem
1040 3520 1118 3578 esse
1142 3515 1299 3607 putant.
1358 3501 1362 3508 ’
1415 3500 1444 3580 ’,

98 3679 104 3688 .
163 3611 340 3706 XXXII
363 3662 376 3700 f
402 3615 583 3726 Longum
610 3633 704 3695 esset
724 3608 872 3727 singula
896 3609 986 3697 vitia
1006 3637 1331 3717 commemorare,
1350 3610 1551 3728 exquibus

96 3725 211 3829 ⁴stulti
224 3755 268 3811 ac
282 3726 416 3841 perditi
429 3725 602 3813 homines
617 3728 768 3814 laudem
789 3756 1080 3843 nonnumquam
1106 3753 1371 3845 aucupantur„
1387 3756 1426 3814 et
1441 3730 1552 3845 quod

101 3869 162 3929 est
192 3844 516 3960 indignissimum,
540 3847 778 3960 applausotes
807 3847 1034 3954 inveniant,
1062 3874 1151 3933 ctun
1178 3876 1259 3934 non
1292 3847 1451 3953 desint,
1484 3848 1552 3963 qui

103 3961 322 4067 adulteria,
346 3986 502 4077 stupra,
526 3960 673 4049 fraudes
695 3988 734 4051 et
747 3964 874 4051 'dolos
905 3960 1012 4053 velut
1039 3964 1212 4051 uictorias
1244 3965 1293 4050 de
1322 3960 1411 4050 ford
1440 3965 1552 4052 hoste

101 4104 427 4170 conunemotent·
462 4081 599 4174 Quam'
620 4080 760 4197 gloriae
782 4083 1051 4197 appetitionem
1070 4141 1082 4187 ,
1100 4083 1129 4168 si
1145 4082 1262 4199 gloria
1287 4106 1345 4167 est
1366 4082 1551 4195 'appellam

104 4192 160 4295 'da
174 4251 191 4302 ,⁴
212 4221 251 4295 et
281 4226 364 4284 non
386 4197 511 4313 potius
537 4198 757 4286 detestanda
789 4199 1033 4316 perversitas,
1061 4227 1144 4284 non
1171 4200 1258 4286 dico
1283 4198 1351 4286 viri
1375 4195 1550 4286 Christia·

104 4311 148 4395 ni
172 4339 211 4398 et
234 4314 420 4432 religiosi,
443 4316 526 4408 sed¹
542 4341 675 4410 omnes
708 4319 911 4424 mortales,
941 4317 1010 4434 qui
1037 4315 1158 4401 modo
1187 4316 1311 4431 aliqua
1344 4318 1551 4405 modestiae

100 4431 400 4548 prudentiaeque
420 4434 599 4550 particula
614 4435 770 4543 valent,
800 4427 922 4523 odisse
943 4435 983 4520 in
1008 4432 1132 4547 primis
1159 4433 1299 4521 debent
1315 4496 1329 4541 ,
1344 4460 1384 4523 et
1406 4437 1550 4523 cunctis

102 4550 413 4657 exsemationibus
436 4552 637 4645 detestari:
663 4583 763 4670 quae
790 4577 832 4639 re
856 4581 946 4642 veta
972 4551 1085 4639 stulta
1115 4576 1200 4661 est,
1224 4552 1341 4667 turpis
1367 4577 1454 4658 est,
1479 4551 1548 4639 lla·

102 4665 236 4780 gitiosa
261 4693 317 4755 est
333 4695 397 4775 ,et
415 4667 505 4756 falsa
526 4672 761 4787 persuasione
788 4671 970 4786 corruptis
998 4671 1163 4757 moribuu
1187 4670 1397 4786 appetitur.
1424 4676 1494 4759 Est
1508 4694 1549 4779 et

100 4782 173 4868 alia
190 4846 202 4890 ,
217 4815 317 4902 quae
333 4880 336 4885 ,
342 4788 462 4906 gloria
487 4819 512 4874 a
540 4790 737 4901 nonnullis
755 4789 960 4904 appellatur
976 4848 990 4895 ,
1008 4788 1057 4876 de
1076 4820 1154 4906 qua
1177 4788 1306 4907 paulo<
1319 4812 1406 4873 ante
1435 4817 1547 4876 men«

94 4901 352 5019 n'onem'feci,
367 4901 574 5030 honoribus
587 4905 725 5027 nugi,
742 4909 999 5028 magistratum
1012 4936 1141 5026 gerere
1157 4931 1223 5019 ,et
1244 4927 1369 5021 'emma
1381 4966 1396 5016 ,
1410 4904 1550 5112 lnqui-

336 5084 338 5087 -
1507 5052 1550 5112 us
