4050 5858
499 445 570 503 210
971 409 1452 497 consitus

474 568 647 632 tanturn
658 534 918 629 incredibili
886 568 963 653 ejus
989 540 1161 655 appetitu
1177 536 1285 626 fuisse
1315 561 1424 626 nata.
1447 537 1557 622 Nam
1573 531 1710 652 quod
1700 557 1757 627 m
1744 529 1829 623 de
1841 528 1936 621 Cal·

478 641 644 750 lictatida
675 686 714 747 et
736 659 987 746 Cleombroto
1009 658 1184 764 addunt,
1220 679 1304 742 non·
1332 685 1407 774 ego
1438 654 1488 742 sic
1513 655 1645 790 gloria
1663 651 1790 789 appeti
1820 653 1939 761 volo,

481 806 528 867 ut
549 808 698 869 temere
726 779 765 862 in
797 802 898 863 certa
926 776 1129 893 pericula
1118 801 1329 863 irruamus.
1364 771 1645 871 Praesertim
1620 801 1650 858 st
1679 773 1718 858 in
1750 783 1829 885 etus
1863 802 1939 888 pu·

481 927 581 1015 gnae
598 898 801 984 discrimine
830 895 926 980 salus
954 894 1174 1012 reipublicae
1195 896 1375 989 vertinrr.
1407 897 1527 979 Recte
1555 891 1658 987 enirn
1683 889 1934 1007 praecipiunt,

480 1017 550 1130 qui
578 1016 718 1102 docent
738 1014 962 1152 promtiores
991 1044 1062 1100 nos
1093 1041 1171 1100 ιιιι
1204 1013 1342 1101 debere
1376 1012 1428 1099 ad
1458 1035 1587 1122 nostra
1603 1008 1768 1163 pericula
1785 1039 1936 1155 ,quam

482 1132 536 1220 ad
554 1135 790 1220 communia
1544 1186 1546 1190 .

542 1255 723 1337 XXVIII.
783 1250 847 1337 Ad
871 1232 1057 1338 summam
1081 1276 1131 1334 ne
1161 1248 1403 1366 ambiguitate
1428 1216 1608 1336 sermonis
1637 1211 1828 1353 erretnus,
1844 1277 1936 1336 cum

485 1367 628 1485 gloriae
650 1367 858 1455 intellectus
885 1369 1056 1455 latissime
1079 1390 1206 1502 patere
1232 1369 1435 1473 ιιιιιιιιιιι,
1458 1371 1509 1462 ιιι
1532 1393 1765 1481 omnemque
1779 1366 1937 1461 laudern

479 1487 699 1601 pertinere,
723 1485 822 1571 illam
851 1485 1009 1609 gloriam
1033 1485 1182 1602 magnis
1213 1485 1307 1584 vitis
1318 1487 1581 1602 expetendam
1591 1513 1669 1579 esse
1684 1484 1822 1590 dico,
1831 1513 1937 1601 quae

481 1604 667 1706 virtutem
688 1605 881 1740 seqtinrr,
906 1632 946 1707 ιι
976 1627 1076 1691 recte
1094 1603 1289 1690 factorum
1308 1630 1381 1709 est
1401 1624 1571 1712 comes,
1586 1609 1646 1690 Ea
1663 1631 1765 1702 vero
1780 1627 1869 1709 est,
1888 1627 1940 1698 ut

444 1703 753 1822 „doctissimi
718 1753 785 1809 vrn
773 1698 1061 1828 ιιιιιιιιιιιιιιι,
1091 1721 1325 1821 consentiens
1351 1686 1432 1820 inus
1460 1720 1721 1826 bonorum,
1712 1737 1940 1834 incorrupta

490 1869 570 1926 vox
600 1842 699 1943 bene
726 1840 969 1954 judicantium
998 1840 1046 1926 dc
1080 1840 1282 1927 excellente
1309 1841 1487 1936 virture.-
1485 1845 1584 1928 Res
1609 1837 1781 1930 videlicet
1811 1837 1939 1928 solida

482 1981 527 2045 et
483 1983 739 2157 expressa,
757 1987 837 2045 non
851 1959 1105 2064 adumbrata,
1123 1987 1204 2049 non
1221 1957 1372 2066 ιιιιιιιι,
1383 1984 1426 2045 et
1436 1981 1550 2076 quae
1571 1986 1641 2044 nec
1656 1956 1709 2043 ab
1729 1956 1937 2047 santorum

488 2075 1938 2319 ιιᾚιιιιιιιὲιᾞιιιι

1000 2255 1012 2299 8

396 2334 399 2337 ’
486 2338 604 2446 gum,
626 2338 693 2426 qut
682 2305 882 2411 liberalis
903 2317 1001 2398 Ηιι
1015 2332 1189 2426 namque
1205 2279 1560 2429 timidisavarisque
1568 2304 1764 2401 familiares
1776 2324 1938 2400 suorum

484 2429 676 2526 vitiorum
672 2427 910 2540 rejectiones
937 2450 1225 2565 praeteritosque
1249 2454 1365 2537 sunt,
1381 2449 1421 2527 et
1453 2429 1613 2524 aliorum
1640 2428 1796 2516 similet.
1827 2431 1938 2517 Nam

488 2546 921 2661 cuminomniopere
952 2543 1337 2663 prdidoopusest,
1359 2549 1510 2636 nrmin
1542 2547 1939 2683 ismaxime,qeae

488 2662 540 2765 ad
566 2664 803 2767 honestatem
835 2690 902 2750 aut
933 2664 1213 2778 turpitudinem
1225 2663 1463 2762 referuntur
1492 2664 1610 2762 Multi
1633 2664 1734 2752 enim
1757 2661 1922 2751 dum
1883 2694 1938 2761 vr·

485 2779 540 2866 tia
560 2780 813 2895 imprudenter
831 2781 1016 2881 vitarent
1022 2781 1302 2889 ,irreideruot
1282 2811 1334 2870 ιο
1344 2784 1570 2880 contraria:
1587 2807 1655 2877 ut
1671 2782 1721 2879 de
1746 2778 1940 2873 Pausania

486 2898 694 3007 memoriae
708 2898 925 3012 proditum
934 2923 1020 2985 ests
1017 2900 1107 3014 qui
1137 2906 1244 2999 curn
1238 2928 1404 2997 nomen
1431 2932 1543 2997 suum
1572 2899 1716 3007 celebre
1740 2897 1819 2997 fieri
1842 2894 1938 2988 affe

488 3030 615 3120 ctaret
615 3016 854 3132 ,Phlippurn
867 3022 1014 3133 Regem
1026 3017 1351 3118 Macedonum
1316 3049 1439 3155 utrum
1460 3018 1665 3106 illustrem
1656 3017 1870 3125 mtcrentit,
1885 3045 1939 3105 te·

488 3160 670 3246 sponsum
677 3134 910 3235 Hermodis
921 3134 1066 3222 stulte
1056 3160 1346 3250 interpretatus
1350 3138 1431 3254 qui
1456 3137 1607 3254 roganti
1631 3136 1836 3252 quomodo
1857 3166 1942 3250 pos·

488 3275 546 3345 set
571 3251 773 3355 claritatem
792 3252 965 3367 celeriter
988 3252 1168 3367 adipisci,
1183 3254 1431 3368 respondit
1405 3285 1434 3341 n
1451 3255 1581 3343 virum
1596 3252 1759 3370 aliquem
1775 3253 1938 3368 praecia

439 3394 573 3471 [rum
591 3369 790 3469 occidisset
804 3346 948 3470 afore
943 3399 1132 3485 namque
1142 3395 1202 3470 ut
1212 3372 1321 3469 illius
1318 3373 1466 3489 gloria
1462 3374 1662 3489 adipsum
1686 3372 1936 3469 redundaret.

486 3487 543 3591 Ira
560 3488 654 3585 dum
663 3487 838 3589 nammis
845 3489 1120 3588 obscenitatem
1136 3487 1300 3608 effugere
1326 3512 1478 3589 ιιοιιιι
1494 3491 1598 3605 cupit
1614 3490 1863 3606 ,parricidae
1859 3514 1939 3626 tur..

485 3603 674 3716 piscimam
701 3606 934 3714 nobilitatem
953 3607 1113 3721 adeptus
1137 3628 1217 3694 esti
1240 3608 1430 3695 dementia
1445 3608 1549 3705 haud
1571 3608 1620 3693 illi
1648 3607 1829 3710 dissimilis
1842 3604 1940 3724 ,qui

485 3721 777 3856 pulcherrimum
798 3706 946 3811 Dianae
969 3725 1156 3839 Ephesiae
1176 3725 1359 3839 templum
1387 3726 1584 3814 incendit
1596 3727 1741 3823 Non
1728 3728 1857 3843 agitur
1863 3741 1940 3842 pet

485 3838 576 3944 uitia
602 3840 1059 4061 adfligam
912 3842 1155 3993 pervenitur:
1173 3841 1328 3970 ¹uirtutis
1333 3843 1396 3994 ιιι
1377 3865 1514 4022 est,
1509 3864 1646 4059 quae
1647 3845 1700 3973 ad
1709 3862 1840 3988 vetem
1848 3842 1940 4017 gioe

485 3983 587 4043 ”²¹³¹
606 3988 655 4071 Pi

497 4054 721 4180 XXIX
746 4076 897 4180 Hanc
865 4077 1012 4193 rgittn
1013 4032 1090 4215 qni
1094 4010 1286 4195 cupiunt,
1296 4028 1485 4178 ιιιιιιιιιιι
1497 4017 1688 4196 inprime
1695 4007 1939 4196 meudun

482 4214 545 4295 tur
560 4253 572 4297 ,
589 4215 735 4297 necesse
755 4220 843 4301 est,
858 4218 897 4298 et
919 4225 1038 4331 ⁸¹saepe
1057 4197 1220 4297 sinistros
1247 4196 1352 4334 yrtlgi
1379 4226 1579 4305 rumores,
1610 4200 1700 4294 sed
1695 4228 1821 4295 ιιιιοι
1839 4217 1935 4284 con·

481 4332 679 4413 temnant.
699 4317 851 4427 Neque
869 4313 971 4411 enim
996 4315 1130 4403 Fabius
1149 4315 1369 4422 Maximus,
1390 4319 1439 4405 de
1459 4346 1544 4433 quo
1567 4318 1683 4432 paulo
1712 4341 1804 4406 ante
1832 4344 1938 4407 men·

481 4424 624 4513 tionem
641 4430 843 4542 ,Jacobe,
860 4426 1002 4540 fecisti,
1019 4431 1114 4519 dum
1142 4461 1311 4522 rumores
1338 4463 1473 4532 eorum
1500 4460 1730 4550 sperneret,
1734 4434 1803 4552 qui
1826 4462 1868 4527 se
1888 4432 1938 4519 ti·

480 4544 630 4652 otidum
640 4570 713 4650 et
720 4551 1007 4679 transsatorem
1019 4551 1275 4657 vocitabant,
1272 4550 1451 4678 gloriam
1480 4582 1563 4650 trun
1588 4555 1828 4671 .appetebat
1852 4549 1940 4664 Sed

303 4745 322 4789 Ἰ,
342 4756 360 4789 .«.-
395 4763 401 4787 ,
434 4770 446 4787 ,Ι
473 4665 537 4749 uir
552 4666 777 4797 prudenter
792 4665 1054 4784 magnanimus
1073 4695 1317 4784 praesentem
1324 4671 1556 4788 vulgatis
1510 4701 1636 4783 aurae,
1659 4668 1895 4767 rellatum
1851 4699 1940 4775 um·

387 4782 408 4797 ”
477 4809 593 4888 cens,
598 4785 826 4922 cunctando
850 4787 901 4883 ad
930 4814 1061 4889 veram
1087 4787 1254 4906 gloriam
1275 4790 1523 4905 properabat.
1552 4796 1656 4927 Natu
1673 4790 1781 4892 illud
1797 4788 1938 4881 excelsi

473 4901 696 5127 manrique
704 4904 817 4994 animi
840 4928 926 5016 est,
949 4929 995 5009 ut
1009 4905 1213 5003 Aristoteli
1222 4937 1382 5030 quoque
1413 4938 1558 5029 magno
1585 4910 1634 5005 in
1645 4909 1777 5125 primis
1809 4905 1941 5031 philo·

1863 5054 1934 5118 ιο-
