4140 5872
440 428 506 494 mo
673 472 678 479 ,
932 397 1358 474 GONSALUS

406 538 447 622 in
468 533 569 623 bello
589 526 813 618 Granatensi
837 524 1133 615 honestissimam
1159 523 1278 610 vitam
1295 521 1553 641 gloriosissima
1577 537 1701 612 morte
1716 551 1793 639 pro
1810 536 1876 639 pa'a
1990 615 1992 617 ,

404 657 476 743 tria
504 678 687 771 oppetens
712 646 945 766 obsignavit?
971 670 1038 730 aut
1066 643 1389 763 consanguineum
1423 667 1462 728 et
1489 640 1667 759 gentilem
1691 669 1872 731 nostrum

369 835 371 839 -
409 776 597 891 Jacobum
614 768 897 855 Comaricnsem
912 763 1178 852 Marchionern
1195 772 1208 847 ἓ
1240 763 1307 878 qui
1330 791 1411 848 non
1434 785 1636 847 contentus
1661 762 1785 880 gloria
1801 763 1871 850 sibi

407 892 605 979 clarissimis
632 890 742 1006 gestis
769 889 807 971 in
833 887 908 970 hoc
932 883 1032 970 bello
1054 908 1161 998 parta
1175 943 1188 988 ,
1203 905 1241 968 er
1257 882 1367 996 quod
1388 881 1465 994 ejus
1482 880 1659 968 victoriae
1681 881 1869 998 particeps

406 1009 561 1116 fuerat,
585 1038 663 1125 qua
689 1013 770 1092 Rex
783 1003 1025 1091 Granatcnsis
1050 1001 1169 1090 victus
1192 1026 1400 1115 captusque
1426 996 1525 1103 fuit,
1548 998 1647 1086 ultra
1674 1030 1780 1088 mare
1808 1031 1869 1088 re-

407 1162 530 1249 gnum
547 1154 717 1213 nostrum
740 1121 993 1241 propagavit,
1011 1146 1225 1240 expugnata
1249 1147 1333 1206 arce
1349 1124 1484 1204 Portus
1499 1116 1655 1233 magni,
1677 1119 1785 1234 cujus
1800 1147 1870 1207 oc·

406 1251 554 1337 cacione
580 1271 727 1334 utentes
761 1244 889 1329 Mauri
916 1265 1088 1350 nostrum
1112 1239 1266 1358 pelagus
1291 1265 1475 1354 oramque
1501 1235 1722 1322 maritimam
1738 1239 1867 1353 pirati-

405 1370 456 1454 cis
474 1367 684 1456 reddebant
714 1357 910 1447 infestam:
928 1388 1096 1474 quorum
1122 1355 1313 1443 latrocinia
1335 1385 1415 1442 non
1439 1355 1563 1441 solum
1581 1357 1779 1471 repressit,
1796 1357 1865 1444 sed

406 1511 559 1573 tanturn
580 1483 661 1598 ipsis
685 1481 858 1566 timorem
887 1476 1065 1582 incussit,
1087 1500 1131 1563 ut
1153 1474 1299 1561 finitimi
1326 1474 1457 1589 populi
1483 1502 1615 1589 pacem
1641 1500 1796 1561 oratum
1812 1475 1866 1562 ad

410 1634 541 1722 tegern
562 1600 726 1688 miserint
743 1659 756 1704 ,
773 1625 900 1682 annua
924 1595 1063 1680 tributa
1079 1594 1326 1710 paciscentes.
1344 1599 1483 1680 Arcem
1497 1620 1660 1707 namque
1674 1592 1775 1680 illam
1791 1593 1868 1679 sibi

405 1749 574 1838 ereptam
603 1747 681 1804 csse
697 1715 854 1820 Mauri,
876 1741 957 1797 non
978 1712 1083 1798 aliter
1099 1741 1217 1828 quarn
1243 1741 1282 1799 se
1304 1711 1414 1797 armis
1437 1711 1571 1798 nostris
1587 1712 1773 1826 expositos
1789 1772 1805 1816 ,
1820 1736 1868 1798 et

405 1842 514 1928 omni
542 1837 694 1951 injuriae
719 1857 959 1949 opportunos
984 1825 1103 1918 factos
1127 1827 1236 1917 fuisse
1259 1830 1490 1945 interpretati
1519 1853 1625 1916 sunt.
1647 1832 1702 1916 Ut
1717 1828 1867 1915 multos

405 1958 499 2046 alios
523 1956 726 2058 omittam,
744 1980 810 2068 qur
836 1979 925 2035 cum
955 1949 1031 2045 hoc
1056 1950 1166 2036 hoste
1191 1973 1434 2065 pugnantes,
1458 1948 1649 2084 prppriam
1678 1948 1866 2035 virtutem
1994 1952 1995 1955 ‘

406 2073 511 2162 claris
534 2072 758 2161 facinoribus
787 2091 1044 2155 ostentarunt.
1069 2071 1132 2152 De
1157 2066 1268 2157 vobis
1297 2067 1429 2173 enim,
1453 2095 1522 2182 qur
1554 2089 1749 2180 paternam
1777 2065 1866 2182 glo·

406 2191 500 2279 riam
524 2191 668 2308 magnis
694 2187 891 2276 virtutibus
917 2183 1158 2271 aemulamini
1176 2185 1326 2292 ,dicam
1354 2187 1485 2271 absens
1507 2183 1693 2272 libentius.
1714 2186 1866 2280 Quant-

406 2337 524 2425 quam
538 2337 605 2398 tua
620 2334 720 2393 aeras
734 2368 747 2414 ,
759 2311 868 2392 Perre
882 2367 895 2410 ,
911 2332 999 2389 cum
1015 2302 1155 2388 bellurn
1167 2308 1405 2391 Granatense
1431 2306 1630 2420 gerebatur
1647 2365 1659 2410 ,
1675 2300 1861 2389 infirmior

405 2455 485 2516 erat
501 2492 513 2535 ,
531 2457 649 2546 quarn
678 2450 723 2510 ut
752 2453 857 2510 arma
881 2419 975 2508 ferre
992 2451 1148 2537 posses,
1172 2451 1317 2509 annum
1346 2424 1449 2508 enim
1480 2423 1621 2508 circiter
1637 2420 1866 2540 vigesimum

404 2550 570 2663 agebas,
586 2575 674 2629 cum
706 2542 745 2626 in
775 2570 824 2627 eo
853 2540 992 2655 praelio
1010 2601 1022 2645 ,
1040 2541 1151 2655 quod
1180 2542 1276 2657 patri
1302 2566 1375 2628 tuo
1406 2538 1478 2626 fuit
1506 2541 1684 2627 ultimum
1718 2567 1864 2626 morta·

404 2663 525 2770 lium,
549 2660 755 2750 secundum
779 2655 901 2744 femur
929 2658 1125 2772 scorpione
1147 2658 1240 2745 ictus
1267 2690 1306 2746 es
1322 2721 1335 2765 ,
1351 2686 1391 2746 et
1413 2687 1481 2747 ore
1497 2659 1634 2747 vulnus
1652 2659 1863 2746 honesturn

405 2783 605 2899 accepisti,
636 2808 739 2865 anno
767 2801 855 2894 post
879 2800 1066 2889 receptam
1090 2782 1302 2863 Granatam
1318 2838 1330 2883 ,
1344 2778 1412 2864 nisi
1440 2777 1622 2863 memoria
1636 2771 1777 2884 fallor,
1793 2777 1865 2862 de-
1997 2805 2000 2834 ¹

400 2901 524 2989 timo.
543 2899 618 2987 Sed
637 2897 755 3013 quid,
771 2901 879 2981 Perre
894 2895 1102 3000 carissime,
1120 2894 1197 2981 hoc
1211 2896 1265 2981 rei
1282 2904 1368 2982 est?
1391 2898 1478 3009 Jam
1500 2897 1648 2983 dudum
1663 2895 1767 2981 enim
1782 2922 1865 2979 ma·
1998 2932 1999 2935 Ν

405 3016 538 3105 nifesta
571 3018 610 3102 in
636 3041 675 3102 tc
694 3015 873 3102 moeroris
888 3014 993 3131 signa
1016 3012 1150 3099 videor
1179 3013 1508 3118 animadvertere,
1527 3015 1647 3100 altum
1675 3012 1866 3099 silentium

407 3137 475 3222 tibi
499 3138 537 3222 in
561 3132 796 3219 familiaribus
828 3130 1085 3247 congressibus
1112 3130 1360 3238 inusitatum,
1392 3131 1595 3220 demissum
1619 3156 1768 3248 praeter
1796 3160 1867 3215 na-

406 3279 531 3341 turam
555 3279 663 3339 tuam
690 3251 840 3337 vultum
857 3311 870 3356 ,
887 3273 1080 3365 postremo
1108 3249 1220 3365 quod
1246 3250 1368 3338 modo
1389 3249 1587 3367 suspirium
1614 3250 1665 3335 ab
1689 3249 1770 3335 imo
1796 3276 1866 3366 pe-

402 3397 512 3459 ctore
535 3369 701 3459 traxisti?

465 3494 517 3576 V.
575 3496 664 3577 Par.
689 3487 854 3624 Silentii,
866 3513 999 3602 patrue
1025 3488 1258 3597 sanctisime,
1276 3489 1472 3577 consilium
1489 3485 1559 3576 fuit
1575 3550 1588 3592 ,
1604 3513 1686 3573 non
1706 3513 1867 3572 moeror
1997 3564 1998 3567 t

404 3610 445 3695 in
474 3638 585 3695 causa
604 3609 762 3724 :putavi
795 3635 896 3693 emm
925 3638 996 3693 vos
1011 3608 1113 3694 viros
1139 3609 1372 3726 gravissimos
1400 3634 1440 3696 et
1465 3607 1588 3693 multo
1614 3634 1676 3692 me
1700 3605 1868 3719 maiores

404 3751 499 3813 natu
522 3729 571 3827 de
600 3726 753 3812 summis
770 3727 882 3811 rebus
897 3725 1157 3840 colloquentes
1185 3727 1417 3842 interpellare
1441 3752 1576 3812 contra
1591 3720 1760 3810 officium
1778 3755 1867 3810 mo-
1996 3788 1997 3792 a

269 3882 270 3886 ¹
404 3844 637 3979 desriamque
663 3840 766 3931 fore.
797 3847 936 3928 Cetera
953 3872 1047 3930 vcro
1070 3873 1203 3961 ,quae
1218 3846 1333 3949 dicis,
1358 3845 1537 3931 moeroris
1560 3841 1721 3946 indicia,
1742 3841 1865 3928 dolor
1996 3893 1997 3896 ¹

405 3988 578 4078 expressit
595 4025 607 4067 ‚
625 3992 742 4079 quem
758 3961 849 4047 mihi
871 3956 1003 4047 afferre
1035 3961 1130 4048 solet
1144 3989 1322 4078 paternae
1337 3963 1466 4049 mortis
1482 3961 1693 4049 recordatio
1709 4019 1724 4091 ³.
1736 3987 1867 4073 quarn

405 4081 528 4168 modo
545 4081 635 4166 mihi
660 4106 730 4168 tuo
756 4107 928 4189 sermone
944 4081 1177 4197 suggessisti.
1193 4082 1269 4168 Vix
1294 4082 1396 4168 enim
1418 4112 1522 4199 queo
1537 4112 1561 4165 a
1577 4081 1745 4194 lacrymas
1760 4103 1868 4165 tem·

404 4229 535 4312 perare
552 4261 564 4303 ,
581 4228 670 4285 cum
691 4200 783 4286 mihi
805 4198 898 4284 illius
920 4194 1185 4287 fitnesrissimae
1200 4201 1320 4287 noctis
1347 4201 1387 4285 in
1414 4226 1582 4286 mentem
1606 4197 1734 4299 venit,
1758 4225 1868 4311 quae
1995 4212 1996 4216 '

407 4344 479 4401 nos
502 4343 672 4403 montem
704 4321 934 4422 subeuntes,
958 4317 1026 4432 qui
1047 4345 1254 4433 occupatus
1278 4347 1457 4437 magnam
1480 4316 1696 4405 facultatem
1717 4314 1769 4401 ad
1784 4315 1868 4400 bel·
1996 4413 1997 4422 ἰ

405 4429 486 4518 lum
506 4435 714 4549 gerendum
738 4433 903 4520 facturus
929 4435 1157 4543 videbatur,
1182 4437 1220 4523 in
1251 4437 1367 4523 latere
1382 4437 1493 4552 ipsius
1519 4435 1729 4551 oppressit,
1747 4432 1868 4518 etin·
1997 4456 1998 4479 *

410 4551 585 4667 gentibus
601 4552 762 4638 tenebris
777 4550 916 4637 offudit
933 4615 945 4659 ,
964 4584 1128 4669 quarum
1144 4557 1339 4642 occasione
1364 4556 1488 4642 hostes
1511 4556 1696 4656 misum,
1713 4575 1869 4638 nostro·
1997 4604 1998 4624 ÷

405 4698 493 4754 rum
524 4670 698 4784 despecta
714 4671 929 4785 paucitate.
959 4673 1073 4758 Pauci
1097 4674 1296 4780 enim,uti
1323 4674 1609 4779 scis,hoccst,
1632 4672 1688 4758 sui
1709 4694 1868 4756 tantum
1996 4758 1997 4763 r

405 4812 551 4902 patrem
584 4788 772 4876 fueramus
797 4789 915 4874 securi
931 4851 943 4892 ,
960 4792 1088 4877 ceteris
1117 4792 1351 4907 pertinaciter
1371 4793 1445 4878 sub
1476 4793 1570 4908 ipsas
1603 4790 1745 4878 radices
1775 4790 1868 4876 resi·
1998 4845 1999 4848 ¹

404 4906 603 4996 dentibus.
644 4912 747 4997 Cum
777 4907 837 4994 illc
867 4908 988 4996 subire
1013 4936 1234 5028 pergentem
1261 4912 1523 5001 revocantibus
1549 4910 1647 5000 clara
1678 4936 1778 4999 voce
1809 4936 1870 4995 re·

1749 5058 1875 5146 ⁵P011·

2056 2197 2061 2203 ‚
2054 1831 2068 2122 μοι-ο*
2049 490 2068 1763 mamfflffsst—e—Qm—m*

2059 2309 2069 2481 -ῌ
