4050 5858
1411 384 1414 390 ·
1438 385 1508 464 ‘223

110 501 232 715 Jo.
285 543 833 675 curramus
885 483 1497 674 snuunvnnn

382 780 601 875 ILLUSTRI
631 786 697 856 ET
716 787 1049 862 ORNATISSIMO
1079 786 1205 859 VIRO

232 977 846 1083 annucrsco
921 978 1357 1081 rotato

686 1217 890 1303 uu*

62 1373 318 1541 LIBRUM
349 1452 414 1535 De
438 1458 695 1538 convenientia
717 1457 939 1561 disciplinae
968 1458 1151 1538 militaris
1183 1476 1267 1534 cum
1290 1448 1511 1534 Christiana

60 1566 287 1679 Religione,
310 1599 425 1685 quern
444 1570 494 1654 ad
520 1570 693 1685 patruelis
722 1571 776 1656 tui
802 1569 919 1656 filium
940 1571 1179 1656 fernandum
1200 1566 1380 1653 Toletum
1395 1565 1511 1652 Alba·

63 1711 202 1771 norum
225 1692 375 1772 Ducem
403 1686 710 1774 elucubraveram
727 1748 740 1790 ,
756 1687 846 1772 mihi
871 1713 950 1775 erat
980 1689 1126 1773 animus
1157 1714 1238 1772 non
1265 1708 1353 1768 ante
1372 1682 1411 1766 in
1434 1713 1509 1769 ma·

65 1827 137 1886 nus
165 1803 365 1889 hominurn
396 1803 590 1909 emittere,
620 1832 737 1918 quam
764 1805 829 1890 diu
861 1806 1070 1910 sancitum,
1099 1802 1204 1891 velut
1227 1800 1389 1886 alienum
1419 1827 1506 1912 per-

64 1920 276 2031 pendissem
291 1980 304 2024 ‚
320 1918 470 2033 lateque
489 1944 531 2005 et
554 1946 724 2006 accurate
756 1950 864 2007 more
895 1948 1067 2011 veterum
1093 1917 1418 2036 recognovissem.
1443 1923 1507 2005 Tu

63 2057 195 2121 tamen
220 2035 374 2124 vixdum
395 2060 587 2148 peractum
618 2062 663 2124 ut
689 2037 762 2148 jam
785 2040 896 2125 edere
921 2039 1081 2145 moliar,
1107 2034 1313 2122 adhortaris
1329 2094 1342 2139 ,
1358 2062 1438 2118 rem
1454 2061 1516 2119 as-w

64 2178 236 2238 severant
262 2180 333 2237 nec
361 2149 439 2236 sine
457 2150 630 2268 exelnplo
661 2151 826 2240 futuram
842 2216 855 2259 ‚
874 2184 943 2242 nec
971 2156 1049 2242 sine
1080 2154 1226 2240 ratione
1243 2212 1255 2236 .
1272 2158 1376 2235 Nam
1391 2181 1506 2265 quos·

64 2267 153 2357 dam
172 2294 345 2357 veterum
370 2299 536 2354 summos
565 2271 690 2376 viros,
715 2296 755 2357 et
780 2272 819 2356 in
848 2272 903 2356 his
920 2275 1096 2357 Marcum
1111 2269 1308 2369 Tullium,
1332 2267 1421 2351 nihil
1442 2270 1506 2352 mi·

62 2411 135 2469 nus
158 2413 303 2474 secutos
319 2383 427 2471 fuisse
443 2386 557 2472 doces
573 2447 584 2491 ,
600 2415 716 2501 quam
740 2387 779 2473 id
802 2380 996 2474 consilium
1018 2390 1067 2475 de
1089 2388 1206 2502 longo
1234 2410 1405 2497 tempore
1421 2412 1504 2497 pro

63 2501 252 2588 trahendo
281 2503 461 2589 librorum
486 2503 668 2606 editioni,
696 2502 805 2620 quod
828 2505 1010 2590 Horatius
1037 2504 1076 2588 in
1103 2506 1205 2586 Arte
1228 2502 1383 2586 Portica
1412 2528 1505 2613 pro*-

63 2615 197 2724 bavit‚
222 2645 261 2705 et
285 2649 362 2736 ego
389 2619 462 2705 tuis
490 2619 683 2732 postulatis
713 2620 956 2733 objiciebam.
988 2627 1039 2706 Et
1063 2618 1170 2705 simul
1191 2647 1281 2702 eum
1309 2615 1502 2724 libellum,

63 2733 132 2847 qui
153 2735 299 2822 utinam
326 2737 462 2853 dignus
485 2759 579 2821 esset
603 2736 783 2850 opinione
810 2762 877 2824 tua
893 2766 947 2843 ,a
974 2738 1097 2823 multis
1120 2732 1283 2820 affirmas
1307 2732 1502 2820 desiderari

64 2849 142 2961 ejus
167 2855 307 2940 ordinis
334 2852 575 2956 hominibus,
602 2876 647 2938 ut
672 2854 837 2968 ipsorum
863 2855 1022 2941 honesta
1055 2851 1233 2940 desideria
1260 2851 1502 2937 commodita-

62 2987 196 3082 tesque
220 2968 363 3055 differre
390 2994 522 3055 contra
549 2965 714 3055 officium
741 3000 818 3057 esse
841 2971 1040 3058 videatur.
1071 2976 1159 3104 Ego
1187 2996 1281 3061 vero
1302 2991 1346 3053 ut
1363 2967 1428 3054 tibi
1451 2997 1501 3054 as·

61 3083 232 3190 sentior,
249 3082 356 3171 luisse
387 3087 487 3174 viros
512 3110 767 3201 praestantes,
790 3086 858 3204 qui
887 3087 1077 3174 conlectos
1098 3086 1210 3172 libros
1234 3084 1417 3199 paulisper
1445 3084 1499 3172 in·

67 3222 126 3285 tra
154 3200 386 3289 domesticos·
401 3203 557 3317 parietes
580 3204 857 3290 continuerint:
874 3207 925 3292 sic
947 3233 1009 3290 me
1033 3203 1083 3288 ab
1104 3202 1252 3288 illorum
1280 3201 1418 3318 ingenii
1432 3201 1498 3286 do

61 3318 276 3434 ctrinaeque
303 3314 587 3436 magnitudine,
603 3321 664 3405 cui
685 3321 763 3434 iure
788 3347 936 3437 poterat
959 3321 1105 3407 licentia
1120 3318 1345 3435 properandi
1370 3346 1501 3404 conce·
1614 3425 1616 3430 Ι

60 3430 127 3541 di,
144 3433 354 3554 longissime
381 3438 507 3522 abesse
534 3465 614 3521 non
640 3438 807 3554 ignoro:
838 3465 1058 3555 certumque
1080 3436 1204 3522 habeo
1232 3434 1371 3520 nemini
1398 3434 1498 3520 lenta

58 3548 101 3633 in
128 3550 204 3636 hoc
235 3582 371 3670 genere
399 3553 577 3658 consilia,
608 3578 724 3670 atque
756 3586 901 3641 moram
932 3556 1102 3642 editionis
1130 3552 1327 3639 nocuisse.
1359 3551 1432 3635 Sed
1454 3574 1498 3635 ru

58 3663 205 3752 nullam
234 3671 505 3758 exorsationem
527 3669 724 3757 admittens
746 3702 857 3789 urges
882 3672 993 3758 eriam
1018 3699 1120 3756 nunc
1142 3667 1404 3756 recentioribus
1428 3667 1499 3752 ho·

60 3782 210 3869 minum
231 3786 432 3875 doctorum
449 3849 464 3893 ,
479 3786 545 3872 sed
560 3812 687 3875 tamen
704 3789 765 3876 vel
791 3819 919 3875 morae
944 3787 1214 3903 impatientium
1231 3783 1318 3891 ‚vel
1333 3784 1499 3870 ambitio

60 3928 191 3987 sorum
223 3905 426 4020 exemplis,
444 3905 519 3989 huc
533 3903 703 4016 adjiciens
725 3906 794 4011 id,
819 3907 928 4022 quod
949 3933 1011 3991 me
1026 3905 1088 3990 vel
1112 3904 1151 3989 in
1179 3902 1302 4019 primis
1333 3929 1499 3986 commo
1541 3961 1548 3969 ,

64 4016 148 4122 vit,
171 4047 253 4106 non
279 4051 356 4108 esse
383 4050 462 4106 rem
478 4023 552 4134 jam
567 4021 726 4106 omnino
748 4022 932 4140 integram
948 4083 961 4127 ,
976 4052 1064 4108 cum
1085 4022 1184 4108 idern
1207 4046 1324 4103 manu
1346 4019 1499 4134 scriptus

61 4129 204 4219 libellus
222 4138 327 4223 velut
354 4137 602 4222 humilitatem
630 4139 746 4223 scrinii
770 4140 886 4225 nostri
911 4164 1127 4253 pertaesus,
1152 4159 1192 4220 et
1214 4134 1407 4221 ambitiose
1434 4164 1501 4219 cu·

60 4248 168 4362 piens
194 4254 405 4342 urblimiora
432 4277 472 4340 et
493 4254 707 4371 augustiora
730 4255 814 4342 loca
838 4257 965 4343 videre
981 4317 994 4361 ‚
1011 4282 1072 4339 me
1101 4252 1379 4368 propemodum
1408 4252 1503 4339 invi·

1444 4395 1503 4475 to,

101 4600 124 4645 ἱ
163 4601 309 4663 Desnmta
328 4616 372 4664 est
393 4606 466 4666 haec
490 4605 625 4682 Epistola
647 4594 683 4665 οὶ
701 4605 829 4665 editione
849 4606 983 4666 Romana
1007 4602 1075 4663 anni
1095 4623 1236 4665 unnxxv.
1257 4603 1294 4660 In
1316 4601 1432 4676 reliquls
1451 4599 1505 4658 de·

58 4682 204 4741 alderatui·
216 4725 229 4758 ‚
243 4687 286 4742 uti
309 4700 339 4743 et
356 4689 448 4746 Index
468 4705 563 4744 rernm
577 4704 672 4760 ,quae
694 4687 725 4742 in
749 4689 838 4743 tribus
854 4688 935 4762 hujus
954 4687 1074 4763 Dialogl
1094 4687 1174 4744 libris
1192 4684 1403 4754 continentur,
1422 4697 1506 4754 quem

60 4778 116 4820 nos
136 4765 195 4823 suis
214 4767 288 4825 locis
310 4766 348 4823 ad
366 4784 448 4824 oram
463 4765 598 4841 cujusque
618 4765 739 4840 paginae
757 4768 930 4840 aptavimus.
