4006 5850
618 365 969 438 trannin
1152 368 1154 383 ⁴
1426 374 1496 463 ,o

74 493 346 586 Posterioribus
358 489 460 577 enim
475 485 619 605 legibus
636 487 775 602 priores
788 486 849 573 vel
864 489 1038 606 abrogari
1063 490 1215 597 solent,
1243 490 1307 580 vel
1335 491 1523 605 declarari,

80 641 200 702 none
216 613 377 699 diverso.
406 612 497 693 Hoc
512 631 641 694 autem
673 630 913 721 praeceptum
942 636 1031 692 cum
1060 609 1243 695 habeatur
1272 611 1309 695 in
1338 616 1525 700 Deutero-

79 731 240 835 nomio,
267 727 450 846 posterius
475 753 553 811 esse
578 748 724 810 certum
753 749 840 828 est,
866 723 933 809 nisi
963 722 1063 811 sorte
1088 729 1164 813 vim
1190 728 1328 812 Graeci
1353 734 1527 819 vocabuli

77 847 291 953 nescimus,
308 873 348 935 et
363 842 668 931 Deuteronomio
700 839 897 960 significari
917 844 1121 929 secundam
1142 845 1271 961 <legem
1295 845 1524 963 ignoramus.

78 968 329 1082 Quamquam
351 962 563 1076 bocipsum
587 985 859 1076 praeceptum,
882 960 912 1044 si
925 987 1143 1075 temporum
1175 965 1395 1052 memoriam
1420 969 1527 1084 repli-

76 1113 165 1171 care
180 1084 323 1189 libeat,
352 1081 475 1167 multo
492 1078 604 1164 etiarn
622 1104 711 1164 anre
730 1078 859 1165 datam
873 1078 973 1164 illam
989 1078 1119 1196 legem
1138 1081 1380 1167 observatum
1408 1113 1432 1169 a
1459 1086 1527 1201 piis

81 1228 199 1318 atque
220 1201 352 1286 sanctis
369 1198 453 1287 viris
473 1193 583 1282 fuisse
600 1197 843 1311 reperiemus.
875 1199 1054 1313 legimus
1079 1199 1179 1284 enim
1201 1199 1239 1284 in
1266 1230 1453 1286 sacrarum
1469 1204 1528 1293 lit-

81 1340 248 1406 terarum
257 1315 511 1405 monumentis
525 1338 680 1403 mortuo
687 1318 770 1400 Her
783 1314 1035 1432 primogenito
1044 1317 1167 1428 Judae
1182 1322 1407 1433 praecepisse
1422 1320 1527 1410 hunc

84 1440 197 1523 Onae
212 1434 293 1520 filio
309 1434 437 1540 alteri,
453 1457 498 1518 ut
512 1434 709 1540 Thamar,
731 1461 848 1547 quam
864 1431 922 1517 ille
938 1433 1015 1518 sine
1031 1433 1150 1519 liberis
1174 1435 1399 1551 reliquerat,
1425 1467 1525 1526 asso·

79 1555 197 1640 ciaret
215 1552 284 1644 sibi
300 1614 313 1659 ,
342 1579 545 1666 semenque
559 1545 664 1635 fratri
679 1577 726 1634 ex
741 1577 787 1634 ea
799 1548 999 1636 suscitaret.
1031 1555 1089 1637 Ut
1102 1551 1251 1638 credere
1264 1551 1319 1638 fas
1332 1555 1377 1662 sit
1394 1616 1408 1661 ,
1424 1586 1525 1671 prae·

79 1697 238 1785 ceptum
252 1671 358 1775 hoc,
377 1669 527 1785 quode
554 1667 769 1784 longissima
785 1692 971 1756 vetustate
997 1694 1085 1755 ante
1101 1670 1221 1786 legem
1248 1672 1452 1759 Leviticam
1469 1705 1527 1761 re-

82 1791 244 1904 petitum
263 1846 277 1892 ,
294 1812 426 1903 postea
440 1783 512 1872 fuit
534 1785 574 1868 in
592 1785 895 1872 Deuteronomio
915 1786 1093 1901 scriptura
1109 1787 1373 1876 confirmatum
1390 1853 1402 1895 ‚
1420 1795 1526 1889 nullo

85 1935 168 1994 non
200 1931 373 2022 tempore
399 1929 490 1989 ante
510 1903 633 2018 legem
661 1902 916 2018 evangelicam
945 1904 1115 2019 viguisse.
1157 1907 1231 1991 Sed
1253 1935 1378 2022 neque
1407 1907 1525 2018 illum,

82 2048 204 2141 quem
233 2024 350 2139 paulo
374 2046 461 2108 ante
482 2020 637 2134 exposui
654 2080 676 2124 ,
693 2019 881 2108 leviticae
896 2021 988 2137 legis
1013 2022 1243 2108 intellectum
1264 2029 1423 2110 maxime
1438 2059 1527 2142 pro·

79 2143 210 2256 prium
225 2170 333 2247 csse,
361 2168 406 2225 ac
431 2137 777 2253 interpretationem
795 2139 1209 2246 convenientissimam,
1236 2143 1329 2229 volo
1345 2143 1452 2231 nobis
1483 2143 1536 2231 fi-a.

17 2286 19 2296 ·
79 2259 178 2347 :dem
191 2256 359 2345 adhiberi
379 2316 393 2362 ,
415 2266 723 2372 quantacumque
753 2255 898 2341 ratione
927 2258 1247 2363 asseverantibus,
1266 2260 1331 2344 nisi
1347 2264 1525 2376 Auguri-

79 2392 209 2481 num,
234 2375 423 2459 cuinemo
440 2395 565 2489 potest
577 2401 668 2457 xcum
680 2372 828 2489 pudore
843 2370 858 2486 (
872 2401 922 2457 ne
938 2373 1088 2480 dicam,
1112 2375 1192 2460 sine
1211 2376 1387 2492 crimine)
1414 2378 1526 2465 refra-

82 2493 197 2610 gari,
223 2515 418 2578 auctorem
447 2491 683 2595 habeamus,
705 2515 907 2606 utramque
936 2490 1059 2606 legem
1091 2491 1147 2577 his
1175 2493 1323 2600 verbis,
1354 2524 1454 2611 quae
1479 2527 1526 2584 cx

82 2610 200 2726 ipsius
216 2639 327 2725 supet
346 2608 554 2695 leviticum
574 2607 850 2715 commentariis
873 2607 1127 2723 descripsimus
1149 2668 1164 2716 ,
1190 2610 1524 2726 interpretantem:
1769 2675 1790 2728 s

80 2730 124 2813 S
123 2736 140 2816 i
145 2726 284 2834 fratre
297 2725 473 2843 ,inquit,
497 2741 637 2811 mortno
652 2730 943 2810 intellexerimus
952 2728 1182 2837 prohibitum
1195 2755 1275 2811 esse
1291 2728 1525 2837 ducerefta·
1554 2753 1648 2822 onnes·
1660 2753 1701 2808 σι.

80 2854 167 2931 tris
183 2873 367 2950 uxorem,
399 2852 566 2931 occurrit
580 2847 675 2927 illud
687 2903 701 2948 ,
723 2847 821 2950 qnod
832 2849 1024 2929 excitandi
1044 2853 1194 2928 seminis
1218 2853 1366 2953 cansa,
1388 2857 1433 2930 si
1461 2856 1525 2933 ille

90 2971 171 3046 sine
183 2964 288 3062 filiis
303 2960 503 3068 defmctns
518 2976 619 3044 esset
635 2962 771 3070 ,jubet
790 2970 984 3069 scriptura
1009 2989 1090 3046 esse
1102 2961 1353 3069 faciendum,
1385 2994 1432 3050 ac
1451 2986 1528 3075 per

91 3081 160 3166 hoc
176 3087 311 3167 collata
339 3088 416 3163 ista
433 3080 684 3190 prohibitione
700 3105 782 3161 cnm
811 3081 1086 3188 illojossione,
1110 3106 1154 3163 ne
1167 3086 1378 3166 adinvicem
1391 3088 1528 3168 adoer-

84 3211 222 3282 -sentnr
239 3259 253 3303 ,
279 3203 517 3306 intelligenda
533 3213 591 3280 est
603 3203 776 3305 exceptio
793 3225 803 3278 :
832 3200 877 3278 id
893 3210 983 3303 est,
1006 3223 1075 3281 non
1091 3202 1203 3281 licere
1217 3208 1390 3305 cuiqnam.
1402 3199 1529 3306 defun·

82 3314 305 3422 :ctiftatris
330 3319 464 3402 ducere
477 3341 675 3419 insuam,
706 3321 743 3396 si
764 3310 963 3418 defltnctns
981 3329 1153 3425 posteros
1175 3322 1348 3422 reliquit:
1377 3335 1443 3401 aut
1466 3334 1528 3401 et·

83 3437 371 3537 inrnillndesse
381 3435 611 3544 prohibitum
626 3493 641 3537 ,
656 3457 701 3514 ne
716 3437 849 3516 liceret
872 3434 1006 3515 docere
1018 3429 1172 3537 fratris
1192 3462 1368 3540 usnam,
1398 3442 1527 3519 etiam

80 3557 129 3635 m·
144 3575 170 3635 a
188 3549 325 3657 fratre
339 3561 436 3636 vivo
446 3570 520 3661 per
535 3552 731 3661 repudium
741 3553 973 3636 recessisset.
1005 3551 1101 3647 Quo
1116 3548 1155 3634 in
1180 3549 1267 3635 loco
1291 3580 1526 3667 quamquam

90 3695 410 3779 supervacaneum
424 3664 577 3754 sortasse
602 3664 828 3754 videaturin
849 3693 889 3751 re
906 3691 1036 3779 aperta
1052 3667 1203 3753 testibus
1218 3669 1275 3754 uti
1300 3698 1380 3754 non
1400 3698 1526 3756 neces·

86 3783 189 3869 atriis
216 3786 366 3891 ,citare
400 3811 530 3872 tanten
553 3812 702 3900 possem
733 3809 950 3900 synagogae
980 3783 1214 3897 Judaeorum
1246 3786 1525 3896 testimonium,

88 3929 192 4017 quae
212 3929 453 4018 praeceptum
470 3902 563 3989 illud
578 3902 758 3989 hactenus
773 3902 951 3988 observat
963 3902 1132 4020 religiose
1148 3963 1161 4009 ,
1176 3925 1222 3990 ut
1240 3931 1358 4018 nuper
1374 3909 1523 3992 Romae

83 4048 115 4104 a
130 4021 464 4138 Judaeorumlegis
487 4019 705 4136 peritissimis
724 4018 976 4136 perquirendo
997 4021 1216 4110 didicimus:
1242 4024 1308 4136 qui
1332 4024 1408 4108 hoc
1440 4025 1523 4139 ipso
1603 4114 1605 4118 ,

81 4141 401 4227 <annonariam
418 4138 651 4239 urbetesrati
660 4162 753 4225 sunt
773 4167 844 4223 usu
858 4136 1025 4244 venisse,
1053 4163 1097 4224 ut
1108 4138 1275 4251 ipsorum
1299 4141 1454 4254 quidam
1471 4141 1523 4229 di·

86 4252 238 4341 missam
253 4254 497 4344 afranesine
518 4256 649 4344 sobole
676 4283 834 4342 uxorem
857 4254 1011 4341 duceret
1029 4286 1039 4338 :
1060 4255 1169 4370 quod
1197 4255 1327 4371 utiquc
1356 4260 1405 4342 ab
1437 4261 1522 4375 ipsis

82 4397 174 4455 <non
201 4397 469 4487 usurparentr,
491 4373 602 4460 silex
630 4373 690 4459 illa
714 4374 812 4458 inter
840 4371 939 4487 ipsos
961 4367 1086 4458 sitisset
1118 4402 1300 4487 umquam
1328 4375 1523 4495 abrogata.

84 4491 194 4587 Nam
214 4490 282 4605 qui
301 4489 444 4608 leg'bus
469 4490 689 4610 evangelicis
736 4490 835 4575 hanc
865 4489 996 4576 dixerit
1015 4518 1092 4577 esse
1123 4491 1331 4600 sublatam,
1354 4493 1385 4578 is
1400 4495 1449 4580 de
1461 4525 1523 4581 ce·

91 4606 175 4693 teris
187 4608 361 4695 omnibus
377 4610 602 4696 matrimonii
629 4607 773 4725 bgibus
786 4608 887 4694 idern
902 4631 1041 4694 statuat
1059 4636 1203 4696 necesse
1217 4636 1274 4711 est
1290 4672 1304 4716 ,
1321 4613 1522 4727 dequibus

79 4725 153 4811 -uel
173 4725 488 4934 manfiestum
505 4722 781 4816 confirmantis
794 4723 904 4814 ndla
923 4727 1083 4817 omn'nto
1108 4728 1252 4820 mentio
1268 4750 1324 4818 est
1349 4728 1522 4820 innovo

83 4865 323 4935 testamento
577 4918 579 4921 -
663 4870 667 4876 ’
724 4914 727 4919 -
869 4876 871 4880 '
1036 4918 1040 4922 ι
1149 4918 1151 4921 .
1354 4899 1355 4902 ¹
1508 4879 1510 4883 '

1573 1289 1633 1340 Get.
1648 1293 1686 1355 ³⁸·

1448 4965 1524 5055 Sed
