4192 5880
540 379 1324 455 AEG.ALBORNOT11LIB.1.
1388 438 1389 442 ,
1585 403 1634 473 .9

200 503 378 594 'exercitui
397 503 533 592 cibaria
561 507 716 594 abunde
745 503 822 590 sine
840 502 918 588 ullo
951 502 1072 619 pretio
1099 502 1442 620 suppeditarentur.
1478 504 1659 627 'Aegiditts

204 625 367 732 litteras,
392 655 534 742 quasa
563 623 744 712 Pontifice
777 624 978 724 attulerat,
997 623 1153 738 Principi
1187 625 1334 712 reddit:
1351 627 1485 712 harum
1514 660 1660 719 summa

203 740 275 830 fuit
307 776 316 830 :
346 806 374 852 „
389 745 593 863 Aegidiurn
642 744 849 861 legatum,
881 771 997 857 quern
1028 771 1052 825 a
1079 742 1194 829 latere
1225 774 1296 829 suo
1333 746 1537 833 inltaliam
1569 777 1658 855 curn

180 864 405 972 „exercitu
435 865 599 953 mitteret
616 925 628 969 ,
648 865 698 949 acl
723 861 951 976 recipiendas
976 890 998 945 a
1025 862 1192 976 tyrannis
1217 864 1355 971 urbes,
1372 895 1472 981 quae
1509 868 1658 956 ditionis

200 1043 229 1092 „
243 1010 367 1071 essent
395 983 687 1087 ecclesiasticae,
713 981 780 1096 ipsi
809 981 923 1066 etiam
953 1006 1068 1096 atque
1092 982 1205 1067 etiam
1229 986 1521 1071 commendare:
1550 988 1657 1103 quid·

181 1161 230 1211 ·„
245 1103 340 1219 quid
369 1100 504 1190 favoris
533 1128 572 1188 et
598 1101 716 1187 auxilii
738 1102 776 1186 in
801 1128 890 1186 eum
917 1100 1159 1208 contulisset,
1175 1101 1242 1185 sibi
1269 1098 1350 1189 fore
1378 1130 1494 1218 quam
1524 1108 1653 1220 gratis·

199 1222 378 1329 „simum
394 1253 402 1304 :
421 1250 502 1306 non
523 1252 560 1307 se
586 1222 701 1307 solere
727 1242 967 1335 acceptorum
996 1217 1262 1305 beneficiorum
1288 1223 1507 1308 memoriam
1533 1225 1651 1340 depo·

200 1398 230 1445 „
245 1369 359 1446 nere,
375 1363 441 1424 aut
464 1369 541 1426 esse
566 1340 603 1425 in
629 1337 821 1426 referenda
837 1341 898 1427 vel
918 1369 1006 1423 cum
1030 1335 1187 1426 foenore
1210 1342 1328 1457 gratia
1350 1343 1554 1455 parciorem
1568 1349 1615 1427 .“

261 1461 346 1542 Vll.
407 1463 562 1545 Postero
592 1459 681 1564 die,
713 1460 780 1574 qui
815 1454 885 1544 lixit
915 1458 1079 1544 decimus
1116 1459 1291 1572 septimus
1314 1459 1473 1548 Kalend.
1505 1462 1647 1547 Octob.

195 1606 287 1664 cum
316 1578 411 1663 lecta
439 1577 594 1692 epistola
630 1577 804 1692 Princeps
841 1578 984 1663 adesset
1016 1638 1028 1682 ,
1060 1577 1237 1693 Aegidius
1277 1579 1426 1692 insuper
1462 1579 1650 1666 Pontificis

198 1698 380 1787 mandata
403 1698 583 1811 exponit:
617 1699 814 1803 „Quanta
836 1724 1029 1811 quamque
1058 1694 1153 1809 justa
1176 1720 1270 1781 esset
1285 1695 1471 1782 Pontificis
1487 1698 1648 1815 indigna·
1663 1721 1780 1808 retiari}
1797 1720 1842 1768 Ar·

199 1875 228 1923 „
241 1816 297 1902 tio
320 1816 358 1900 in
385 1840 568 1930 tyrannos
584 1878 596 1922 ,
613 1817 679 1932 qui
702 1814 807 1901 nullo
834 1843 903 1900 nec
920 1813 1149 1900 Christianae
1176 1815 1379 1933 Religionis
1395 1876 1408 1922 ,
1424 1845 1494 1902 nec
1524 1816 1651 1936 legum
1664 1781 1842 1907 Slidblll·

199 1935 492 2041 „humanarum
525 1959 693 2051 respectu
735 1934 988 2021 ecclesiasticas
1027 1935 1136 2019 urbes
1178 1958 1439 2051 occupassent.
1477 1935 1540 2020 Ad
1580 1920 1711 2024 hosii

201 2112 229 2157 „
243 2053 481 2169 depellendos
503 2084 682 2172 magnam
702 2054 740 2138 in
767 2054 874 2168 ipsius
891 2051 1165 2166 Archiepiscopi
1186 2051 1261 2138 lide
1288 2083 1391 2167 spem
1404 2051 1650 2163 Pontificem,

199 2201 326 2278 „cum
352 2201 438 2259 eam
460 2175 734 2288 expeditionem
766 2173 983 2277 moliretur,
1000 2172 1221 2257 collocasse.
1253 2173 1416 2258 Proinde
1449 2172 1649 2282 obtestari,

199 2350 228 2399 „
241 2316 286 2377 ut
312 2292 450 2377 Christi
470 2292 636 2398 vicario,
666 2290 793 2377 omnia
824 2290 873 2377 de
907 2291 987 2405 ipso
1017 2289 1084 2376 sibi
1112 2289 1373 2406 promittenti,
1398 2319 1447 2375 ne
1485 2291 1642 2379 deesset:

200 2410 410 2515 „ecclesiae
441 2473 453 2517 ,
485 2410 587 2523 cujus
612 2412 687 2525 ipse
721 2412 824 2496 bona
857 2439 940 2524 pars
971 2436 1064 2495 esset
1087 2435 1099 2516 ,
1125 2409 1308 2494 laboranti
1346 2435 1386 2494 et
1427 2408 1466 2492 in
1502 2406 1651 2514 ruinam

200 2529 427 2643 „praecipiti
451 2536 739 2616 succurreret.“
772 2529 923 2624 Quibus
951 2527 1111 2628 auditis,
1129 2528 1300 2643 Princeps
1324 2526 1443 2613 multa
1464 2527 1572 2613 simul
1608 2559 1648 2615 a·

199 2649 305 2731 nimo
331 2647 502 2764 agitans,
532 2673 725 2766 pugnante
748 2647 916 2732 videlicet
944 2675 1032 2729 cunt
1060 2646 1240 2761 petitione
1266 2647 1425 2733 honesta
1461 2674 1511 2731 eo
1540 2646 1648 2734 timo
1740 2708 1749 2728 t

198 2793 266 2869 re,
283 2793 331 2850 ne
363 2765 550 2852 debellatis
572 2766 737 2881 tyrannis
751 2826 763 2870 ,
777 2767 852 2880 ipse
876 2793 1033 2881 quoque
1053 2764 1293 2870 bononiam,
1317 2794 1417 2881 quae
1444 2763 1571 2850 itidem
1599 2767 1650 2852 ab

200 2883 282 2998 ipso
322 2912 506 2999 occupata
546 2889 596 2972 ad
625 2884 812 2972 ecclesiam
844 2885 1051 2998 pertinebat
1080 2944 1092 2988 ,
1119 2884 1329 2971 amitteret.
1362 2887 1552 2998 „Semper
1581 2912 1648 2991 se,

200 3063 227 3111 „
240 3003 461 3116 respondit,
486 3003 672 3090 Pontificis
695 3003 882 3115 voluntari
913 2999 1020 3088 luisse
1049 3001 1423 3116 obsequentissimum
1438 3029 1450 3102 3
1467 3002 1559 3117 quia
1590 3027 1646 3113 ta-

200 3149 329 3226 „men
352 3149 397 3205 ea
420 3151 476 3207 res
499 3122 617 3208 ardua
639 3123 900 3239 pergravisque
933 3145 1027 3205 esset
1055 3181 1067 3225 ,
1091 3121 1141 3205 ad
1169 3121 1451 3215 deliberandum
1484 3151 1523 3205 se
1548 3120 1648 3207 diem

201 3296 231 3346 „
243 3263 475 3325 sumturum.
495 3246 522 3291 “
570 3241 753 3326 Postridie
804 3269 970 3327 reversus
1007 3238 1233 3345 incertum,
1275 3267 1326 3322 an
1357 3241 1409 3324 rei
1451 3236 1649 3325 honestate
1733 3242 1736 3248 '

199 3356 321 3445 victus
340 3418 353 3463 ,
370 3388 419 3442 an
443 3356 551 3473 quod
576 3390 599 3444 a
626 3356 814 3446 Pontificis
837 3358 1033 3447 voluntate
1064 3386 1145 3441 non
1165 3357 1321 3442 auderet
1349 3356 1566 3467 dissentire,
1590 3387 1645 3442 re·

201 3475 354 3592 spondit
388 3509 397 3561 :
427 3538 453 3582 „
466 3477 611 3563 Bellum
644 3477 826 3593 quidem,
855 3477 963 3592 quod
987 3500 1120 3562 contra
1146 3476 1283 3561 multos
1312 3475 1420 3561 simul
1446 3500 1486 3560 et
1515 3499 1648 3589 poten·

159 3645 161 3650 ·
203 3618 298 3701 „tes
320 3620 500 3708 tyrannos
515 3657 531 3702 „
552 3596 694 3712 quique
725 3595 858 3710 partim
883 3595 955 3703 iam
981 3595 1021 3678 in
1056 3594 1165 3679 armis
1191 3622 1280 3680 curn
1305 3623 1421 3678 manu
1452 3621 1533 3677 non
1557 3620 1649 3678 con·

203 3771 232 3820 „
244 3715 445 3800 temnenda
470 3743 590 3800 essent
607 3777 618 3820 ,
634 3714 817 3816 iniretur,
830 3710 1082 3799 difficillimum
1105 3712 1223 3800 videri
1238 3742 1252 3816 ·,
1269 3740 1317 3797 se.
1340 3737 1495 3817 tamen,
1521 3740 1650 3827 quem·

202 3857 407 3948 „cumque
432 3859 613 3937 eventurn
634 3829 787 3919 fortuna
815 3832 965 3936 tulerit,
987 3831 1174 3945 quidquid
1201 3832 1241 3916 in
1274 3858 1313 3916 se
1343 3831 1424 3945 opis
1460 3853 1500 3915 et
1531 3829 1651 3916 auxilii

174 4008 230 4056 v„
243 3943 373 4056 fuerit,
405 3950 442 4036 in
470 3950 640 4038 ecclesiae
665 3950 1040 4069 dignitatemrlibenti
1064 3950 1193 4036 animo
1218 3978 1296 4034 esse
1318 3949 1649 4035 collocaturum.“

198 4071 379 4186 Pergrata
401 4065 471 4155 fuit
485 4070 648 4187 Aegidio
663 4069 835 4183 Principis
862 4067 1082 4183 responsio,
1098 4098 1147 4155 eo
1173 4068 1290 4184 magis
1307 4127 1320 4171 ,
1335 4066 1445 4182 quod
1466 4066 1655 4152 intellexe-

199 4210 260 4272 rat
278 4249 289 4291 ,
306 4187 433 4302 paucis
459 4214 561 4275 ante·
575 4189 704 4277 diebus
737 4187 915 4275 Francisci
937 4188 1099 4273 Estensis
1126 4212 1166 4274 et
1195 4186 1481 4272 Malatestarum
1513 4185 1564 4269 ad
1581 4191 1652 4280 Ar-

202 4304 483 4423 chiepiscopum
510 4307 654 4424 legatos
676 4307 899 4395 Mediolano
930 4307 1157 4414 discessisse,
1186 4330 1225 4391 et
1250 4305 1417 4421 proxime
1449 4334 1473 4388 a
1503 4305 1654 4416 Joanne

200 4421 302 4506 Vico
326 4448 365 4509 et
389 4455 413 4509 a
435 4425 602 4539 tyrannis
617 4427 801 4532 Porilivii,
824 4430 1057 4531 Ravennae,
1080 4425 1279 4512 Faventiae
1302 4423 1512 4510 advenisse.
1546 4421 1657 4518 Quid

200 4538 316 4657 legati
337 4568 425 4625 curn
443 4544 733 4661 Archiepiscopo
761 4544 948 4662 egissent,
964 4543 1076 4632 valde
1107 4545 1324 4650 metuebat.
1357 4548 1440 4628 Nec
1459 4541 1559 4627 enim
1589 4541 1654 4626 du·

201 4659 347 4748 bitabat
371 4689 395 4744 a
418 4663 584 4775 tyrannis
611 4694 682 4750 suo
706 4662 876 4750 adventu
897 4663 1124 4771 commotis,
1150 4663 1200 4752 ad
1224 4662 1455 4779 captandum
1472 4659 1655 4775 ,Principis

204 4771 376 4863 favorem
394 4779 493 4882 ,hos
522 4777 630 4868 luisse
645 4782 812 4870 dimissos
830 4813 841 4868 t
857 4781 941 4870 licet
958 4782 1269 4899 Archiepiscopus
1277 4783 1524 4916 interrogatus
1547 4779 1658 4864 aliam

204 4901 632 5105 cetgrp'gutanadvenms
662 4929 812 4997 causam
834 4901 1001 4998 simulate
1016 4899 1217 5038 reddiderit
1231 4934 1241 4988 ε
1248 4930 1348 5108 Bnarn
1363 4898 1658 5104 Pnncipumvgp-
