4006 5850
496 348 564 435 506
789 343 857 415 DE
884 341 1015 412 FATO
1044 343 1109 412 ET
1132 342 1312 416 LIBERO
1339 343 1579 417 ARBITRIO

471 471 539 562 'Ad
553 472 655 557 hunc
670 471 782 590 igitur
801 470 961 558 modum
976 469 1195 588 interrogati
1209 471 1469 587 respondent,
1493 469 1634 556 idcirco
1652 469 1774 556 deum
1793 471 1847 556 sic
1873 499 1928 556 re·

477 590 667 704 spondisse
691 592 814 704 Laio,
840 614 883 675 ut
904 618 1003 705 quae
1026 585 1107 675 fato
1137 584 1266 675 lutura
1297 613 1434 692 etant,
1467 588 1792 704 adimplerentur.
1831 592 1929 675 Nam

479 736 578 822 quae
595 708 643 793 de
663 710 755 823 Laio
770 731 886 821 atque
902 708 1056 821 Oedipo
1072 731 1452 812 commemorantur,
1478 736 1560 791 non
1585 702 1697 792 fuisse
1723 732 1927 814 eventura,

480 825 548 911 nisi
568 829 709 941 Apollo
722 857 771 913 eo
788 827 909 912 modo
925 826 1187 940 respondisset.
1220 830 1361 940 Neque
1377 825 1477 910 enim
1503 824 1613 934 Laius
1632 823 1790 929 filium,
1813 854 1926 940 quem

481 943 603 1029 ebrius
620 969 828 1062 genuerat,
849 944 1076 1061 exposuisset
1090 1005 1102 1051 ,
1129 971 1199 1030 nec
1214 942 1272 1028 ille
1289 972 1313 1025 a
1338 965 1487 1058 pastore
1503 942 1663 1028 traditus
1680 942 1836 1056 Polybo
1850 946 1924 1029 Co

479 1062 648 1169 cinthio,
665 1064 795 1151 adulta
810 1088 931 1149 aetate
950 1087 1124 1177 patrem,
1148 1062 1210 1148 cui
1224 1063 1359 1178 ignoro
1375 1059 1528 1176 ignotus
1541 1061 1701 1148 obviam
1721 1057 1845 1146 lactus
1858 1088 1927 1169 est,

482 1178 724 1268 interemisset
741 1245 754 1287 ,
771 1208 896 1295 neque
912 1206 1083 1296 parentes
1099 1180 1206 1266 domi
1221 1179 1403 1265 educatus
1430 1179 1635 1296 ignorasset
1663 1240 1678 1284 ,
1707 1203 1756 1263 ut
1782 1204 1929 1293 propter

484 1296 760 1413 ignorationem
779 1299 936 1386 alterum
959 1299 997 1382 in
1019 1299 1081 1384 via
1097 1298 1315 1402 occideret,
1340 1295 1492 1382 alteram
1509 1325 1667 1382 uxorem
1686 1296 1861 1384 duceret.
1878 1297 1928 1385 Ut

484 1416 579 1503 haec
603 1418 714 1534 igitur
729 1418 1020 1532 adimplerentur
1037 1475 1052 1522 ,
1067 1440 1226 1532 totaque
1241 1412 1359 1499 fatalis
1375 1409 1501 1499 fabula
1517 1440 1798 1531 perageretur,
1824 1417 1929 1504 deum

486 1535 643 1621 tradunt
657 1565 723 1650 per
747 1534 961 1646 hujusmodi
985 1563 1203 1649 responsum
1234 1532 1392 1647 speciem
1420 1533 1514 1647 Lajo
1544 1533 1795 1649 praebuisse,
1830 1536 1930 1650 quasi

489 1681 589 1766 quae
608 1655 950 1767 portenderentur,
969 1648 1135 1769 effugere
1148 1678 1264 1768 atque
1281 1651 1420 1738 evitare
1447 1676 1586 1766 posset.
1618 1656 1679 1736 lta
1695 1673 1929 1766 procreatum

489 1799 555 1882 pet
572 1772 788 1857 ebrietatem
805 1769 920 1856 filium
940 1770 1174 1883 exposuisse,
1204 1770 1297 1855 dum
1316 1789 1480 1885 putatse
1496 1769 1739 1856 venientibus
1757 1770 1856 1855 malis
1881 1772 1928 1858 ad

489 1887 591 1975 hunc
607 1889 767 1975 modum
784 1915 1007 1992 occurrere,
1027 1916 1127 2002 quae
1140 1888 1296 2004 quidem
1325 1886 1506 2001 expositio
1522 1886 1665 2002 Oedipi
1684 1949 1696 1994 ,
1723 1913 1841 2003 caput
1864 1884 1928 1974 fuit

490 2033 530 2091 et
546 2001 660 2113 fons,
686 2007 788 2092 unde
817 2005 953 2091 scelera
980 2005 1137 2111 omnia,
1161 2034 1293 2092 omnes
1319 2004 1524 2118 impietates
1539 2029 1579 2090 et
1609 2005 1780 2092 incestus
1809 2006 1927 2123 tragici

491 2149 704 2209 manarunt.
739 2126 853 2218 Quae
869 2122 936 2239 qui
951 2121 999 2205 ad
1017 2122 1121 2207 hunc
1136 2124 1296 2209 modum
1313 2123 1544 2229 edisserunt,
1567 2140 1653 2238 quo
1669 2149 1785 2238 pacto
1797 2125 1927 2211 divita-

405 2263 406 2267 ‘
491 2239 633 2325 tionem
653 2241 807 2354 ejusque
823 2239 1138 2347 commoditates,
1166 2243 1387 2326 acdeorum
1411 2238 1638 2326 inhomines
1666 2243 1839 2357 pietatem
1860 2267 1925 2327 ru·

492 2384 654 2463 eantur,
682 2359 747 2472 ipsi
763 2358 954 2444 viderint:
990 2357 1080 2443 mihi
1097 2384 1197 2444 certe
1229 2357 1294 2444 tali
1321 2358 1503 2444 sententia
1529 2385 1669 2443 cuncta
1698 2361 1796 2445 haec
1819 2360 1927 2447 everti

493 2500 608 2591 atque
634 2504 809 2562 corruere
826 2476 1015 2567 videntur.
1046 2479 1149 2560 Nam
1166 2474 1352 2575 divinatio
1368 2476 1461 2589 quid
1481 2495 1559 2562 esse
1576 2476 1680 2563 aliud
1709 2479 1926 2596 intelligitur,

493 2623 610 2708 quam
630 2589 846 2679 futurorum
862 2593 1136 2709 praenuntiatio
1154 2601 1165 2677 ἓ
1197 2597 1250 2679 At
1266 2593 1322 2680 isti
1337 2622 1418 2679 non
1434 2593 1762 2707 praemonitorem
1795 2599 1929 2710 Apolli·

493 2739 581 2797 nem
599 2772 612 2816 ,
637 2712 875 2817 sedentum,
894 2740 995 2826 quae
1012 2711 1218 2823 praedicit,
1235 2739 1383 2795 causam
1400 2735 1439 2796 et
1452 2710 1820 2800 auctoremfaciunt.
1834 2721 1929 2800 Nam

495 2856 594 2941 quae
610 2857 691 2914 non
717 2829 821 2916 aliter
836 2824 962 2914 futura
989 2853 1096 2913 erant
1125 2890 1138 2934 ,
1159 2829 1319 2943 quamsi
1336 2829 1428 2915 deus
1449 2858 1498 2915 eo
1527 2832 1650 2919 modo
1668 2833 1927 2947 respondisset,

494 2943 613 3029 immo
628 2975 727 3060 quae
744 2971 786 3033 ut
799 2944 1088 3062 perficerentur,
1110 2946 1203 3031 deus
1231 2945 1282 3031 ira
1305 2947 1497 3058 respondit
1520 3008 1533 3052 ,
1556 2976 1601 3035 ea
1618 2949 1800 3064 profecto
1822 2952 1930 3036 adeo

482 3090 573 3148 non
597 3065 855 3176 praenuntiata
880 3061 1141 3180 praedictaque
1169 3059 1306 3170 fuisse,
1327 3063 1393 3150 sed
1408 3061 1580 3151 confecta
1609 3069 1662 3152 ab
1695 3068 1838 3155 eodem
1856 3098 1930 3186 per·

492 3204 652 3295 actaque
668 3178 775 3268 fateri
788 3181 980 3269 convenit.
1132 3280 1134 3282 q

479 3346 482 3352 ·
551 3299 639 3382 XX.
700 3301 823 3395 Quod
844 3299 874 3385 si
889 3299 981 3387 deos
995 3298 1122 3385 ceteris
1151 3300 1298 3388 vatibus
1328 3299 1456 3417 aliquo
1472 3326 1658 3415 praestare
1674 3334 1749 3417 par
1781 3332 1866 3413 est,
1892 3332 1930 3393 ut

481 3439 593 3506 certe
603 3440 688 3520 est,
717 3418 756 3503 in
779 3446 827 3502 eo
850 3412 1021 3532 prolecto
1051 3416 1237 3531 praestant
1264 3417 1325 3506 vel
1338 3418 1377 3504 in
1402 3419 1526 3532 primis
1542 3479 1556 3526 ,
1572 3423 1684 3535 quod
1703 3427 1930 3530 mortalibus,

496 3561 540 3619 ut
560 3531 654 3619 fiant
670 3535 782 3620 etiam
807 3560 988 3623 votorum
1010 3562 1236 3649 compotes,
1265 3536 1522 3649 opitulentur,
1551 3566 1631 3623 non
1657 3542 1775 3654 quod
1804 3543 1931 3629 cosin

424 3720 425 3723 a
491 3680 689 3736 aerumnas
720 3677 759 3738 et
787 3652 1012 3737 calamitates
1043 3652 1254 3738 inducant.
1285 3656 1386 3738 Cum
1410 3654 1567 3741 istorum
1586 3657 1739 3742 interim
1763 3689 1930 3746 sermone

491 3790 641 3854 tantum
656 3771 781 3875 absit,
807 3795 850 3856 ut
879 3769 1035 3885 Pythius
1050 3770 1144 3879 [ajo
1165 3769 1275 3856 fuerit
1291 3771 1495 3887 opitulatus
1518 3834 1532 3879 ,
1551 3800 1596 3858 ut
1619 3805 1742 3864 omne
1772 3780 1932 3865 studium

491 3914 724 4002 omnemque
755 3911 935 3977 conatum
961 3915 1010 3972 eo
1039 3888 1265 3992 contulerit,
1291 3912 1334 3972 ut
1361 3889 1507 3975 nullum
1539 3908 1633 3978 esset
1654 3894 1808 4000 scelus,
1834 3897 1931 3980 nulla

485 4026 598 4093 tanta
615 4003 810 4118 impietas,
834 4035 910 4120 qua
926 4005 1003 4118 ipse
1025 4004 1213 4121 ipsiusque
1229 4005 1368 4092 domus
1395 4036 1475 4092 non
1492 4009 1741 4124 pollueretur.
1766 4016 1879 4108 Quae
1904 4015 1932 4098 si

484 4150 580 4209 -vera
597 4121 690 4228 sint,
718 4123 821 4208 haud
839 4122 1014 4237 equidem
1031 4123 1144 4208 video
1172 4185 1184 4228 ,
1209 4123 1411 4238 quomodo
1440 4130 1840 4246 sententia'Epicuri‚
1872 4133 1930 4249 qui

488 4240 649 4325 deorum
668 4241 763 4326 tollit
786 4239 1084 4354 providentiam,
1109 4269 1189 4326 non
1203 4240 1284 4354 plus
1299 4241 1438 4328 habear
1453 4245 1600 4357 pietatis
1616 4308 1628 4353 ,
1645 4274 1718 4334 aut
1734 4279 1804 4336 cur
1817 4251 1930 4339 omnis

392 4390 393 4393 ¹
489 4358 673 4443 temeritas
691 4358 754 4443 tali
771 4358 1029 4472 providentiae
1045 4388 1125 4442 non
1142 4359 1256 4475 longe
1272 4359 1409 4446 debeat
1425 4359 1611 4448 anteferri.
1645 4368 1726 4454 Sed
1750 4368 1846 4457 istos
1866 4348 1928 4483 i²¹¹¹

487 4499 575 4556 cum
604 4471 675 4558 suis
698 4473 883 4590 figmentis
904 4477 1060 4562 omissos
1089 4473 1297 4581 faciamus,
1326 4507 1492 4591 quorum
1521 4482 1648 4568 studio
1679 4486 1867 4576 vincendi
1886 4517 1925 4573 to

484 4589 661 4705 processit
677 4592 901 4703 pertinacia,
929 4592 1018 4679 ursi
1037 4625 1152 4709 quarn
1169 4594 1278 4679 aliam
1303 4591 1471 4682 fabulam
1501 4600 1599 4684 nacti
1621 4598 1768 4690 luerint
1785 4636 1835 4693 ex
1857 4634 1922 4692 rra·

480 4709 569 4824 gicis
585 4709 764 4822 portentis
781 4718 1005 4823 po'e'tarum,
1036 4712 1124 4797 nihil
1152 4712 1226 4797 sint
1253 4715 1479 4819 recusaturi,
1509 4719 1720 4831 quominus
1746 4749 1789 4810 ct
1820 4724 1921 4809 fidem

478 4827 709 4938 adhibeant,
735 4855 775 4917 et
789 4829 878 4918 inde
893 4824 1043 4916 fatalem
1067 4831 1322 4946 necessitatem
1345 4831 1569 4925 confirmate
1594 4865 1807 4930 conentur.
1840 4849 1923 4929 Non

1866 4958 1919 5049 vel
