4050 5858
691 421 894 498 truta
939 428 968 495 1.
1456 457 1526 523 229

105 566 168 646 cta
198 552 421 671 perdiscere.
460 548 558 639 'nm
582 552 665 664 Ipse
699 548 944 635 hauddubie
975 554 1221 638 Democrates
1247 579 1322 644 est.

159 676 226 759 lV.
285 675 326 757 0
342 671 463 775 salve,
479 674 747 754 Democrates:
764 667 991 752 incolumem
1012 694 1052 754 te
1067 699 1090 753 a
1106 674 1325 760 Pannonico
1348 673 1448 765 bello
1470 682 1551 768 red·

103 790 180 876 iisse
204 790 396 907 gratulor.
430 791 531 871 Dan.
563 790 628 869 Tu
650 813 835 900 quoque,
854 779 1043 890 Alfonse,
1071 786 1194 872 salvus
1216 790 1286 876 sis.
1328 797 1414 879 Atr.
1435 802 1554 884 Estne

97 937 259 1012 verum,
276 906 384 1024 quod
400 905 520 991 modo
545 902 635 987 mihi
657 901 839 988 referebat
851 903 1091 1016 Leopoldus‚
1108 911 1318 993 Turcarum
1328 913 1552 1021 sexercinrm,

99 1026 276 1112 nondum
303 1026 396 1109 tuba
411 1047 627 1109 nostrorum
654 1020 810 1121 audita,
828 1047 866 1104 se
887 1014 1001 1135 fugae
1027 1023 1246 1111 mandasse!
1277 1031 1378 1113 Dm.
1404 1036 1474 1115 Est
1488 1059 1553 1119 ve·
1593 1023 1598 1030 ’

98 1170 145 1229 ro
170 1143 316 1230 verius.
359 1146 448 1226 Art.
481 1145 660 1257 Agnosco
691 1137 819 1222 Caroli
844 1137 1011 1223 Caesaris
1037 1134 1256 1225 fortunam.
1290 1149 1393 1230 Dru.
1421 1151 1555 1264 Agno-

99 1287 162 1344 sce
187 1284 227 1346 et
258 1258 493 1344 industriam.
522 1262 581 1342 Ea
608 1267 775 1370 namque
790 1254 989 1368 prudentia
1013 1256 1198 1345 exciverat
1220 1290 1376 1378 magnas
1393 1268 1554 1351 Germa·

101 1405 241 1463 notum
257 1375 381 1488 copias
403 1403 597 1488 ,quorum
612 1371 815 1459 discordiae
838 1397 991 1485 propter
1006 1374 1244 1461 Lutheranos
1270 1380 1454 1467 tumultus
1482 1414 1555 1469 rna·

98 1493 198 1580 xime
227 1492 369 1579 fidebat
397 1491 542 1598 hortis,
575 1519 697 1604 eaque
710 1563 713 1570 ,
727 1487 916 1604 diligentia
947 1488 1101 1575 militem
1132 1517 1277 1579 vestrae
1300 1499 1421 1611 gentis
1445 1527 1556 1588 vete-

102 1639 240 1697 ranum
267 1639 313 1696 ex
332 1609 529 1715 insubria,
547 1634 768 1723 novamque
793 1605 972 1692 Italorum
1006 1637 1162 1694 manum
1190 1639 1236 1696 ex
1270 1613 1413 1728 reliqua
1438 1620 1556 1727 ltalia,

100 1727 268 1815 hostium
303 1726 474 1813 adventu
505 1723 710 1830 nuntiato,
741 1724 1004 1811 deducendam
1029 1726 1079 1811 ad
1105 1755 1144 1811 se
1169 1726 1207 1810 in
1232 1733 1468 1818 Pannoniam
1490 1766 1555 1823 cu·

101 1871 280 1952 ruerat,
297 1871 343 1932 ut
374 1872 490 1960 quem
512 1868 552 1930 et
572 1840 765 1928 infirmum
797 1866 837 1926 et
862 1841 1088 1956 imparatum
1118 1840 1353 1933 offensurum
1376 1879 1415 1935 se
1439 1856 1552 1940 credi·

100 1964 213 2050 'derat
236 1962 445 2049 Solimanus
462 2024 474 2068 ‚
491 1961 593 2046 hunc
618 1976 696 2046 tarn
726 1959 948 2045 instructum
979 1960 1190 2067 invenerit,
1206 1987 1251 2048 ut
1275 1964 1341 2051 sibi
1366 1969 1462 2055 vires
1478 1971 1555 2082 ejus

100 2098 184 2168 non
201 2109 280 2167 esse
306 2078 526 2166 tolerandas
544 2077 749 2195 intelligens
770 2139 783 2183 ,
800 2106 850 2164 ne
873 2078 1136 2192 experiendam
1162 2080 1315 2195 quidem
1330 2085 1472 2199 praelio
1489 2118 1553 2203 pe·

100 2197 359 2291 riculosissimo
387 2192 578 2285 fortunam
594 2195 849 2283 constituerit.
892 2200 982 2282 An.
1011 2197 1118 2288 Quid
1136 2196 1248 2313 igitur
1273 2205 1419 2287 nostri?
1450 2233 1553 2291 non·
1607 2283 1609 2286 ,

102 2344 152 2402 ne
177 2315 383 2436 fugientem
409 2312 557 2407 hostem
582 2316 856 2431 utsequuntur?
889 2317 991 2397 Dnr.
1008 2317 1104 2398 Non
1133 2315 1254 2402 visum
1282 2342 1337 2406 est
1367 2349 1552 2438 opportu-

102 2461 198 2520 num
218 2497 231 2541 ,
254 2464 343 2520 narn
370 2436 577 2522 multorum
593 2434 739 2520 dierum
772 2432 900 2515 itinere
931 2432 1094 2516 acastris
1123 2434 1256 2519 nostris
1286 2435 1445 2544 aberat,
1462 2468 1552 2528 curn
1671 2541 1675 2553 Ι

102 2548 233 2668 lugere
256 2553 430 2670 cognitus
451 2577 546 2657 est,
569 2580 686 2666 quem
720 2549 771 2634 ad
804 2547 1004 2634 munitiora
1032 2548 1139 2653 loca,
1156 2575 1194 2635 er
1226 2550 1326 2636 bello
1358 2557 1552 2644 extrahes

103 2668 160 2754 do
194 2670 309 2785 magis
341 2669 478 2757 idonea
509 2697 586 2754 sese
614 2668 773 2779 recipere
796 2665 1051 2779 putabamus3
1077 2690 1121 2751 ut
1144 2669 1324 2783 consequi
1349 2681 1452 2759 esset'
1467 2703 1550 2788 per.

103 2814 221 2902 quam
237 2784 382 2873 difficile
399 2817 412 2889 ·,
428 2814 467 2874 et
497 2785 663 2900 alioquin
696 2782 814 2868 nostri
843 2783 893 2868 ad
926 2782 1223 2897 propulsandum
1248 2784 1388 2872 bdlum
1404 2851 1417 2895 ‚
1434 2819 1552 2906 quam

103 2895 160 2988 ads
182 2907 330 2990 hostem
359 2929 461 2989 extra
486 2902 713 2989 Germaniae
728 2900 1024 3014 Pannoniaeque
1046 2899 1139 2986 fines
1166 2907 1467 3019 persequendum
1485 2940 1550 3023 pa·

103 3021 258 3106 rariores
285 3046 391 3106 erant
409 3020 647 3137 ‚praesertim
675 3017 798 3132 hieme
830 3017 1188 3132 appropinquante,
1212 3043 1250 3103 et
1274 3050 1356 3135 quo
1380 3020 1572 3114 futurum.

8 3181 12 3187 ⁴
103 3162 185 3223 erat
218 3138 316 3244 iter,
346 3140 486 3224 cunctis
509 3164 575 3253 per
604 3136 769 3221 hostium
795 3132 1017 3218 maleficium
1048 3159 1164 3250 atque
1191 3135 1360 3248 injuriam
1389 3138 1489 3229 ferro
1511 3170 1551 3233 et

102 3253 193 3371 igne
217 3256 443 3344 devastatis:
471 3281 513 3340 ut
538 3253 627 3340 nihil
651 3250 780 3365 reliqui
806 3247 998 3355 facerent,
1015 3253 1118 3338 unde
1142 3280 1375 3343 commeatus
1397 3285 1552 3373 possent

104 3374 390 3488 properantibus
414 3371 547 3459 nostris
571 3368 815 3484 suppeditari.
834 3374 894 3453 Te
911 3397 1028 3475 vero,
1043 3366 1200 3457 Alfonse
1216 3430 1231 3476 ,
1246 3398 1467 3461 veteranum
1484 3380 1546 3462 mi·

100 3487 204 3576 litem
221 3492 334 3578 etiarn
362 3520 476 3608 atque
500 3489 612 3577 etiam
630 3488 791 3573 demiror
809 3546 821 3590 ,
836 3515 937 3599 quae
961 3510 1039 3572 tom
1056 3516 1196 3605 magna
1206 3518 1330 3605 eausa
1343 3491 1549 3582 distinuerit

104 3603 147 3689 in
159 3607 260 3693 ltalia
277 3671 289 3715 ,
306 3634 350 3696 ut
374 3641 398 3693 a
421 3635 499 3697 tam
530 3606 733 3694 necessario
757 3605 997 3718 honestoque
1013 3603 1114 3691 bello
1129 3667 1142 3711 ,
1159 3605 1220 3691 cui
1235 3606 1395 3692 Carolus
1411 3613 1550 3698 Caesar

99 3719 182 3837 >ipse
212 3753 422 3839 praeesset,
442 3727 639 3814 sustineres
671 3726 824 3809 abesse:
856 3744 896 3806 te
923 3748 1090 3838 namque
1115 3748 1154 3811 et
1175 3719 1312 3809 fortem
1342 3725 1492 3832 virum,
1509 3753 1550 3816 et

97 3843 157 3928 ad
178 3872 334 3928 munera
348 3845 477 3929 bellica
501 3843 708 3948 obeunda,
726 3841 755 3943 si
771 3869 1004 3956 quemquam
1026 3841 1138 3926 alium
1153 3902 1165 3946 ,
1182 3865 1377 3955 promtum
1393 3868 1434 3930 et
1450 3845 1551 3962 impi-

103 3988 214 4074 grum
231 3960 395 4076 perspexi
414 3992 424 4046 τ
451 3991 533 4077 quo
555 3960 708 4046 nomine
732 3983 824 4044 tunc
850 3981 889 4042 te
911 3958 1029 4073 magis
1045 3987 1090 4044 ac
1106 3958 1223 4074 magis
1238 3960 1396 4071 puderet
1412 4023 1424 4067 ‚
1441 3962 1470 4046 si
1484 3965 1550 4050 sci·

99 4103 163 4159 tes
190 4107 236 4163 ex
261 4079 430 4193 Hispana
452 4077 646 4165 nobilitate
675 4101 781 4191 quot
805 4075 906 4163 viros
930 4071 1073 4181 fortes,
1101 4100 1140 4160 et
1168 4104 1284 4190 quarn
1314 4075 1550 4193 frequentem

98 4189 339 4303 juventutem
363 4189 464 4284 fama
485 4196 571 4281 belli
600 4194 709 4306 hujus
742 4192 916 4281 cxcivetit
933 4253 946 4297 ‚
962 4191 1029 4308 qui
1067 4220 1137 4277 nec
1164 4194 1289 4278 vocari
1304 4255 1317 4300 ,
1335 4224 1405 4280 nec
1428 4198 1548 4286 ullum

104 4311 310 4423 praemium
337 4337 482 4427 praeter
510 4310 676 4400 officium
702 4336 741 4398 et
764 4310 921 4426 gloriam
954 4309 1069 4394 secuti
1100 4337 1145 4393 ex
1175 4308 1316 4397 cunctis
1344 4314 1548 4429 Hispaniae
1561 4390 1709 4443 mmm„

101 4423 241 4512 finibus
265 4430 432 4514 certatim
457 4430 507 4515 ad
534 4431 714 4545 praelium
730 4490 743 4534 ,
758 4459 839 4542 quo
867 4455 985 4512 nemo
1011 4425 1233 4532 dubitabat,
1259 4430 1352 4546 quin
1368 4457 1462 4519 esset
1486 4434 1547 4521 de·
1560 4409 1740 4561 {moi}

100 4545 333 4630 cernendum
349 4607 362 4651 ,
378 4548 645 4633 accurrebant:
670 4576 835 4661 quorum
867 4543 1046 4658 principes
1074 4540 1177 4632 fuere
1201 4550 1418 4635 Fernandus
1433 4551 1546 4637 Tole·
1558 4523 1740 4681 pquigggzi}

101 4685 192 4766 rus,
221 4667 489 4752 etPranciscus
510 4665 724 4776 Sotomaior
750 4662 929 4765 smnio,
956 4660 1195 4749 Albanorum
1218 4644 1740 4796 Bejarensiumquephaenou-

1566 4761 1633 4798 trans
1656 4752 1737 4800 ultro·

99 4783 227 4867 Duces
250 4813 265 4865 ε·
287 4810 452 4898 quorum
484 4783 545 4868 ille
572 4807 748 4897 paternae
778 4778 924 4867 virtutis
959 4779 1126 4865 aemulus
1145 4781 1159 4892 (
1178 4804 1234 4866 est
1259 4808 1358 4866 enun
1372 4843 1385 4890 ,
1401 4813 1445 4869 ut
1462 4815 1540 4892 scrs,
1553 4820 1738 4919 ggpsqqufdcpeq

99 4898 255 4988 Garsiae
278 4901 405 4992 Toleti
429 4901 551 5011 filius,
578 4898 663 5024 ejus
683 4898 751 5020 qui
776 4892 958 4990 inAfrica
986 4897 1130 5014 impetu
1164 4893 1331 4987 hostium
1356 4903 1739 5040 apperitusthqnmm.

1458 5015 1539 5111 fo·
